{"gold_per_floor":[118,118,2,2,2,2,37,137,137,172,187,204,279,295,295,295],"floor_reached":16,"playtime":504,"items_purged":[],"score":229,"play_id":"df64f122-cff5-43ea-a5ef-5f6657be953b","local_time":"20191013193035","is_ascension_mode":true,"campfire_choices":[{"data":"Zap","floor":6,"key":"SMITH"},{"data":"Dualcast","floor":15,"key":"SMITH"}],"neow_cost":"NONE","seed_source_timestamp":317989359777600,"circlet_count":0,"master_deck":["Strike_B","Strike_B","Strike_B+1","Strike_B","Defend_B+1","Defend_B","Defend_B","Defend_B","Zap+1","Dualcast+1","Chaos+1","Good Instincts","Redo","BootSequence","Double Energy","FTL","Leap","Ball Lightning"],"relics":["Cracked Core","NeowsBlessing","Ancient Tea Set","FossilizedHelix","Orichalcum"],"potions_floor_usage":[16],"damage_taken":[{"damage":0,"enemies":"Small Slimes","floor":1,"turns":1},{"damage":0,"enemies":"3 Sentries","floor":7,"turns":1},{"damage":0,"enemies":"Lagavulin","floor":10,"turns":1},{"damage":0,"enemies":"2 Louse","floor":11,"turns":3},{"damage":0,"enemies":"Cultist","floor":12,"turns":3},{"damage":0,"enemies":"Blue Slaver","floor":14,"turns":3},{"damage":69,"enemies":"Hexaghost","floor":16,"turns":12}],"seed_played":"8998172773532251016","potions_obtained":[{"floor":10,"key":"Regen Potion"},{"floor":12,"key":"Dexterity Potion"},{"floor":14,"key":"Energy Potion"}],"is_trial":false,"path_per_floor":["M","?","$","?","?","R","E","?","T","E","M","M","?","M","R","B"],"character_chosen":"DEFECT","items_purchased":["Good Instincts","Redo"],"campfire_rested":0,"item_purchase_floors":[3,3],"current_hp_per_floor":[68,68,68,53,75,75,75,75,75,75,75,75,64,64,64,0],"gold":295,"neow_bonus":"THREE_ENEMY_KILL","is_prod":false,"is_daily":false,"chose_seed":false,"campfire_upgraded":2,"win_rate":0,"timestamp":1571013035,"path_taken":["M","?","$","?","?","R","E","?","T","E","M","?","?","M","R","BOSS"],"build_version":"2019-07-17","purchased_purges":0,"victory":false,"max_hp_per_floor":[75,75,75,75,75,75,75,75,75,75,75,75,75,75,75,75],"card_choices":[{"not_picked":["Gash","Barrage"],"picked":"Chaos","floor":1},{"not_picked":["Consume","Streamline"],"picked":"BootSequence","floor":7},{"not_picked":["Gash","Doom and Gloom"],"picked":"Double Energy","floor":10},{"not_picked":["Doom and Gloom","Force Field"],"picked":"FTL","floor":11},{"not_picked":["Gash","Barrage"],"picked":"Leap","floor":12},{"not_picked":["Seek","Storm"],"picked":"Ball Lightning","floor":14}],"player_experience":834846,"relics_obtained":[{"floor":7,"key":"Ancient Tea Set"},{"floor":9,"key":"FossilizedHelix"},{"floor":10,"key":"Orichalcum"}],"event_choices":[{"damage_healed":0,"gold_gain":0,"player_choice":"Grow","damage_taken":0,"max_hp_gain":0,"max_hp_loss":0,"event_name":"Living Wall","floor":2,"gold_loss":0,"cards_upgraded":["Chaos"]},{"damage_healed":0,"gold_gain":0,"player_choice":"Entered Light","damage_taken":15,"max_hp_gain":0,"max_hp_loss":0,"event_name":"Shining Light","floor":4,"gold_loss":0,"cards_upgraded":["Strike_B","Defend_B"]},{"damage_healed":25,"gold_gain":0,"player_choice":"Banana","damage_taken":0,"max_hp_gain":0,"max_hp_loss":0,"event_name":"Big Fish","floor":5,"gold_loss":0},{"damage_healed":0,"gold_gain":100,"player_choice":"Gold","damage_taken":0,"max_hp_gain":0,"max_hp_loss":0,"event_name":"Wheel of Change","floor":8,"gold_loss":0},{"damage_healed":0,"gold_gain":75,"player_choice":"Gather Gold","damage_taken":11,"max_hp_gain":0,"max_hp_loss":0,"event_name":"World of Goop","floor":13,"gold_loss":0}],"is_beta":false,"boss_relics":[],"items_purged_floors":[],"is_endless":false,"potions_floor_spawned":[10,12,14],"killed_by":"Hexaghost","ascension_level":9}