{"gold_per_floor":[113,133,58,75,91,91,105,105,105,120,155,173,173,187,187,286,286,304,318,228,128,145,145,158,158,181,207,230,242,274,211,223,338,350,377,389,401,413,441,453,465,477,489,501,523,548,195,215,215,215],"floor_reached":50,"playtime":2739,"items_purged":["Defend_R","Strike_R","Strike_R"],"score":495,"play_id":"ae9ccc92-650d-48d2-996e-5ad96e396ef2","local_time":"20181008010749","is_ascension_mode":true,"campfire_choices":[{"data":"Body Slam","floor":6,"key":"SMITH"},{"data":"Flex","floor":8,"key":"SMITH"},{"data":"Shrug It Off","floor":15,"key":"SMITH"},{"data":"Double Tap","floor":23,"key":"SMITH"},{"data":"Clash","floor":25,"key":"SMITH"},{"floor":32,"key":"REST"},{"data":"Madness","floor":40,"key":"SMITH"},{"data":"Madness","floor":42,"key":"SMITH"},{"floor":49,"key":"REST"}],"neow_cost":"NONE","seed_source_timestamp":1579594334039440,"circlet_count":0,"master_deck":["Defend_R","Bash","Flex+1","Clash+1","Body Slam+1","Twin Strike","Pommel Strike+1","Disarm","Shrug It Off+1","Double Tap+1","Carnage+1","Rage+1","Madness+1","Madness+1","Panacea","Uppercut+1"],"relics":["Burning Blood","Molten Egg 2","Juzu Bracelet","Lizard Tail","MawBank","Sozu","Matryoshka","Shuriken"],"potions_floor_usage":[18,28,50],"damage_taken":[{"damage":7,"enemies":"2 Louse","floor":1,"turns":3},{"damage":8,"enemies":"Jaw Worm","floor":2,"turns":4},{"damage":1,"enemies":"Cultist","floor":4,"turns":3},{"damage":36,"enemies":"Gremlin Gang","floor":5,"turns":4},{"damage":4,"enemies":"Large Slime","floor":7,"turns":5},{"damage":0,"enemies":"Blue Slaver","floor":10,"turns":1},{"damage":16,"enemies":"3 Sentries","floor":11,"turns":6},{"damage":0,"enemies":"2 Fungi Beasts","floor":12,"turns":2},{"damage":1,"enemies":"Looter","floor":14,"turns":2},{"damage":26,"enemies":"The Guardian","floor":16,"turns":10},{"damage":7,"enemies":"Chosen","floor":18,"turns":4},{"damage":1,"enemies":"3 Byrds","floor":19,"turns":6},{"damage":11,"enemies":"Snecko","floor":22,"turns":4},{"damage":24,"enemies":"Centurion and Healer","floor":24,"turns":5},{"damage":0,"enemies":"Sentry and Sphere","floor":27,"turns":3},{"damage":13,"enemies":"Shelled Parasite and Fungi","floor":28,"turns":2},{"damage":6,"enemies":"Colosseum Slavers","floor":29,"turns":3},{"damage":12,"enemies":"Snake Plant","floor":30,"turns":3},{"damage":72,"enemies":"Champ","floor":33,"turns":10},{"damage":5,"enemies":"3 Darklings","floor":35,"turns":4},{"damage":0,"enemies":"Orb Walker","floor":39,"turns":2},{"damage":16,"enemies":"3 Darklings","floor":45,"turns":3},{"damage":0,"enemies":"Transient","floor":46,"turns":5},{"damage":24,"enemies":"Reptomancer","floor":48,"turns":4},{"damage":119,"enemies":"Donu and Deca","floor":50,"turns":7}],"seed_played":"8381890268094953888","potions_obtained":[{"floor":2,"key":"SneckoOil"},{"floor":5,"key":"Ancient Potion"},{"floor":11,"key":"Energy Potion"},{"floor":19,"key":"AttackPotion"},{"floor":28,"key":"SteroidPotion"}],"is_trial":false,"path_per_floor":["M","M","$","M","M","R","M","R","T","M","E","M","?","M","R","B",null,"M","M","?","$","M","R","M","R","T","M","M","?","M","?","R","B",null,"M","?","?","?","M","R","?","R","T","?","M","M","$","M","R"],"character_chosen":"IRONCLAD","items_purchased":["Shuriken"],"campfire_rested":2,"item_purchase_floors":[47],"current_hp_per_floor":[79,77,77,80,50,50,52,52,52,58,48,54,54,59,59,39,80,79,80,80,80,75,75,57,57,57,63,56,56,50,50,74,8,80,80,80,70,70,76,76,76,76,76,76,66,72,72,54,78,0],"gold":215,"neow_bonus":"REMOVE_CARD","is_prod":false,"is_daily":false,"chose_seed":false,"campfire_upgraded":7,"win_rate":0,"timestamp":1538978869,"path_taken":["M","M","$","M","M","R","M","R","T","M","E","M","?","M","R","BOSS","M","M","?","$","M","R","M","R","T","M","M","?","M","?","R","BOSS","M","?","?","?","M","R","?","R","T","?","M","M","$","M","R","BOSS"],"build_version":"2018-10-04v2","purchased_purges":3,"victory":false,"max_hp_per_floor":[80,80,80,80,80,80,80,80,80,80,80,80,80,80,80,80,80,80,80,80,80,80,80,80,80,80,80,80,80,80,80,80,80,80,80,80,80,80,80,80,80,80,80,80,80,80,80,80,80,80],"card_choices":[{"not_picked":["Anger","True Grit"],"picked":"Flex","floor":1},{"not_picked":["Shrug It Off","Twin Strike"],"picked":"Clash","floor":2},{"not_picked":["Corruption","Disarm"],"picked":"Body Slam","floor":4},{"not_picked":["Shockwave","Bloodletting"],"picked":"Twin Strike","floor":5},{"not_picked":["Clash","Reaper","Body Slam"],"picked":"SKIP","floor":7},{"not_picked":["Shrug It Off","Flex"],"picked":"Pommel Strike+1","floor":10},{"not_picked":["Rupture","Second Wind"],"picked":"Disarm","floor":11},{"not_picked":["Clash+1","Shockwave"],"picked":"Shrug It Off","floor":12},{"not_picked":["Dropkick+1","Armaments","True Grit"],"picked":"SKIP","floor":14},{"not_picked":["Barricade","Impervious"],"picked":"Double Tap","floor":16},{"not_picked":["Evolve+1","Twin Strike+1","Warcry"],"picked":"SKIP","floor":18},{"not_picked":["Headbutt+1","Evolve"],"picked":"Carnage+1","floor":19},{"not_picked":["Anger+1","Perfected Strike+1","Feel No Pain+1"],"picked":"SKIP","floor":22},{"not_picked":["True Grit","Clothesline+1","Perfected Strike+1"],"picked":"SKIP","floor":24},{"not_picked":["Pommel Strike+1","Entrench+1"],"picked":"Rage+1","floor":27},{"not_picked":["Flex+1","Infernal Blade","Iron Wave+1"],"picked":"SKIP","floor":28},{"not_picked":["Brutality","Headbutt+1","Perfected Strike+1"],"picked":"SKIP","floor":30},{"not_picked":["Rage+1","Flex","Clothesline+1"],"picked":"SKIP","floor":35},{"not_picked":["Reckless Charge+1","Warcry","Heavy Blade+1"],"picked":"SKIP","floor":39},{"not_picked":["PanicButton","Forethought"],"picked":"Panacea","floor":44},{"not_picked":["Sever Soul+1","Ghostly Armor","Shockwave+1"],"picked":"SKIP","floor":45},{"not_picked":["Thunderclap+1","Twin Strike+1","Fire Breathing"],"picked":"SKIP","floor":46},{"not_picked":["Sword Boomerang+1","Rupture"],"picked":"Uppercut+1","floor":48}],"player_experience":409052,"relics_obtained":[{"floor":9,"key":"Molten Egg 2"},{"floor":11,"key":"Juzu Bracelet"},{"floor":26,"key":"MawBank"},{"floor":43,"key":"Matryoshka"}],"event_choices":[{"event_name":"Living Wall","player_choice":"Forget","floor":13,"damage_taken":0},{"event_name":"Designer","player_choice":"Full Service","floor":20,"damage_taken":0},{"event_name":"Colosseum","player_choice":"Fight","floor":29,"damage_taken":0},{"event_name":"Colosseum","player_choice":"Fled From Nobs","floor":29,"damage_taken":0},{"event_name":"Beggar","player_choice":"Gave Gold","floor":31,"damage_taken":0},{"event_name":"Tomb of Lord Red Mask","player_choice":"Ignored","floor":36,"damage_taken":0},{"event_name":"Winding Halls","player_choice":"Embrace Madness","floor":37,"damage_taken":0},{"event_name":"Falling","player_choice":"Removed Attack","floor":38,"damage_taken":0},{"event_name":"Mysterious Sphere","player_choice":"Ignore","floor":41,"damage_taken":0},{"event_name":"SensoryStone","player_choice":"Memory 1","floor":44,"damage_taken":0}],"is_beta":false,"boss_relics":[{"not_picked":["Tiny House","Coffee Dripper"],"picked":"Lizard Tail"},{"not_picked":["Mark of Pain","Empty Cage"],"picked":"Sozu"}],"items_purged_floors":[3,21,47],"is_endless":false,"potions_floor_spawned":[2,5,11,12,16,19,24,28,30,39,46,48],"killed_by":"Donu and Deca","ascension_level":2}