{"gold_per_floor":[118,293,105,105,105,105,139,151,203,213,243,254,254,279,291,404,416],"floor_reached":17,"playtime":8827,"items_purged":["Doubt"],"score":277,"play_id":"6a6814cf-9e73-41db-9eec-09842f2b0f8a","local_time":"20190119172918","is_ascension_mode":true,"campfire_choices":[{"data":"Storm of Steel","floor":6,"key":"SMITH"},{"floor":13,"key":"REST"},{"floor":15,"key":"REST"}],"neow_cost":"CURSE","seed_source_timestamp":49905485562085,"circlet_count":0,"master_deck":["Defend_G","Defend_G","Defend_G","Defend_G","Defend_G","Strike_G","Strike_G","Strike_G+1","Strike_G","Strike_G","Survivor+1","Neutralize","Injury","Storm of Steel+1","Dagger Spray","Footwork","Leg Sweep+1","Dagger Spray","Blade Dance","Cloak And Dagger","Backstab","Blade Dance"],"relics":["Ring of the Snake","Snake Skull","PreservedInsect","Smiling Mask","MawBank","Eternal Feather"],"potions_floor_usage":[],"damage_taken":[{"damage":0,"enemies":"2 Louse","floor":1,"turns":3},{"damage":23,"enemies":"3 Sentries","floor":7,"turns":11},{"damage":0,"enemies":"Small Slimes","floor":8,"turns":2},{"damage":2,"enemies":"Jaw Worm","floor":10,"turns":4},{"damage":11,"enemies":"Lagavulin","floor":11,"turns":7},{"damage":0,"enemies":"Large Slime","floor":12,"turns":4},{"damage":0,"enemies":"Gremlin Nob","floor":14,"turns":3},{"damage":66,"enemies":"Hexaghost","floor":16,"turns":19}],"seed_played":"8512843389384346960","potions_obtained":[{"floor":1,"key":"FairyPotion"},{"floor":10,"key":"Dexterity Potion"},{"floor":12,"key":"EssenceOfSteel"}],"is_trial":false,"path_per_floor":["M","?","$","?","?","R","E","M","T","M","E","M","R","E","R","B",null],"character_chosen":"THE_SILENT","items_purchased":["Footwork","Leg Sweep"],"campfire_rested":2,"item_purchase_floors":[3,3],"current_hp_per_floor":[63,63,63,63,49,49,26,26,26,24,13,13,34,34,55,2,53],"gold":416,"neow_bonus":"THREE_RARE_CARDS","is_prod":false,"is_daily":false,"chose_seed":false,"campfire_upgraded":1,"win_rate":0,"timestamp":1547940558,"path_taken":["M","?","$","?","?","R","E","M","T","?","E","M","R","E","R","BOSS"],"build_version":"2019-01-17v2","purchased_purges":1,"victory":false,"max_hp_per_floor":[70,70,70,70,70,70,70,70,70,70,70,70,70,70,70,70,70],"card_choices":[{"not_picked":["Tools of the Trade","Glass Knife"],"picked":"Storm of Steel","floor":0},{"not_picked":["Prepared","Dodge and Roll"],"picked":"Dagger Spray","floor":1},{"not_picked":["PiercingWail","Slice"],"picked":"Dagger Spray","floor":7},{"not_picked":["Finisher","Sucker Punch"],"picked":"Blade Dance","floor":8},{"not_picked":["Bane","Dodge and Roll"],"picked":"Cloak And Dagger","floor":10},{"not_picked":["Tactician","Endless Agony"],"picked":"Backstab","floor":11},{"not_picked":["Heel Hook","Outmaneuver"],"picked":"Blade Dance","floor":12},{"not_picked":["Underhanded Strike","Reflex","Glass Knife"],"picked":"SKIP","floor":14}],"player_experience":669253,"relics_obtained":[{"floor":7,"key":"Snake Skull"},{"floor":9,"key":"PreservedInsect"},{"floor":11,"key":"Smiling Mask"},{"floor":14,"key":"MawBank"}],"event_choices":[{"damage_healed":0,"gold_gain":175,"player_choice":"AGREE","damage_taken":0,"max_hp_gain":0,"max_hp_loss":0,"event_name":"Liars Game","floor":2,"gold_loss":0,"cards_obtained":["Doubt"]},{"damage_healed":0,"gold_gain":0,"player_choice":"Grow","damage_taken":0,"max_hp_gain":0,"max_hp_loss":0,"event_name":"Living Wall","floor":4,"gold_loss":0,"cards_upgraded":["Leg Sweep"]},{"damage_healed":0,"gold_gain":0,"player_choice":"Entered Light","damage_taken":14,"max_hp_gain":0,"max_hp_loss":0,"event_name":"Shining Light","floor":5,"gold_loss":0,"cards_upgraded":["Strike_G","Survivor"]}],"is_beta":false,"boss_relics":[{"not_picked":["Velvet Choker","Astrolabe"],"picked":"Eternal Feather"}],"items_purged_floors":[3],"is_endless":false,"potions_floor_spawned":[1,10,12],"ascension_level":8}