{"gold_per_floor":[113,113,113,34,53,86,86,105,105,105,122,122,139,152,152,255,255,268,367,367,387,387,387,422,422,422,422,457,457,457],"floor_reached":30,"playtime":2188,"items_purged":[],"score":364,"play_id":"92c59696-d55e-4ee1-a0d5-ceef30a53335","local_time":"20181209115214","is_ascension_mode":true,"campfire_choices":[{"data":"Buffer","floor":7.0,"key":"SMITH"},{"data":"Double Energy","floor":12.0,"key":"SMITH"},{"data":"Redo","floor":15.0,"key":"SMITH"},{"floor":23,"key":"REST"},{"floor":27,"key":"REST"}],"neow_cost":"NONE","seed_source_timestamp":0,"circlet_count":0,"master_deck":["Strike_B","Strike_B","Strike_B","Strike_B","Defend_B","Defend_B","Defend_B","Defend_B","Zap+1","Dualcast","Auto Shields","Sunder","Conserve Battery","Buffer+1","Double Energy+1","Redo+1","Creative AI","White Noise+1","Defragment+1","Cold Snap+1"],"special_seed":0,"relics":["FrozenCore","Orichalcum","Blue Candle","Shuriken","Pantograph","Ginger","Bird Faced Urn","Bottled Lightning"],"potions_floor_usage":[16,21,28],"damage_taken":[{"damage":0.0,"enemies":"Small Slimes","floor":1.0,"turns":2.0},{"damage":0.0,"enemies":"2 Louse","floor":5.0,"turns":1.0},{"damage":0.0,"enemies":"3 Sentries","floor":6.0,"turns":7.0},{"damage":0.0,"enemies":"Cultist","floor":8.0,"turns":3.0},{"damage":12.0,"enemies":"Large Slime","floor":11.0,"turns":6.0},{"damage":0.0,"enemies":"Exordium Wildlife","floor":13.0,"turns":3.0},{"damage":0.0,"enemies":"Looter","floor":14.0,"turns":3.0},{"damage":32,"enemies":"The Guardian","floor":16,"turns":13},{"damage":0,"enemies":"Spheric Guardian","floor":18,"turns":7},{"damage":14,"enemies":"3 Byrds","floor":21,"turns":8},{"damage":9,"enemies":"Colosseum Slavers","floor":22,"turns":8},{"damage":20,"enemies":"Book of Stabbing","floor":24,"turns":8},{"damage":61,"enemies":"Slavers","floor":28,"turns":6},{"damage":25,"enemies":"Book of Stabbing","floor":30,"turns":9}],"seed_played":"1661928956536230361","potions_obtained":[{"floor":1.0,"key":"Weak Potion"},{"floor":13.0,"key":"FocusPotion"},{"floor":16,"key":"FairyPotion"},{"floor":21,"key":"Fire Potion"},{"floor":24,"key":"FearPotion"}],"is_trial":false,"path_per_floor":["M","?","?","$","M","E","R","M","T","?","M","R","M","M","R","B",null,"M","?","?","M","?","R","E","T","T","R","E","?","E"],"character_chosen":"DEFECT","items_purchased":["Sunder"],"campfire_rested":2,"item_purchase_floors":[4],"current_hp_per_floor":[75,63,63,63,63,63,63,63,63,63,51,51,51,51,51,19,61,61,61,54,40,31,53,33,33,33,55,7,7,0],"gold":457,"neow_bonus":"RANDOM_COMMON_RELIC","is_prod":false,"is_daily":false,"chose_seed":false,"campfire_upgraded":3,"win_rate":0,"timestamp":1544377934,"path_taken":["M","?","?","$","M","E","R","M","T","?","M","R","M","M","R","BOSS","M","?","?","?","?","R","E","?","T","R","E","?","E"],"build_version":"2018-12-06","purchased_purges":0,"victory":false,"max_hp_per_floor":[75,75,75,75,75,75,75,75,75,75,75,75,75,75,75,75,75,75,75,75,75,75,75,75,75,75,75,75,75,75],"card_choices":[{"not_picked":["Hello World","Redo"],"picked":"Auto Shields","floor":1.0},{"not_picked":["Hologram","Turbo"],"picked":"Conserve Battery","floor":5.0},{"not_picked":["Leap","Undo"],"picked":"Buffer","floor":6.0},{"not_picked":["Static Discharge","Coolheaded","Consume"],"picked":"SKIP","floor":8.0},{"not_picked":["Hologram","Barrage"],"picked":"Double Energy","floor":11.0},{"not_picked":["White Noise","Reprogram"],"picked":"Redo","floor":13.0},{"not_picked":["Redo","Sweeping Beam","Cold Snap"],"picked":"SKIP","floor":14.0},{"not_picked":["Thunder Strike","All For One"],"picked":"Creative AI","floor":16},{"not_picked":["Rebound","Recycle"],"picked":"White Noise+1","floor":18},{"not_picked":["Sunder+1","Skim"],"picked":"Defragment+1","floor":21},{"not_picked":["Streamline","Reprogram+1","Skim"],"picked":"SKIP","floor":24},{"not_picked":["Static Discharge","Reprogram"],"picked":"Cold Snap+1","floor":28}],"player_experience":637986,"relics_obtained":[{"floor":6.0,"key":"Shuriken"},{"floor":24,"key":"Pantograph"},{"floor":25,"key":"Ginger"},{"floor":26,"key":"Bird Faced Urn"},{"floor":28,"key":"Bottled Lightning"}],"event_choices":[{"damage_healed":0.0,"max_hp_gain":0.0,"max_hp_loss":0.0,"gold_gain":0.0,"event_name":"Scrap Ooze","player_choice":"Success","floor":2.0,"gold_loss":0.0,"damage_taken":12.0,"relics_obtained":["Blue Candle"]},{"damage_healed":0.0,"max_hp_gain":0.0,"max_hp_loss":0.0,"gold_gain":0.0,"event_name":"Living Wall","player_choice":"Grow","floor":3.0,"gold_loss":0.0,"damage_taken":0.0,"cards_upgraded":["Zap"]},{"damage_healed":0.0,"max_hp_gain":0.0,"max_hp_loss":0.0,"gold_gain":0.0,"event_name":"Golden Idol","player_choice":"Ignored","floor":10.0,"gold_loss":0.0,"damage_taken":0.0},{"damage_healed":0,"gold_gain":99,"player_choice":"Stole From Cult","damage_taken":0,"max_hp_gain":0,"max_hp_loss":0,"event_name":"Nest","floor":19,"gold_loss":0},{"damage_healed":0,"gold_gain":0,"player_choice":"","damage_taken":7,"max_hp_gain":0,"max_hp_loss":0,"event_name":"Knowing Skull","floor":20,"potions_obtained":[],"gold_loss":0,"cards_obtained":[]},{"damage_healed":0,"gold_gain":0,"player_choice":"Fight","damage_taken":0,"max_hp_gain":0,"max_hp_loss":0,"event_name":"Colosseum","floor":22,"gold_loss":0},{"damage_healed":0,"gold_gain":0,"player_choice":"Fled From Nobs","damage_taken":0,"max_hp_gain":0,"max_hp_loss":0,"event_name":"Colosseum","floor":22,"gold_loss":0},{"damage_healed":0,"gold_gain":0,"player_choice":"Ignored","damage_taken":0,"max_hp_gain":0,"max_hp_loss":0,"event_name":"Vampires","floor":29,"gold_loss":0}],"is_beta":false,"boss_relics":[{"not_picked":["Philosopher\u0027s Stone","Velvet Choker"],"picked":"FrozenCore"}],"items_purged_floors":[],"is_endless":false,"potions_floor_spawned":[1,13,16,21,24],"killed_by":"Book of Stabbing","ascension_level":5}