{"gold_per_floor":[119,119,139,139,149,183,183,197,197,197,43,60,79,95,95,199,199,209,73,86,100,110,136,136,59,59,72,72,72,72,84,84,185,185,196,71,71,71,71,71,90,90,90,90,110,136,55,66,66,66],"floor_reached":51,"playtime":3051,"items_purged":["Strike_G","Strike_G","Expertise"],"score":674,"play_id":"dd114bfb-433e-47e8-b504-ba8ef3f0417a","local_time":"20180906000733","is_ascension_mode":false,"campfire_choices":[{"data":"Cloak And Dagger","floor":7,"key":"SMITH"},{"data":"Sucker Punch","floor":10,"key":"SMITH"},{"data":"Phantasmal Killer","floor":15,"key":"SMITH"},{"data":"Envenom","floor":24,"key":"SMITH"},{"data":"Infinite Blades","floor":30,"key":"SMITH"},{"data":"Backstab","floor":32,"key":"SMITH"},{"data":"Well Laid Plans","floor":40,"key":"SMITH"},{"data":"Footwork","floor":42,"key":"SMITH"},{"data":"Burst","floor":44,"key":"SMITH"},{"floor":49,"key":"REST"}],"neow_cost":"NONE","seed_source_timestamp":280003670912920,"circlet_count":0,"master_deck":["Defend_G","Defend_G","Defend_G","Defend_G","Defend_G","Strike_G","Strike_G","Survivor","Neutralize","Sucker Punch+1","Cloak And Dagger+1","Masterful Stab+1","Dagger Spray","Well Laid Plans+1","Phantasmal Killer+1","Backstab+1","Noxious Fumes","Burst+1","Bane+1","Infinite Blades+1","Backstab+1","Envenom+1","Accuracy+1","Footwork+1","Dash+1","Escape Plan","Panache","Slice+1","Flechettes","Accuracy+1"],"relics":["Ring of the Snake","Pen Nib","Bag of Marbles","WristBlade","Mummified Hand","Gremlin Horn","Bottled Tornado","MutagenicStrength","Runic Pyramid","Potion Belt","Letter Opener"],"potions_floor_usage":[6,23,33,50,50,50,50,50],"damage_taken":[{"damage":0,"enemies":"2 Louse","floor":1,"turns":3},{"damage":0,"enemies":"Small Slimes","floor":3,"turns":3},{"damage":0,"enemies":"Cultist","floor":5,"turns":3},{"damage":3,"enemies":"Gremlin Nob","floor":6,"turns":5},{"damage":2,"enemies":"Red Slaver","floor":8,"turns":5},{"damage":2,"enemies":"Exordium Thugs","floor":12,"turns":4},{"damage":0,"enemies":"Gremlin Gang","floor":13,"turns":1},{"damage":0,"enemies":"Red Slaver","floor":14,"turns":3},{"damage":10,"enemies":"The Guardian","floor":16,"turns":10},{"damage":0,"enemies":"3 Byrds","floor":18,"turns":4},{"damage":0,"enemies":"Chosen","floor":20,"turns":4},{"damage":0,"enemies":"Sentry and Sphere","floor":21,"turns":3},{"damage":0,"enemies":"Snake Plant","floor":22,"turns":1},{"damage":9,"enemies":"Book of Stabbing","floor":23,"turns":4},{"damage":0,"enemies":"Snecko","floor":27,"turns":2},{"damage":13,"enemies":"Shelled Parasite and Fungi","floor":31,"turns":2},{"damage":27,"enemies":"Automaton","floor":33,"turns":8},{"damage":15,"enemies":"3 Darklings","floor":35,"turns":4},{"damage":3,"enemies":"3 Shapes","floor":41,"turns":1},{"damage":0,"enemies":"Transient","floor":45,"turns":5},{"damage":13,"enemies":"Giant Head","floor":46,"turns":6},{"damage":0,"enemies":"Reptomancer","floor":48,"turns":3},{"damage":28,"enemies":"Donu and Deca","floor":50,"turns":7}],"seed_played":"1834074846188731161","potions_obtained":[{"floor":1,"key":"Regen Potion"},{"floor":3,"key":"Dexterity Potion"},{"floor":5,"key":"GhostInAJar"},{"floor":12,"key":"Poison Potion"},{"floor":27,"key":"Weak Potion"},{"floor":33,"key":"Energy Potion"},{"floor":45,"key":"Swift Potion"},{"floor":46,"key":"PowerPotion"}],"is_trial":false,"path_per_floor":["M","?","M","?","M","E","R","M","T","R","$","M","M","M","R","B",null,"M","$","M","M","M","E","R","$","T","M","T","?","R","M","R","B",null,"M","$","?","?","?","R","M","R","T","R","M","E","$","M","R","B"],"character_chosen":"THE_SILENT","items_purchased":["Well Laid Plans","Infinite Blades","Footwork","Flechettes"],"campfire_rested":1,"item_purchase_floors":[11,19,25,47],"current_hp_per_floor":[70,75,75,75,75,72,72,70,70,70,70,68,68,68,68,58,75,75,75,75,75,75,66,66,66,66,66,66,66,66,53,53,26,75,60,60,60,60,60,60,57,57,57,57,57,44,44,44,66,53],"gold":66,"neow_bonus":"TRANSFORM_CARD","is_prod":false,"is_daily":false,"chose_seed":false,"campfire_upgraded":9,"win_rate":0,"timestamp":1536210453,"path_taken":["M","?","M","?","?","E","R","M","T","R","?","M","?","?","R","BOSS","M","$","M","M","M","E","R","$","T","M","?","?","R","M","R","BOSS","M","$","?","?","?","R","M","R","T","R","?","E","$","M","R","BOSS"],"build_version":"2018-08-30","purchased_purges":3,"victory":true,"max_hp_per_floor":[70,75,75,75,75,75,75,75,75,75,75,75,75,75,75,75,75,75,75,75,75,75,75,75,75,75,75,75,75,75,75,75,75,75,75,75,75,75,75,75,75,75,75,75,75,75,75,75,75,75],"card_choices":[{"not_picked":["Outmaneuver","Setup"],"picked":"Cloak And Dagger","floor":1},{"not_picked":["Dagger Throw","Skewer"],"picked":"Masterful Stab","floor":3},{"not_picked":["Quick Slash","Dagger Throw","Endless Agony"],"picked":"SKIP","floor":5},{"not_picked":["Eviscerate","Cloak And Dagger"],"picked":"Deflect","floor":6},{"not_picked":["Outmaneuver","Flechettes"],"picked":"Dagger Spray","floor":8},{"not_picked":["Blade Dance","Slice"],"picked":"Phantasmal Killer","floor":12},{"not_picked":["Expertise","Reflex"],"picked":"Backstab","floor":13},{"not_picked":["Calculated Gamble","Dagger Spray"],"picked":"Noxious Fumes","floor":14},{"not_picked":["Storm of Steel","Grand Finale"],"picked":"Burst","floor":16},{"not_picked":["Flying Knee","Deflect"],"picked":"Bane+1","floor":18},{"not_picked":["Quick Slash","Slice"],"picked":"Backstab+1","floor":20},{"not_picked":["Slice","Dagger Spray+1"],"picked":"Expertise","floor":21},{"not_picked":["Dagger Spray+1","PiercingWail"],"picked":"Envenom","floor":22},{"not_picked":["Slice","Backflip"],"picked":"Accuracy+1","floor":23},{"not_picked":["Deadly Poison","Predator+1"],"picked":"Dash+1","floor":27},{"not_picked":["Deflect","Poisoned Stab+1"],"picked":"Escape Plan","floor":31},{"not_picked":["Dodge and Roll","Underhanded Strike","Choke"],"picked":"SKIP","floor":35},{"not_picked":["Deep Breath","Enlightenment"],"picked":"Panache","floor":39},{"not_picked":["Dodge and Roll","Acrobatics+1","Bane+1"],"picked":"SKIP","floor":41},{"not_picked":["All Out Attack+1","Masterful Stab+1","Leg Sweep"],"picked":"SKIP","floor":45},{"not_picked":["Quick Slash","Setup"],"picked":"Slice+1","floor":46},{"not_picked":["Cloak And Dagger+1","Dagger Spray+1"],"picked":"Accuracy+1","floor":48}],"player_experience":301705,"relics_obtained":[{"floor":6,"key":"Pen Nib"},{"floor":9,"key":"Bag of Marbles"},{"floor":23,"key":"Mummified Hand"},{"floor":26,"key":"Gremlin Horn"},{"floor":28,"key":"Bottled Tornado"},{"floor":43,"key":"Potion Belt"},{"floor":46,"key":"Letter Opener"}],"event_choices":[{"event_name":"Big Fish","player_choice":"Donut","floor":2,"damage_taken":0},{"event_name":"Liars Game","player_choice":"disagreed","floor":4,"damage_taken":0},{"event_name":"Drug Dealer","player_choice":"Inject Mutagens","floor":29,"damage_taken":0},{"event_name":"Falling","player_choice":"Removed Skill","floor":37,"damage_taken":0},{"event_name":"Upgrade Shrine","player_choice":"Upgraded","floor":38,"damage_taken":0},{"event_name":"SensoryStone","player_choice":"Memory 1","floor":39,"damage_taken":0}],"is_beta":false,"boss_relics":[{"not_picked":["Philosopher\u0027s Stone","Coffee Dripper"],"picked":"WristBlade"},{"not_picked":["Calling Bell","White Beast Statue"],"picked":"Runic Pyramid"}],"items_purged_floors":[11,19,36],"is_endless":false,"potions_floor_spawned":[1,3,5,12,20,22,27,31,33,45,46],"ascension_level":0}