{"gold_per_floor":[112,127,52,52,123,123,151,151,203,219,233,248,248,264,264,368,368,383,383],"floor_reached":19,"playtime":1141,"items_purged":["Strike_B"],"score":228,"play_id":"1edbdb57-e581-43da-8d3a-ae615327ef9e","local_time":"20190226211136","is_ascension_mode":true,"campfire_choices":[{"floor":6,"key":"REST"},{"data":"Cold Snap","floor":8,"key":"SMITH"},{"floor":13,"key":"REST"},{"floor":15,"key":"REST"}],"neow_cost":"NONE","seed_source_timestamp":357775967032111,"circlet_count":0,"master_deck":["Strike_B","Strike_B","Strike_B","Defend_B+1","Defend_B","Defend_B","Defend_B","Zap","Dualcast+1","Multi-Cast","Sweeping Beam","Cold Snap+1","Ball Lightning","Streamline","Leap","Biased Cognition"],"relics":["Cracked Core","Ornamental Fan","Pantograph","Bag of Preparation","Inserter"],"potions_floor_usage":[18],"damage_taken":[{"damage":1,"enemies":"Cultist","floor":1,"turns":3},{"damage":7,"enemies":"Jaw Worm","floor":2,"turns":3},{"damage":23,"enemies":"3 Sentries","floor":7,"turns":8},{"damage":2,"enemies":"Small Slimes","floor":10,"turns":2},{"damage":0,"enemies":"Red Slaver","floor":11,"turns":2},{"damage":24,"enemies":"Exordium Thugs","floor":12,"turns":3},{"damage":1,"enemies":"Looter","floor":14,"turns":2},{"damage":8,"enemies":"Slime Boss","floor":16,"turns":10},{"damage":6,"enemies":"2 Thieves","floor":18,"turns":3},{"damage":42,"enemies":"Shell Parasite","floor":19,"turns":8}],"seed_played":"5181607159921071149","potions_obtained":[{"floor":7,"key":"LiquidBronze"},{"floor":11,"key":"PowerPotion"},{"floor":14,"key":"Strength Potion"},{"floor":16,"key":"AttackPotion"}],"is_trial":false,"path_per_floor":["M","M","$","?","T","R","E","R","T","M","M","M","R","M","R","B",null,"M","M"],"character_chosen":"DEFECT","items_purchased":[],"campfire_rested":3,"item_purchase_floors":[],"current_hp_per_floor":[67,60,60,45,45,67,44,44,44,42,42,18,40,39,61,67,73,67,25],"gold":383,"neow_bonus":"ONE_RANDOM_RARE_CARD","is_prod":false,"is_daily":false,"chose_seed":false,"campfire_upgraded":1,"win_rate":0,"timestamp":1551237096,"path_taken":["M","M","$","?","?","R","E","R","T","M","M","M","R","M","R","BOSS","M","M"],"build_version":"2019-01-23","purchased_purges":1,"victory":false,"max_hp_per_floor":[75,75,75,75,75,75,75,75,75,75,75,75,75,75,75,75,75,75,75],"card_choices":[{"not_picked":["Coolheaded","Genetic Algorithm"],"picked":"Sweeping Beam","floor":1},{"not_picked":["Redo","Go for the Eyes"],"picked":"Cold Snap","floor":2},{"not_picked":["Lockon","Turbo"],"picked":"Ball Lightning","floor":7},{"not_picked":["Reprogram","Barrage"],"picked":"Streamline","floor":10},{"not_picked":["Beam Cell","Stack","Hello World"],"picked":"SKIP","floor":11},{"not_picked":["Doom and Gloom","Rebound"],"picked":"Leap","floor":12},{"not_picked":["Barrage","Rebound","Darkness"],"picked":"SKIP","floor":14},{"not_picked":["Reboot","Core Surge"],"picked":"Biased Cognition","floor":16},{"not_picked":["Aggregate","Sweeping Beam","Steam"],"picked":"SKIP","floor":18}],"player_experience":733164,"relics_obtained":[{"floor":5,"key":"Ornamental Fan"},{"floor":7,"key":"Pantograph"},{"floor":9,"key":"Bag of Preparation"}],"event_choices":[{"damage_healed":0,"gold_gain":0,"player_choice":"Entered Light","damage_taken":15,"max_hp_gain":0,"max_hp_loss":0,"event_name":"Shining Light","floor":4,"gold_loss":0,"cards_upgraded":["Defend_B","Dualcast"]}],"is_beta":false,"boss_relics":[{"not_picked":["Astrolabe","FrozenCore"],"picked":"Inserter"}],"items_purged_floors":[3],"is_endless":false,"potions_floor_spawned":[7,11,14,16],"killed_by":"Shell Parasite","ascension_level":7}