{"gold_per_floor":[115,1,20,34,34,34,61,61,61,61,71,91,119,152,152,152],"floor_reached":16,"playtime":1042,"items_purged":["Injury"],"score":171,"play_id":"39111b04-b458-4e74-a536-7110b134605f","local_time":"20191023231938","is_ascension_mode":true,"campfire_choices":[{"data":"Sword Boomerang","floor":6,"key":"SMITH"},{"data":"Immolate","floor":8,"key":"SMITH"},{"data":"Bash","floor":10,"key":"SMITH"},{"data":"Infernal Blade","floor":15,"key":"SMITH"}],"neow_cost":"CURSE","seed_source_timestamp":789191219747800,"circlet_count":0,"master_deck":["AscendersBane","Strike_R","Strike_R","Strike_R","Strike_R","Strike_R","Defend_R","Defend_R","Defend_R","Defend_R","Bash+1","Shrug It Off","Sentinel","Flame Barrier+1","Sword Boomerang+1","Immolate+1","Pommel Strike","Infernal Blade+1","Infernal Blade"],"relics":["Burning Blood","Unceasing Top","Regal Pillow","Sundial","Odd Mushroom","Paper Frog"],"potions_floor_usage":[7,14,16],"damage_taken":[{"damage":7,"enemies":"Jaw Worm","floor":1,"turns":3},{"damage":15,"enemies":"Cultist","floor":3,"turns":6},{"damage":0,"enemies":"2 Louse","floor":4,"turns":2},{"damage":39,"enemies":"Lagavulin","floor":7,"turns":8},{"damage":7,"enemies":"Exordium Thugs","floor":11,"turns":4},{"damage":0,"enemies":"Lots of Slimes","floor":12,"turns":1},{"damage":0,"enemies":"The Mushroom Lair","floor":13,"turns":1},{"damage":20,"enemies":"3 Sentries","floor":14,"turns":3},{"damage":72,"enemies":"The Guardian","floor":16,"turns":10}],"seed_played":"-1853505731775470947","potions_obtained":[{"floor":1,"key":"Poison Potion"},{"floor":3,"key":"Regen Potion"},{"floor":12,"key":"AttackPotion"}],"is_trial":false,"path_per_floor":["M","$","M","M","?","R","E","R","T","R","M","M","?","E","R","B"],"character_chosen":"IRONCLAD","items_purchased":["Sentinel"],"campfire_rested":0,"item_purchase_floors":[2],"current_hp_per_floor":[71,71,62,68,68,68,35,35,35,35,34,40,46,32,32,0],"gold":152,"neow_bonus":"ONE_RARE_RELIC","is_prod":false,"is_daily":false,"chose_seed":false,"campfire_upgraded":4,"win_rate":0,"timestamp":1571890778,"path_taken":["M","$","M","M","?","R","E","R","T","R","M","?","?","E","R","BOSS"],"build_version":"2019-07-17","purchased_purges":1,"victory":false,"max_hp_per_floor":[80,80,80,80,80,80,80,80,80,80,80,80,80,80,80,80],"card_choices":[{"not_picked":["Warcry","Heavy Blade"],"picked":"Shrug It Off","floor":1},{"not_picked":["Sword Boomerang","Combust"],"picked":"Flame Barrier","floor":3},{"not_picked":["Metallicize","Headbutt"],"picked":"Sword Boomerang","floor":4},{"not_picked":["Flex","Armaments"],"picked":"Immolate","floor":7},{"not_picked":["Immolate","Armaments"],"picked":"Pommel Strike","floor":11},{"not_picked":["Body Slam","Sever Soul","Sword Boomerang"],"picked":"SKIP","floor":12},{"not_picked":["Iron Wave","Warcry"],"picked":"Infernal Blade","floor":13},{"not_picked":["Pommel Strike","Iron Wave"],"picked":"Infernal Blade","floor":14}],"player_experience":927185,"relics_obtained":[{"floor":7,"key":"Regal Pillow"},{"floor":9,"key":"Sundial"},{"floor":13,"key":"Odd Mushroom"},{"floor":14,"key":"Paper Frog"}],"event_choices":[{"damage_healed":0,"gold_gain":0,"player_choice":"Upgraded","damage_taken":0,"max_hp_gain":0,"max_hp_loss":0,"event_name":"Upgrade Shrine","floor":5,"gold_loss":0,"cards_upgraded":["Flame Barrier"]},{"damage_healed":0,"gold_gain":0,"player_choice":"Fought Mushrooms","damage_taken":0,"max_hp_gain":0,"max_hp_loss":0,"event_name":"Mushrooms","floor":13,"gold_loss":0}],"is_beta":false,"boss_relics":[],"items_purged_floors":[2],"is_endless":false,"potions_floor_spawned":[1,3,4,12,13],"killed_by":"The Guardian","ascension_level":11}