{"path_per_floor":["M","?","M","$","M","R","?","M","T","?","M","R","M","M","R","B",null,"M","?","$","M","M","R"],"character_chosen":"THE_SILENT","items_purchased":["Accuracy","Well Laid Plans","Lantern"],"gold_per_floor":[119,119,132,58,77,77,152,165,165,265,279,279,303,273,273,403,403,394,394,122,132,143,143],"floor_reached":24,"campfire_rested":1,"playtime":2127,"current_hp_per_floor":[67,65,65,65,65,65,54,48,48,48,47,47,47,46,65,36,65,50,50,50,55,47,47],"items_purged":["Strike_G"],"gold":143,"score":188,"play_id":"bdf46ee8-43db-4a10-b450-11450c6893b4","local_time":"20180309155325","is_prod":false,"is_daily":false,"is_ascension_mode":false,"campfire_upgraded":3,"timestamp":1520632405,"path_taken":["M","?","M","$","M","R","?","?","T","?","M","R","M","M","R","BOSS","M","?","$","M","M","R","E"],"build_version":"2018-03-01-PROD1","purchased_purges":1,"victory":false,"master_deck":["Defend_G","Defend_G","Defend_G","Defend_G","Defend_G","Strike_G","Strike_G","Strike_G","Strike_G","Survivor+1","Neutralize","Cloak And Dagger","Accuracy+1","Backflip","Footwork+1","Deadly Poison","Infinite Blades+1","Noxious Fumes","Cloak And Dagger","Noxious Fumes+1","Well Laid Plans","Bane+1","Cloak And Dagger"],"max_hp_per_floor":[70,65,65,65,65,65,65,65,65,65,65,65,65,65,65,65,65,65,65,65,65,65,65],"relics":["Ring of the Snake","Bloody Idol","Ginger","Orrery","Lantern"],"card_choices":[{"not_picked":["Quick Slash","Outmaneuver"],"picked":"Cloak And Dagger"},{"not_picked":["Bane","Prepared"],"picked":"Backflip"},{"not_picked":["Flying Knee","Accuracy"],"picked":"Footwork"},{"not_picked":["Dagger Throw","Acrobatics"],"picked":"Deadly Poison"},{"not_picked":["Escape Plan","Outmaneuver"],"picked":"Infinite Blades"},{"not_picked":["Prepared","Dagger Spray"],"picked":"Noxious Fumes"},{"not_picked":["Deflect","Dagger Throw"],"picked":"Cloak And Dagger"},{"not_picked":["Slice","Cloak And Dagger"],"picked":"Noxious Fumes"},{"not_picked":["Sucker Punch","Terror"],"picked":"Bane"},{"not_picked":["Outmaneuver","Sucker Punch"],"picked":"Cloak And Dagger"}],"player_experience":106510,"potions_floor_usage":[13,16,21],"damage_taken":[{"damage":3,"enemies":"Jaw Worm","floor":1,"turns":6},{"damage":0,"enemies":"2 Louse","floor":3,"turns":2},{"damage":0,"enemies":"Small Slimes","floor":5,"turns":3},{"damage":6,"enemies":"Blue Slaver","floor":8,"turns":5},{"damage":1,"enemies":"Gremlin Gang","floor":11,"turns":8},{"damage":0,"enemies":"Exordium Wildlife","floor":13,"turns":8},{"damage":1,"enemies":"Looter","floor":14,"turns":4},{"damage":29,"enemies":"The Guardian","floor":16,"turns":19},{"damage":15,"enemies":"2 Thieves","floor":18,"turns":4},{"damage":12,"enemies":"Chosen","floor":21,"turns":7},{"damage":13,"enemies":"Centurion and Healer","floor":22,"turns":7},{"damage":53,"enemies":"Slavers","floor":24,"turns":3}],"event_choices":[{"event_name":"Golden Idol","player_choice":"Lose Max HP","floor":2,"damage_taken":0},{"event_name":"World of Goop","player_choice":"Gather Gold","floor":7,"damage_taken":0},{"event_name":"Golden Shrine","player_choice":"Pray","floor":10,"damage_taken":0},{"event_name":"Forgotten Altar","player_choice":"Gave Idol","floor":19,"damage_taken":0}],"boss_relics":[{"not_picked":["Runic Pyramid","Pandora\u0027s Box"],"picked":"Orrery"}],"potions_floor_spawned":[5,11,13,21],"seed_played":"-3720060702851411444","killed_by":"Slavers","ascension_level":0,"is_trial":false}