{"gold_per_floor":[110,124,274,274,28,54,54,69,117,146,146,189,204,229,229,307,307,334,358,408,417,56,56,26,47,119,128,162,185,197,14,14,100,100,124,143,37,63,82,82,27,36,118,145,173,182,182,40,40,40,40],"floor_reached":51,"playtime":3463,"items_purged":["Strike_R","Strike_R","Strike_R"],"score":1474,"play_id":"289cf7da-043c-481a-8d50-a7a4b39a800c","local_time":"20191031235221","is_ascension_mode":true,"campfire_choices":[{"floor":7.0,"key":"REST"},{"data":"Bludgeon","floor":15.0,"key":"SMITH"},{"data":"Limit Break","floor":23.0,"key":"SMITH"},{"floor":27.0,"key":"REST"},{"floor":32.0,"key":"REST"},{"data":"Armaments","floor":40.0,"key":"SMITH"},{"floor":42.0,"key":"REST"},{"floor":49.0,"key":"REST"}],"neow_cost":"NONE","seed_source_timestamp":17002827659800,"circlet_count":0,"master_deck":["AscendersBane","Strike_R","Strike_R","Defend_R","Defend_R","Defend_R","Defend_R","Bash","Headbutt","Anger","Bludgeon+1","Feel No Pain","Cleave","Limit Break+1","Warcry","Armaments+1","Headbutt","J.A.X.","Shockwave","Shrug It Off","Battle Trance","Seeing Red","Flame Barrier+1","Demon Form","Sword Boomerang","Spot Weakness+1","Double Tap+1","Disarm+1","Warcry+1","Seeing Red+1","Sword Boomerang+1","Sever Soul+1","Pummel","Apotheosis+1","True Grit+1"],"special_seed":0,"relics":["Burning Blood","Regal Pillow","Red Skull","PreservedInsect","Dream Catcher","Pocketwatch","CeramicFish","Runic Dome","Frozen Eye","Toxic Egg 2","Unceasing Top","Mark of Pain","Singing Bowl"],"potions_floor_usage":[50],"damage_taken":[{"damage":9.0,"enemies":"Jaw Worm","floor":1.0,"turns":4.0},{"damage":10.0,"enemies":"2 Louse","floor":2.0,"turns":3.0},{"damage":20.0,"enemies":"3 Sentries","floor":6.0,"turns":6.0},{"damage":1.0,"enemies":"Cultist","floor":8.0,"turns":3.0},{"damage":0.0,"enemies":"Lagavulin","floor":10.0,"turns":2.0},{"damage":0.0,"enemies":"Gremlin Nob","floor":12.0,"turns":2.0},{"damage":11.0,"enemies":"Looter","floor":13.0,"turns":2.0},{"damage":26.0,"enemies":"Large Slime","floor":14.0,"turns":4.0},{"damage":67.0,"enemies":"The Guardian","floor":16.0,"turns":10.0},{"damage":37.0,"enemies":"Shell Parasite","floor":18.0,"turns":5.0},{"damage":10.0,"enemies":"3 Byrds","floor":19.0,"turns":2.0},{"damage":17.0,"enemies":"Snake Plant","floor":25.0,"turns":2.0},{"damage":16.0,"enemies":"Slavers","floor":28.0,"turns":4.0},{"damage":21.0,"enemies":"Shelled Parasite and Fungi","floor":29.0,"turns":4.0},{"damage":11.0,"enemies":"Cultist and Chosen","floor":30.0,"turns":4.0},{"damage":27.0,"enemies":"Collector","floor":33.0,"turns":5.0},{"damage":47.0,"enemies":"3 Darklings","floor":35.0,"turns":5.0},{"damage":6.0,"enemies":"3 Shapes","floor":36.0,"turns":6.0},{"damage":50.0,"enemies":"Maw","floor":38.0,"turns":7.0},{"damage":6.0,"enemies":"4 Shapes","floor":39.0,"turns":7.0},{"damage":28.0,"enemies":"Sphere and 2 Shapes","floor":44.0,"turns":4.0},{"damage":25.0,"enemies":"3 Darklings","floor":45.0,"turns":3.0},{"damage":68,"enemies":"Donu and Deca","floor":50,"turns":7},{"damage":14,"enemies":"Awakened One","floor":51,"turns":2}],"seed_played":"7217940791283167659","potions_obtained":[{"floor":1.0,"key":"Energy Potion"},{"floor":8.0,"key":"LiquidMemories"},{"floor":12.0,"key":"LiquidBronze"},{"floor":13.0,"key":"FairyPotion"},{"floor":18.0,"key":"GamblersBrew"},{"floor":19.0,"key":"SneckoOil"},{"floor":25.0,"key":"Weak Potion"},{"floor":35.0,"key":"BloodPotion"},{"floor":36.0,"key":"BloodPotion"},{"floor":39.0,"key":"GamblersBrew"}],"is_trial":false,"path_per_floor":["M","M","?","?","$","E","R","M","T","E","?","E","M","M","R","B",null,"M","M","?","?","$","R","$","M","T","R","E","M","M","$","R","B",null,"M","M","$","M","M","R","$","R","T","M","M","?","?","$","R","B","B"],"character_chosen":"IRONCLAD","items_purchased":["Red Skull","Bludgeon","Shockwave","Shrug It Off","Frozen Eye","Battle Trance","Spot Weakness+1","SteroidPotion","BloodPotion","Warcry+1","BlessingOfTheForge","True Grit+1"],"campfire_rested":5,"item_purchase_floors":[5,5,22,22,22,24,31,31,37,37,41,48],"current_hp_per_floor":[72,68,68,33,33,19,58,63,63,69,69,75,70,50,50,19,66,35,31,31,31,31,31,31,20,20,59,49,34,29,29,68,47,73,32,32,48,36,36,36,36,75,75,53,34,34,34,34,75,13,0],"gold":40,"neow_bonus":"TEN_PERCENT_HP_BONUS","is_prod":false,"is_daily":false,"chose_seed":false,"campfire_upgraded":3,"win_rate":0,"timestamp":1572580341,"path_taken":["M","M","?","?","$","E","R","M","T","E","?","E","M","M","R","BOSS","M","?","?","?","$","R","?","M","T","R","E","M","?","$","R","BOSS","M","?","$","M","M","R","$","R","T","M","M","?","?","$","R","BOSS","BOSS"],"build_version":"2019-10-31","purchased_purges":3,"victory":false,"max_hp_per_floor":[82,82,82,82,82,82,82,82,82,82,82,82,82,82,82,82,82,82,82,82,82,82,82,82,82,82,82,82,82,82,82,82,82,82,82,82,82,82,82,82,82,82,82,82,82,82,82,82,84,84,84],"card_choices":[{"not_picked":["Rage","Havoc"],"picked":"Headbutt","floor":1.0},{"not_picked":["Shrug It Off","Havoc"],"picked":"Anger","floor":2.0},{"not_picked":["Rupture","Twin Strike"],"picked":"Feel No Pain","floor":6.0},{"not_picked":["Sword Boomerang","Flex","Rampage"],"picked":"SKIP","floor":8.0},{"not_picked":["Pummel","Warcry"],"picked":"Cleave","floor":10.0},{"not_picked":["Cleave","Headbutt"],"picked":"Limit Break","floor":12.0},{"not_picked":["Pommel Strike","Body Slam","Burning Pact"],"picked":"SKIP","floor":13.0},{"not_picked":["Searing Blow","Infernal Blade"],"picked":"Warcry","floor":14.0},{"not_picked":["Cleave","Whirlwind"],"picked":"Armaments","floor":18.0},{"not_picked":["Pommel Strike","Dropkick"],"picked":"Headbutt","floor":19.0},{"not_picked":["Heavy Blade","Thunderclap"],"picked":"Seeing Red","floor":25.0},{"not_picked":["Iron Wave","Dual Wield+1"],"picked":"Flame Barrier+1","floor":27.0},{"not_picked":["Dropkick","Wild Strike"],"picked":"Demon Form","floor":28.0},{"not_picked":["Battle Trance+1","Dark Embrace"],"picked":"Sword Boomerang","floor":29.0},{"not_picked":["Wild Strike+1","Bludgeon","Searing Blow+1"],"picked":"SKIP","floor":30.0},{"not_picked":["Wild Strike+1","Bludgeon","Searing Blow+1"],"picked":"SKIP","floor":30.0},{"not_picked":["Impervious+1","Exhume+1"],"picked":"Double Tap+1","floor":33.0},{"not_picked":["Thunderclap","Pummel"],"picked":"Disarm+1","floor":35.0},{"not_picked":["Wild Strike+1","Uppercut","Rage+1"],"picked":"SKIP","floor":36.0},{"not_picked":["Battle Trance+1","Sword Boomerang+1"],"picked":"Seeing Red+1","floor":38.0},{"not_picked":["Clothesline","Sword Boomerang","Iron Wave"],"picked":"SKIP","floor":39.0},{"not_picked":["Dark Embrace","Iron Wave"],"picked":"Sword Boomerang+1","floor":42.0},{"not_picked":["Thunderclap","Heavy Blade"],"picked":"Sever Soul+1","floor":44.0},{"not_picked":["Rage+1","Twin Strike"],"picked":"Pummel","floor":45.0},{"not_picked":["Enlightenment+1","Violence+1"],"picked":"Apotheosis+1","floor":46.0},{"not_picked":["Anger","Body Slam","Cleave"],"picked":"Singing Bowl","floor":49.0}],"player_experience":948485,"relics_obtained":[{"floor":6.0,"key":"PreservedInsect"},{"floor":9.0,"key":"Dream Catcher"},{"floor":10.0,"key":"Pocketwatch"},{"floor":12.0,"key":"CeramicFish"},{"floor":26.0,"key":"Toxic Egg 2"},{"floor":28.0,"key":"Unceasing Top"},{"floor":43.0,"key":"Singing Bowl"}],"event_choices":[{"damage_healed":0.0,"max_hp_gain":0.0,"max_hp_loss":0.0,"gold_gain":150.0,"event_name":"Liars Game","player_choice":"AGREE","floor":3.0,"gold_loss":0.0,"damage_taken":0.0,"cards_obtained":["Doubt"]},{"damage_healed":0.0,"max_hp_gain":0.0,"max_hp_loss":0.0,"gold_gain":0.0,"event_name":"Scrap Ooze","player_choice":"Success","floor":4.0,"gold_loss":0.0,"damage_taken":35.0,"relics_obtained":["Regal Pillow"]},{"cards_removed":["Doubt"],"damage_healed":0.0,"max_hp_gain":0.0,"max_hp_loss":0.0,"gold_gain":0.0,"event_name":"Purifier","player_choice":"Purged","floor":11.0,"gold_loss":0.0,"damage_taken":0.0},{"damage_healed":0.0,"max_hp_gain":0.0,"max_hp_loss":0.0,"gold_gain":50.0,"event_name":"Nest","player_choice":"Stole From Cult","floor":20.0,"gold_loss":0.0,"damage_taken":0.0},{"damage_healed":0.0,"max_hp_gain":0.0,"max_hp_loss":0.0,"gold_gain":0.0,"event_name":"Drug Dealer","player_choice":"Obtain J.A.X.","floor":21.0,"gold_loss":0.0,"damage_taken":0.0,"cards_obtained":["J.A.X."]},{"damage_healed":0.0,"max_hp_gain":0.0,"max_hp_loss":0.0,"gold_gain":0.0,"event_name":"SensoryStone","player_choice":"Memory 1","floor":46.0,"gold_loss":0.0,"damage_taken":0.0},{"damage_healed":0.0,"max_hp_gain":0.0,"max_hp_loss":0.0,"gold_gain":0.0,"event_name":"The Moai Head","player_choice":"Ignored","floor":47.0,"gold_loss":0.0,"damage_taken":0.0}],"is_beta":true,"boss_relics":[{"not_picked":["Ectoplasm","Velvet Choker"],"picked":"Runic Dome"},{"not_picked":["Runic Cube","Runic Pyramid"],"picked":"Mark of Pain"}],"items_purged_floors":[22,31,48],"is_endless":false,"potions_floor_spawned":[1,8,12,13,18,19,25,35,36,39],"killed_by":"Awakened One","ascension_level":20}