{"gold_per_floor":[119,119,69,84,84,84,7,7,7,38,38,58,74,88,88,88],"floor_reached":16,"playtime":869,"items_purged":[],"score":150,"play_id":"3f75bad9-b066-4e16-8282-0928ac7a375d","local_time":"20191019162656","is_ascension_mode":true,"campfire_choices":[{"data":"Leg Sweep","floor":6,"key":"SMITH"},{"data":"Underhanded Strike","floor":8,"key":"SMITH"},{"data":"Dagger Throw","floor":11,"key":"SMITH"},{"data":"Eviscerate","floor":15,"key":"SMITH"}],"neow_cost":"NONE","seed_source_timestamp":418914351896000,"circlet_count":0,"master_deck":["AscendersBane","Strike_G","Strike_G","Strike_G","Strike_G","Strike_G","Defend_G","Defend_G","Defend_G","Defend_G","Survivor","Neutralize+1","Acrobatics","Leg Sweep+1","Dagger Throw+1","Underhanded Strike+1","Dagger Spray","Slice","Tactician","Eviscerate+1"],"relics":["Ring of the Snake","Golden Idol","CultistMask","Calipers","Bottled Flame"],"potions_floor_usage":[16],"damage_taken":[{"damage":0,"enemies":"2 Louse","floor":1,"turns":3},{"damage":1,"enemies":"Small Slimes","floor":4,"turns":3},{"damage":26,"enemies":"3 Sentries","floor":10,"turns":14},{"damage":0,"enemies":"Cultist","floor":12,"turns":2},{"damage":3,"enemies":"Looter","floor":13,"turns":3},{"damage":1,"enemies":"Red Slaver","floor":14,"turns":3},{"damage":37,"enemies":"Slime Boss","floor":16,"turns":9}],"seed_played":"4855308428917412916","potions_obtained":[{"floor":12,"key":"SpeedPotion"},{"floor":13,"key":"Swift Potion"}],"is_trial":false,"path_per_floor":["M","?","?","M","?","R","$","R","T","E","R","M","M","M","R","B"],"character_chosen":"THE_SILENT","items_purchased":["Dagger Throw","Underhanded Strike"],"campfire_rested":0,"item_purchase_floors":[7,7],"current_hp_per_floor":[63,63,63,62,62,62,62,62,62,36,36,36,33,32,32,0],"gold":88,"neow_bonus":"UPGRADE_CARD","is_prod":false,"is_daily":false,"chose_seed":false,"campfire_upgraded":4,"win_rate":0,"timestamp":1571520416,"path_taken":["M","?","?","M","?","R","$","R","T","E","R","?","M","M","R","BOSS"],"build_version":"2019-07-17","purchased_purges":0,"victory":false,"max_hp_per_floor":[70,65,65,65,65,65,65,65,65,65,65,65,65,65,65,65],"card_choices":[{"not_picked":["Sucker Punch","Prepared"],"picked":"Acrobatics","floor":1},{"not_picked":["Prepared","Concentrate"],"picked":"Leg Sweep","floor":4},{"not_picked":["Deadly Poison","Prepared"],"picked":"Dagger Spray","floor":10},{"not_picked":["Deadly Poison","Deflect"],"picked":"Slice","floor":12},{"not_picked":["Dodge and Roll","Bane"],"picked":"Tactician","floor":13},{"not_picked":["Infinite Blades","Dodge and Roll"],"picked":"Eviscerate","floor":14}],"player_experience":894449,"relics_obtained":[{"floor":9,"key":"Calipers"},{"floor":10,"key":"Bottled Flame"}],"event_choices":[{"damage_healed":0,"gold_gain":0,"player_choice":"Lose Max HP","damage_taken":0,"relics_obtained":["Golden Idol"],"max_hp_gain":0,"max_hp_loss":5,"event_name":"Golden Idol","floor":2,"gold_loss":0},{"cards_removed":["Defend_G"],"damage_healed":0,"gold_gain":0,"player_choice":"Card Removal","damage_taken":0,"max_hp_gain":0,"max_hp_loss":0,"event_name":"The Cleric","floor":3,"gold_loss":50},{"damage_healed":0,"gold_gain":0,"player_choice":"Trade","damage_taken":0,"relics_obtained":["CultistMask"],"max_hp_gain":0,"max_hp_loss":0,"event_name":"FaceTrader","floor":5,"gold_loss":0}],"is_beta":false,"boss_relics":[],"items_purged_floors":[],"is_endless":false,"potions_floor_spawned":[12,13],"killed_by":"Slime Boss","ascension_level":10}