{"path_per_floor":["M","$","?","?","M","R","?","M","T","E","M","$","R","M","R","B",null,"M","M","?","M","$","R","M","R","T","$","?","R","?","M","R","B",null,"M","M","?","M","?","R","M","T","T","M","M","M","?","M","R"],"character_chosen":"THE_SILENT","items_purchased":["Footwork","Dagger Throw"],"gold_per_floor":[112,27,27,27,43,43,43,57,57,86,104,29,29,45,45,147,147,147,87,2,2,2,2,2,2,2,2,2,2,2,2,2,2,2,2,2,2,2,2,2,2,2,2,2,2,2,2,2,2,2],"floor_reached":50,"campfire_rested":6,"playtime":4157,"current_hp_per_floor":[70,70,56,49,49,70,70,70,84,66,66,66,66,66,66,46,84,69,58,58,56,56,81,70,70,70,70,62,84,68,68,84,61,84,84,83,83,66,66,84,76,76,76,55,52,17,75,52,75,0],"items_purged":["Defend_G"],"gold":2,"score":471,"play_id":"75e36489-b309-456b-83f1-0d64cfd4f786","local_time":"20180326235344","is_prod":false,"is_daily":false,"is_ascension_mode":false,"campfire_upgraded":3,"timestamp":1522126424,"path_taken":["M","$","?","?","M","R","?","M","T","E","M","$","R","M","R","BOSS","M","M","?","M","$","R","M","R","T","$","?","R","?","M","R","BOSS","M","M","?","M","?","R","?","?","T","M","M","M","?","M","R","BOSS"],"build_version":"2018-03-22v2","purchased_purges":1,"victory":false,"master_deck":["Defend_G","Defend_G","Defend_G","Defend_G","Strike_G+1","Strike_G","Strike_G","Strike_G","Strike_G","Survivor+1","Neutralize+1","Die Die Die","Underhanded Strike+1","Footwork+1","Dagger Throw","Noxious Fumes+1","Catalyst+1","Backflip+1","Prepared+1","Envenom+1","Acrobatics+1","Leg Sweep+1","Escape Plan+1","Acrobatics+1","Concentrate+1","Bullet Time+1","Quick Slash+1","Underhanded Strike+1","Heel Hook","Slice+1"],"max_hp_per_floor":[70,70,70,70,70,70,70,70,84,84,84,84,84,84,84,84,84,84,84,84,84,84,84,84,84,84,84,84,84,84,84,84,84,84,84,84,84,84,84,84,84,84,84,84,86,86,75,77,77,77],"relics":["Ring of the Snake","Toxic Egg 2","Mango","Pen Nib","Ectoplasm","Ancient Tea Set","Gambling Chip","Nilry\u0027s Codex","Sozu","Singing Bowl","Bronze Scales"],"card_choices":[{"not_picked":["Deadly Poison","Distraction"],"picked":"Underhanded Strike","floor":1},{"not_picked":["Heel Hook","Skewer"],"picked":"Noxious Fumes","floor":5},{"not_picked":["PiercingWail","Acrobatics"],"picked":"Catalyst","floor":8},{"not_picked":["Deflect","Dagger Spray"],"picked":"Backflip","floor":11},{"not_picked":["Crippling Poison","Outmaneuver"],"picked":"Prepared","floor":14},{"not_picked":["Corpse Explosion","Tactician"],"picked":"Envenom","floor":16},{"not_picked":["Sucker Punch","Underhanded Strike"],"picked":"Acrobatics","floor":18},{"not_picked":["Sucker Punch","Dagger Spray"],"picked":"Leg Sweep","floor":19},{"not_picked":["Dagger Throw","Acrobatics"],"picked":"Escape Plan","floor":21},{"not_picked":["PiercingWail","Quick Slash"],"picked":"Acrobatics","floor":24},{"not_picked":["Well Laid Plans","Dash"],"picked":"Concentrate","floor":31},{"not_picked":["Burst","Wraith Form"],"picked":"Bullet Time","floor":33},{"not_picked":["Cloak And Dagger","Acrobatics"],"picked":"Quick Slash","floor":35},{"not_picked":["Accuracy","Doppelganger"],"picked":"Underhanded Strike","floor":38},{"not_picked":["Prepared","Expertise"],"picked":"Heel Hook","floor":44},{"not_picked":["Accuracy","Deflect"],"picked":"Slice","floor":46}],"player_experience":224585,"potions_floor_usage":[41,48],"damage_taken":[{"damage":0,"enemies":"Cultist","floor":1,"turns":4},{"damage":0,"enemies":"Jaw Worm","floor":5,"turns":5},{"damage":0,"enemies":"Small Slimes","floor":8,"turns":3},{"damage":18,"enemies":"Gremlin Nob","floor":10,"turns":5},{"damage":0,"enemies":"Looter","floor":11,"turns":4},{"damage":0,"enemies":"3 Louse","floor":14,"turns":2},{"damage":20,"enemies":"Hexaghost","floor":16,"turns":9},{"damage":15,"enemies":"3 Byrds","floor":18,"turns":5},{"damage":11,"enemies":"2 Thieves","floor":19,"turns":4},{"damage":2,"enemies":"3 Cultists","floor":21,"turns":5},{"damage":11,"enemies":"Snecko","floor":24,"turns":5},{"damage":0,"enemies":"Centurion and Healer","floor":31,"turns":5},{"damage":23,"enemies":"Champ","floor":33,"turns":8},{"damage":0,"enemies":"3 Shapes","floor":35,"turns":5},{"damage":1,"enemies":"Orb Walker","floor":36,"turns":4},{"damage":17,"enemies":"Maw","floor":38,"turns":6},{"damage":8,"enemies":"4 Shapes","floor":41,"turns":4},{"damage":21,"enemies":"3 Darklings","floor":44,"turns":4},{"damage":5,"enemies":"Maw","floor":45,"turns":5},{"damage":35,"enemies":"Sphere and 2 Shapes","floor":46,"turns":5},{"damage":25,"enemies":"3 Darklings","floor":48,"turns":5},{"damage":91,"enemies":"Time Eater","floor":50,"turns":11}],"event_choices":[{"event_name":"Shining Light","player_choice":"Entered Light","floor":3,"damage_taken":0},{"event_name":"Scrap Ooze","player_choice":"success","floor":4,"damage_taken":7},{"event_name":"Accursed Blacksmith","player_choice":"Forge","floor":7,"damage_taken":0},{"event_name":"Addict","player_choice":"Obtained Relic","floor":20,"damage_taken":0},{"event_name":"Knowing Skull","player_choice":"","floor":28,"damage_taken":0},{"event_name":"Cursed Tome","player_choice":"Obtained Book","floor":30,"damage_taken":0},{"event_name":"Upgrade Shrine","player_choice":"Upgraded","floor":37,"damage_taken":0},{"event_name":"Mysterious Sphere","player_choice":"Ignore","floor":39,"damage_taken":0},{"event_name":"The Moai Head","player_choice":"Heal","floor":47,"damage_taken":0}],"boss_relics":[{"not_picked":["Calling Bell","Pandora\u0027s Box"],"picked":"Ectoplasm"},{"not_picked":["White Beast Statue","Runic Dome"],"picked":"Sozu"}],"potions_floor_spawned":[5,8,16,18,21,24,38,44,45,48],"seed_played":"-7179617195816697574","killed_by":"Time Eater","ascension_level":0,"is_trial":false}