{"gold_per_floor":[117,130,37,55,75,75,100,100,100,100,134,154,165,178,178,281,331,347,367,466,235,235,235,160,160,160,160,177,177],"floor_reached":29,"playtime":1883,"items_purged":["Defend_R"],"score":306,"play_id":"5f135cc0-860a-4d59-b678-c29f7cc52b9c","local_time":"20190202223239","is_ascension_mode":true,"campfire_choices":[{"data":"Armaments","floor":6,"key":"SMITH"},{"data":"Rage","floor":8,"key":"SMITH"},{"data":"Carnage","floor":10,"key":"SMITH"},{"data":"Body Slam","floor":15,"key":"SMITH"},{"data":"True Grit","floor":23,"key":"SMITH"},{"data":"True Grit","floor":25,"key":"SMITH"}],"neow_cost":"TEN_PERCENT_HP_LOSS","seed_source_timestamp":624502920820938,"circlet_count":0,"master_deck":["Strike_R","Strike_R","Strike_R","Strike_R+1","Defend_R","Defend_R","Defend_R","Bash","Iron Wave","Headbutt","Shrug It Off","Carnage+1","Rage+1","Armaments+1","Body Slam+1","True Grit+1","Pommel Strike","Limit Break","True Grit+1","Flex","Iron Wave","Iron Wave+1","Metallicize","Whirlwind"],"relics":["Burning Blood","Turnip","Prayer Wheel","Nunchaku","FossilizedHelix","Tiny House","Membership Card","Paper Frog"],"potions_floor_usage":[11,16,16,18,19],"damage_taken":[{"damage":6,"enemies":"Cultist","floor":1,"turns":3},{"damage":4,"enemies":"2 Louse","floor":2,"turns":2},{"damage":3,"enemies":"Small Slimes","floor":4,"turns":3},{"damage":5,"enemies":"3 Louse","floor":5,"turns":5},{"damage":11,"enemies":"3 Sentries","floor":7,"turns":11},{"damage":11,"enemies":"Gremlin Nob","floor":11,"turns":3},{"damage":0,"enemies":"Large Slime","floor":12,"turns":4},{"damage":0,"enemies":"Exordium Wildlife","floor":13,"turns":3},{"damage":0,"enemies":"Looter","floor":14,"turns":4},{"damage":23,"enemies":"Hexaghost","floor":16,"turns":9},{"damage":6,"enemies":"Chosen","floor":18,"turns":4},{"damage":0,"enemies":"Spheric Guardian","floor":19,"turns":2},{"damage":1,"enemies":"Colosseum Slavers","floor":22,"turns":6},{"damage":50,"enemies":"Centurion and Healer","floor":28,"turns":11},{"damage":39,"enemies":"Book of Stabbing","floor":29,"turns":6}],"seed_played":"-5962142185860446583","potions_obtained":[{"floor":1,"key":"LiquidBronze"},{"floor":5,"key":"Weak Potion"},{"floor":7,"key":"Fire Potion"},{"floor":17,"key":"Fire Potion"},{"floor":18,"key":"AttackPotion"}],"is_trial":false,"path_per_floor":["M","M","$","M","M","R","E","R","T","R","E","M","M","M","R","B",null,"M","M","?","$","?","R","?","R","T","?","M","E"],"character_chosen":"IRONCLAD","items_purchased":["Shrug It Off","Carnage","Membership Card"],"campfire_rested":0,"item_purchase_floors":[3,3,21],"current_hp_per_floor":[72,72,72,72,72,72,67,67,67,67,62,68,72,72,72,55,73,73,77,77,77,77,77,77,77,77,77,33,0],"gold":177,"neow_bonus":"ONE_RARE_RELIC","is_prod":false,"is_daily":false,"chose_seed":false,"campfire_upgraded":6,"win_rate":0,"timestamp":1549168359,"path_taken":["M","M","$","M","M","R","E","R","T","R","E","M","?","M","R","BOSS","M","M","?","$","?","R","?","R","T","?","M","E"],"build_version":"2019-01-23","purchased_purges":1,"victory":false,"max_hp_per_floor":[72,72,72,72,72,72,72,72,72,72,72,72,72,72,72,72,77,77,77,77,77,77,77,77,77,77,77,77,77],"card_choices":[{"not_picked":["Second Wind","Shockwave"],"picked":"Iron Wave","floor":1},{"not_picked":["Twin Strike","Warcry"],"picked":"Headbutt","floor":2},{"not_picked":["Anger","Clothesline"],"picked":"Rage","floor":4},{"not_picked":["Reckless Charge","Headbutt"],"picked":"Armaments","floor":5},{"not_picked":["Dropkick","Hemokinesis","Rage"],"picked":"SKIP","floor":7},{"not_picked":["Armaments","Combust","Thunderclap"],"picked":"SKIP","floor":11},{"not_picked":["Sword Boomerang","Anger"],"picked":"Body Slam","floor":12},{"not_picked":["Blood for Blood","Armaments","Headbutt"],"picked":"SKIP","floor":12},{"not_picked":["Warcry","Searing Blow"],"picked":"True Grit","floor":13},{"not_picked":["Searing Blow","Cleave"],"picked":"Pommel Strike","floor":13},{"not_picked":["Hemokinesis","Warcry","Perfected Strike"],"picked":"SKIP","floor":14},{"not_picked":["Juggernaut","Bloodletting","Sword Boomerang"],"picked":"SKIP","floor":14},{"not_picked":["Dark Embrace","Brutality"],"picked":"Limit Break","floor":16},{"not_picked":["Perfected Strike","Shockwave"],"picked":"True Grit","floor":17},{"not_picked":["Reckless Charge+1","Headbutt+1"],"picked":"Flex","floor":18},{"not_picked":["True Grit","Entrench+1","Second Wind"],"picked":"SKIP","floor":18},{"not_picked":["Bloodletting","Anger+1"],"picked":"Iron Wave","floor":19},{"not_picked":["Flex","Power Through+1"],"picked":"Iron Wave+1","floor":19},{"not_picked":["Combust","Anger"],"picked":"Whirlwind","floor":28},{"not_picked":["Iron Wave","Heavy Blade","Intimidate"],"picked":"SKIP","floor":28}],"player_experience":692798,"relics_obtained":[{"floor":7,"key":"Prayer Wheel"},{"floor":9,"key":"Nunchaku"},{"floor":11,"key":"FossilizedHelix"},{"floor":26,"key":"Paper Frog"}],"event_choices":[{"damage_healed":0,"gold_gain":99,"player_choice":"Stole From Cult","damage_taken":0,"max_hp_gain":0,"max_hp_loss":0,"event_name":"Nest","floor":20,"gold_loss":0},{"damage_healed":0,"gold_gain":0,"player_choice":"Fight","damage_taken":0,"max_hp_gain":0,"max_hp_loss":0,"event_name":"Colosseum","floor":22,"gold_loss":0},{"damage_healed":0,"gold_gain":0,"player_choice":"Fled From Nobs","damage_taken":0,"max_hp_gain":0,"max_hp_loss":0,"event_name":"Colosseum","floor":22,"gold_loss":0},{"cards_removed":["Strike_R"],"damage_healed":0,"gold_gain":0,"player_choice":"Gave Gold","damage_taken":0,"max_hp_gain":0,"max_hp_loss":0,"event_name":"Beggar","floor":24,"gold_loss":75},{"damage_healed":0,"gold_gain":0,"player_choice":"Read","damage_taken":0,"max_hp_gain":0,"max_hp_loss":0,"event_name":"The Library","floor":27,"gold_loss":0,"cards_obtained":["Metallicize"]}],"is_beta":false,"boss_relics":[{"not_picked":["Mark of Pain","Calling Bell"],"picked":"Tiny House"}],"items_purged_floors":[21],"is_endless":false,"potions_floor_spawned":[1,5,7,18,22],"killed_by":"Book of Stabbing","ascension_level":6}