{"gold_per_floor":[115,115,135,154,4,4,22,22,46,46,63,97,117,135,135,231,231,246,258,277,277],"floor_reached":21,"playtime":1857,"items_purged":[],"score":287,"play_id":"9ff6bf8f-6163-4dd3-ba7b-7023ea506445","local_time":"20191023012034","is_ascension_mode":true,"campfire_choices":[{"data":"Backflip","floor":6,"key":"SMITH"},{"data":"Deflect","floor":8,"key":"SMITH"},{"data":"Bouncing Flask","floor":10,"key":"SMITH"},{"data":"Noxious Fumes","floor":15,"key":"SMITH"}],"neow_cost":"NONE","seed_source_timestamp":709210939200900,"circlet_count":0,"master_deck":["AscendersBane","Strike_G","Strike_G","Strike_G","Defend_G","Defend_G","Defend_G","Defend_G+1","Defend_G","Survivor","Neutralize","Malaise","PiercingWail+1","Bouncing Flask+1","Quick Slash","Footwork","Backflip+1","Slice","Deflect+1","Crippling Poison","Backstab","Dagger Throw","Noxious Fumes+1","A Thousand Cuts","All Out Attack","Cloak And Dagger+1","Dodge and Roll"],"relics":["Ring of the Snake","Potion Belt","War Paint","Empty Cage"],"potions_floor_usage":[16],"damage_taken":[{"damage":0,"enemies":"2 Louse","floor":1,"turns":4},{"damage":0,"enemies":"Cultist","floor":3,"turns":5},{"damage":8,"enemies":"Small Slimes","floor":4,"turns":4},{"damage":2,"enemies":"Blue Slaver","floor":7,"turns":5},{"damage":1,"enemies":"Looter","floor":11,"turns":4},{"damage":7,"enemies":"Lagavulin","floor":12,"turns":6},{"damage":6,"enemies":"Exordium Wildlife","floor":13,"turns":6},{"damage":0,"enemies":"3 Louse","floor":14,"turns":3},{"damage":4,"enemies":"The Guardian","floor":16,"turns":9},{"damage":5,"enemies":"Shell Parasite","floor":18,"turns":8},{"damage":7,"enemies":"3 Byrds","floor":19,"turns":5},{"damage":21,"enemies":"Snake Plant","floor":20,"turns":6},{"damage":30,"enemies":"Shelled Parasite and Fungi","floor":21,"turns":5}],"seed_played":"5257797617078572818","potions_obtained":[{"floor":1,"key":"Fire Potion"},{"floor":3,"key":"Explosive Potion"},{"floor":13,"key":"Ancient Potion"},{"floor":14,"key":"Ancient Potion"},{"floor":16,"key":"Poison Potion"}],"is_trial":false,"path_per_floor":["M","?","M","M","$","R","M","R","T","R","M","E","M","M","R","B",null,"M","M","M","M"],"character_chosen":"THE_SILENT","items_purchased":["Footwork","Backflip","Slice"],"campfire_rested":0,"item_purchase_floors":[5,5,5],"current_hp_per_floor":[63,70,70,62,62,62,60,60,60,60,59,52,46,46,46,42,63,58,51,30,0],"gold":277,"neow_bonus":"ONE_RANDOM_RARE_CARD","is_prod":false,"is_daily":false,"chose_seed":false,"campfire_upgraded":4,"win_rate":0,"timestamp":1571811634,"path_taken":["M","?","M","M","?","R","M","R","T","R","M","E","M","M","R","BOSS","M","?","M","M"],"build_version":"2019-07-17","purchased_purges":0,"victory":false,"max_hp_per_floor":[70,70,70,70,70,70,70,70,70,70,70,70,70,70,70,70,70,70,70,70,70],"card_choices":[{"not_picked":["Eviscerate","Accuracy"],"picked":"PiercingWail","floor":1},{"not_picked":["Setup","Flechettes"],"picked":"Bouncing Flask","floor":3},{"not_picked":["Infinite Blades","Blade Dance"],"picked":"Quick Slash","floor":4},{"not_picked":["Outmaneuver","Prepared"],"picked":"Deflect","floor":7},{"not_picked":["Deadly Poison","Dash"],"picked":"Crippling Poison","floor":11},{"not_picked":["Deflect","Prepared"],"picked":"Backstab","floor":12},{"not_picked":["Backflip","Sucker Punch"],"picked":"Dagger Throw","floor":13},{"not_picked":["Deflect","Distraction"],"picked":"Noxious Fumes","floor":14},{"not_picked":["Tools of the Trade","Grand Finale"],"picked":"A Thousand Cuts","floor":16},{"not_picked":["Crippling Poison","Finisher+1"],"picked":"All Out Attack","floor":18},{"not_picked":["Outmaneuver","Slice"],"picked":"Cloak And Dagger+1","floor":19},{"not_picked":["Flying Knee","Deflect"],"picked":"Dodge and Roll","floor":20}],"player_experience":922709,"relics_obtained":[{"floor":9,"key":"Potion Belt"},{"floor":12,"key":"War Paint"}],"event_choices":[{"damage_healed":7,"gold_gain":0,"player_choice":"Full Heal","damage_taken":0,"max_hp_gain":0,"max_hp_loss":0,"event_name":"Wheel of Change","floor":2,"gold_loss":0}],"is_beta":false,"boss_relics":[{"not_picked":["Snecko Eye","Astrolabe"],"picked":"Empty Cage"}],"items_purged_floors":[],"is_endless":false,"potions_floor_spawned":[1,3,13,14,16],"killed_by":"Shelled Parasite and Fungi","ascension_level":11}