{"gold_per_floor":[112,122,132,132,162,162,194,204,230,241,241,273,273,299,299,398,398,413,463,477,229,279,279,289,319,319,70,84,84,100,119,119,119],"floor_reached":33,"playtime":2856,"items_purged":["A Thousand Cuts"],"score":330,"play_id":"7746c1b1-c9ee-4037-8a17-45be14f5fc0a","local_time":"20181019235018","is_ascension_mode":true,"campfire_choices":[{"data":"Defend_G","floor":6,"key":"SMITH"},{"floor":11,"key":"REST"},{"data":"Skewer","floor":13,"key":"SMITH"},{"floor":15,"key":"REST"},{"data":"Blade Dance","floor":23,"key":"SMITH"},{"data":"Leg Sweep","floor":29,"key":"SMITH"},{"data":"Masterful Stab","floor":32,"key":"SMITH"}],"neow_cost":"NONE","seed_source_timestamp":27331954672197,"circlet_count":0,"master_deck":["Defend_G+1","Defend_G+1","Defend_G+1","Defend_G+1","Defend_G+1","Strike_G+1","Strike_G+1","Strike_G+1","Strike_G+1","Strike_G+1","Survivor","Neutralize","Slice","Blade Dance+1","Skewer+1","Backstab","Leg Sweep+1","Well Laid Plans","Backflip+1","Deadly Poison","Masterful Stab+1"],"relics":["Ring of the Snake","SsserpentHead","Lantern","Smiling Mask","Oddly Smooth Stone","Omamori","WristBlade","Ninja Scroll","Pantograph","Toxic Egg 2","TwistedFunnel"],"potions_floor_usage":[12,12,33],"damage_taken":[{"damage":2,"enemies":"Small Slimes","floor":1,"turns":4},{"damage":0,"enemies":"Cultist","floor":2,"turns":4},{"damage":0,"enemies":"2 Louse","floor":3,"turns":3},{"damage":23,"enemies":"3 Sentries","floor":7,"turns":12},{"damage":6,"enemies":"Looter","floor":8,"turns":4},{"damage":0,"enemies":"Blue Slaver","floor":10,"turns":4},{"damage":14,"enemies":"Gremlin Nob","floor":12,"turns":5},{"damage":10,"enemies":"3 Sentries","floor":14,"turns":8},{"damage":37,"enemies":"Hexaghost","floor":16,"turns":16},{"damage":0,"enemies":"3 Byrds","floor":18,"turns":7},{"damage":0,"enemies":"Chosen","floor":20,"turns":4},{"damage":0,"enemies":"Colosseum Slavers","floor":22,"turns":4},{"damage":2,"enemies":"Shelled Parasite and Fungi","floor":24,"turns":6},{"damage":10,"enemies":"Slavers","floor":25,"turns":9},{"damage":0,"enemies":"Snake Plant","floor":28,"turns":2},{"damage":1,"enemies":"3 Cultists","floor":30,"turns":4},{"damage":0,"enemies":"Cultist and Chosen","floor":31,"turns":4},{"damage":88,"enemies":"Automaton","floor":33,"turns":12}],"seed_played":"-4030168876934249802","potions_obtained":[{"floor":3,"key":"Strength Potion"},{"floor":5,"key":"Ancient Potion"},{"floor":7,"key":"Block Potion"},{"floor":14,"key":"Dexterity Potion"},{"floor":16,"key":"SteroidPotion"},{"floor":18,"key":"Regen Potion"}],"is_trial":false,"path_per_floor":["M","M","M","?","?","R","E","M","T","M","R","E","R","E","R","B",null,"M","?","M","$","?","R","M","E","T","$","M","R","M","M","R"],"character_chosen":"THE_SILENT","items_purchased":["Ninja Scroll","TwistedFunnel"],"campfire_rested":2,"item_purchase_floors":[21,27],"current_hp_per_floor":[68,68,68,68,68,68,45,39,39,39,60,46,46,36,57,20,70,70,70,70,70,70,70,68,58,58,58,58,58,57,57,57,0],"gold":119,"neow_bonus":"UPGRADE_CARD","is_prod":false,"is_daily":false,"chose_seed":false,"campfire_upgraded":5,"win_rate":0,"timestamp":1540011018,"path_taken":["M","M","M","?","?","R","E","M","T","M","R","E","R","E","R","BOSS","M","?","M","$","?","R","M","E","T","$","M","R","M","M","R","BOSS"],"build_version":"2018-10-18","purchased_purges":1,"victory":false,"max_hp_per_floor":[70,70,70,70,70,70,70,70,70,70,70,70,70,70,70,70,70,70,70,70,70,70,70,70,70,70,70,70,70,70,70,70,70],"card_choices":[{"not_picked":["PiercingWail","Outmaneuver"],"picked":"Slice","floor":1},{"not_picked":["Bane","PiercingWail"],"picked":"Blade Dance","floor":2},{"not_picked":["Reflex","Leg Sweep","Deadly Poison"],"picked":"SKIP","floor":3},{"not_picked":["Heel Hook","Bane","Acrobatics"],"picked":"SKIP","floor":7},{"not_picked":["Cloak And Dagger","Deadly Poison","Slice"],"picked":"SKIP","floor":8},{"not_picked":["Dodge and Roll","Bane"],"picked":"Skewer","floor":10},{"not_picked":["Leg Sweep","Acrobatics"],"picked":"Backstab","floor":12},{"not_picked":["Dagger Spray","Underhanded Strike"],"picked":"Leg Sweep","floor":14},{"not_picked":["Venomology","Die Die Die"],"picked":"A Thousand Cuts","floor":16},{"not_picked":["Flying Knee+1","Backflip"],"picked":"Well Laid Plans","floor":18},{"not_picked":["Distraction+1","Expertise"],"picked":"Backflip+1","floor":20},{"not_picked":["Catalyst","Poisoned Stab"],"picked":"Deadly Poison","floor":24},{"not_picked":["PiercingWail","Doppelganger","Die Die Die"],"picked":"SKIP","floor":25},{"not_picked":["Leg Sweep+1","Dagger Spray+1","Poisoned Stab"],"picked":"SKIP","floor":28},{"not_picked":["Well Laid Plans+1","Prepared+1"],"picked":"Masterful Stab","floor":30},{"not_picked":["Poisoned Stab","After Image","Endless Agony"],"picked":"SKIP","floor":31}],"player_experience":446446,"relics_obtained":[{"floor":7,"key":"Lantern"},{"floor":9,"key":"Smiling Mask"},{"floor":12,"key":"Oddly Smooth Stone"},{"floor":14,"key":"Omamori"},{"floor":25,"key":"Pantograph"},{"floor":26,"key":"Toxic Egg 2"}],"event_choices":[{"damage_healed":0,"gold_gain":0,"player_choice":"Trade","damage_taken":0,"relics_obtained":["SsserpentHead"],"max_hp_gain":0,"max_hp_loss":0,"event_name":"FaceTrader","floor":4,"gold_loss":0},{"damage_healed":0,"gold_gain":0,"player_choice":"Bought 1 Potion","damage_taken":0,"max_hp_gain":0,"max_hp_loss":0,"event_name":"The Woman in Blue","floor":5,"gold_loss":0},{"damage_healed":0,"gold_gain":0,"player_choice":"Simplicity","damage_taken":0,"max_hp_gain":0,"max_hp_loss":0,"event_name":"Back to Basics","floor":19,"gold_loss":0,"cards_upgraded":["Defend_G","Defend_G","Defend_G","Strike_G","Strike_G","Strike_G","Strike_G","Strike_G"]},{"damage_healed":0,"gold_gain":0,"player_choice":"Fight","damage_taken":0,"max_hp_gain":0,"max_hp_loss":0,"event_name":"Colosseum","floor":22,"gold_loss":0},{"damage_healed":0,"gold_gain":0,"player_choice":"Fled From Nobs","damage_taken":0,"max_hp_gain":0,"max_hp_loss":0,"event_name":"Colosseum","floor":22,"gold_loss":0}],"is_beta":false,"boss_relics":[{"not_picked":["Calling Bell","Velvet Choker"],"picked":"WristBlade"}],"items_purged_floors":[27],"is_endless":false,"potions_floor_spawned":[3,7,10,14,16,18,22,30],"killed_by":"Automaton","ascension_level":3}