{"gold_per_floor":[115,130,130,80,101,101,119,119,165,165,165,189,213,103,103,222,222,222],"floor_reached":18,"playtime":687,"items_purged":["Parasite"],"score":205,"play_id":"d8021065-5e4b-479d-9535-5e568f29202c","local_time":"20190215221023","is_ascension_mode":true,"campfire_choices":[{"data":"Rebound","floor":6,"key":"SMITH"},{"data":"Leap","floor":8,"key":"SMITH"},{"data":"Lockon","floor":11,"key":"SMITH"},{"floor":15,"key":"REST"}],"neow_cost":"NONE","seed_source_timestamp":165047720005704,"circlet_count":0,"master_deck":["Strike_B","Strike_B","Strike_B","Defend_B","Defend_B","Defend_B","Defend_B","Zap+1","Dualcast","Lockon+1","Rebound+1","Beam Cell","Leap+1","Melter","Loop","Meteor Strike"],"relics":["Cracked Core","Golden Idol","Happy Flower","Runic Pyramid"],"potions_floor_usage":[2,16],"damage_taken":[{"damage":0,"enemies":"Cultist","floor":1,"turns":3},{"damage":0,"enemies":"Jaw Worm","floor":2,"turns":1},{"damage":4,"enemies":"Small Slimes","floor":5,"turns":2},{"damage":19,"enemies":"Exordium Wildlife","floor":7,"turns":4},{"damage":4,"enemies":"Red Slaver","floor":12,"turns":3},{"damage":7,"enemies":"Exordium Thugs","floor":13,"turns":4},{"damage":62,"enemies":"Hexaghost","floor":16,"turns":10},{"damage":0,"enemies":"3 Byrds","floor":18,"turns":2}],"seed_played":"2793056645311083260","potions_obtained":[{"floor":1,"key":"AttackPotion"},{"floor":7,"key":"GamblersBrew"},{"floor":13,"key":"Ancient Potion"}],"is_trial":false,"path_per_floor":["M","M","?","?","M","R","M","R","T","?","R","M","M","$","R","B",null,"M"],"character_chosen":"DEFECT","items_purchased":["Loop"],"campfire_rested":1,"item_purchase_floors":[14],"current_hp_per_floor":[68,68,68,68,64,64,45,45,45,62,62,58,51,51,66,4,51,51],"gold":222,"neow_bonus":"UPGRADE_CARD","is_prod":false,"is_daily":false,"chose_seed":false,"campfire_upgraded":3,"win_rate":0,"timestamp":1550290223,"path_taken":["M","M","?","?","M","R","M","R","T","?","R","?","M","?","R","BOSS","M"],"build_version":"2019-01-23","purchased_purges":1,"victory":false,"max_hp_per_floor":[75,75,69,69,69,69,69,69,69,69,69,69,69,66,66,66,66,66],"card_choices":[{"not_picked":["Scrape","Coolheaded"],"picked":"Lockon","floor":1},{"not_picked":["Barrage","Coolheaded"],"picked":"Rebound","floor":2},{"not_picked":["Heatsinks","Scrape"],"picked":"Beam Cell","floor":5},{"not_picked":["Compile Driver","Go for the Eyes"],"picked":"Leap","floor":7},{"not_picked":["Stack","Go for the Eyes"],"picked":"Melter","floor":12},{"not_picked":["Genetic Algorithm","Heatsinks","Barrage"],"picked":"SKIP","floor":13},{"not_picked":["Thunder Strike","Reboot"],"picked":"Meteor Strike","floor":16}],"player_experience":707875,"relics_obtained":[{"floor":9,"key":"Happy Flower"}],"event_choices":[{"damage_healed":0,"gold_gain":0,"player_choice":"Lose Max HP","damage_taken":0,"relics_obtained":["Golden Idol"],"max_hp_gain":0,"max_hp_loss":6,"event_name":"Golden Idol","floor":3,"gold_loss":0},{"cards_removed":["Strike_B"],"damage_healed":0,"gold_gain":0,"player_choice":"Card Removal","damage_taken":0,"max_hp_gain":0,"max_hp_loss":0,"event_name":"The Cleric","floor":4,"gold_loss":50},{"damage_healed":17,"gold_gain":0,"player_choice":"Healed and dodged fight","damage_taken":0,"max_hp_gain":0,"max_hp_loss":0,"event_name":"Mushrooms","floor":10,"gold_loss":0,"cards_obtained":["Parasite"]}],"is_beta":false,"boss_relics":[{"not_picked":["Runic Dome","White Beast Statue"],"picked":"Runic Pyramid"}],"items_purged_floors":[14],"is_endless":false,"potions_floor_spawned":[1,7,13],"killed_by":"3 Byrds","ascension_level":7}