{"gold_per_floor":[126,88,120,207,237,249,278,290,302,314,326,372,400,412,424,536,548,578,515,527,549,660,672,703,730,769,781,708,720,765,190,190,287,287,303,303,303,203,219,219,235,33,33,33,49,0,0,0,0,0],"floor_reached":51,"playtime":3083,"items_purged":["Defend_B","Strike_B"],"score":1022,"play_id":"58e2d6e3-380a-4f52-9254-b67da9f238ab","local_time":"20191019010237","is_ascension_mode":true,"campfire_choices":[{"data":"Zap","floor":6,"key":"SMITH"},{"data":"Dualcast","floor":11,"key":"SMITH"},{"floor":15,"key":"REST"},{"data":"Defragment","floor":23,"key":"SMITH"},{"data":"Conserve Battery","floor":27,"key":"SMITH"},{"data":"Glacier","floor":29,"key":"SMITH"},{"data":"Reinforced Body","floor":32,"key":"SMITH"},{"data":"Ball Lightning","floor":40,"key":"SMITH"},{"floor":44,"key":"REST"},{"data":"Thunder Strike","floor":49,"key":"SMITH"}],"neow_cost":"NONE","seed_source_timestamp":361221272467500,"circlet_count":0,"master_deck":["AscendersBane","Strike_B","Strike_B","Defend_B","Zap+1","Dualcast+1","Skim","BootSequence","Reinforced Body+1","Ball Lightning+1","Glacier+1","Defragment+1","Cold Snap","Melter+1","Conserve Battery+1","Rebound+1","Defragment+1","Thunder Strike+1","Bandage Up","Ball Lightning+1","Leap"],"relics":["Cracked Core","MawBank","Kunai","Oddly Smooth Stone","Sundial","Eternal Feather","Boot","Gremlin Horn","Blue Candle","DollysMirror","Emotion Chip","Inserter","Bronze Scales","DataDisk","Red Mask"],"potions_floor_usage":[13,25,25,33,50],"damage_taken":[{"damage":8,"enemies":"2 Louse","floor":1,"turns":3},{"damage":1,"enemies":"Cultist","floor":3,"turns":3},{"damage":0,"enemies":"Jaw Worm","floor":5,"turns":4},{"damage":1,"enemies":"Blue Slaver","floor":7,"turns":3},{"damage":16,"enemies":"3 Sentries","floor":12,"turns":7},{"damage":14,"enemies":"3 Louse","floor":13,"turns":3},{"damage":26,"enemies":"The Guardian","floor":16,"turns":17},{"damage":5,"enemies":"3 Byrds","floor":18,"turns":6},{"damage":0,"enemies":"Shell Parasite","floor":21,"turns":8},{"damage":2,"enemies":"Cultist and Chosen","floor":24,"turns":8},{"damage":8,"enemies":"Centurion and Healer","floor":25,"turns":7},{"damage":10,"enemies":"Slavers","floor":30,"turns":9},{"damage":63,"enemies":"Collector","floor":33,"turns":15},{"damage":0,"enemies":"3 Shapes","floor":35,"turns":5},{"damage":18,"enemies":"3 Darklings","floor":39,"turns":4},{"damage":40,"enemies":"4 Shapes","floor":41,"turns":6},{"damage":38,"enemies":"Maw","floor":45,"turns":7},{"damage":31,"enemies":"Time Eater","floor":50,"turns":11}],"seed_played":"9137395180804854070","potions_obtained":[{"floor":5,"key":"Dexterity Potion"},{"floor":12,"key":"Energy Potion"},{"floor":16,"key":"LiquidBronze"},{"floor":24,"key":"SteroidPotion"},{"floor":25,"key":"Energy Potion"},{"floor":35,"key":"GamblersBrew"}],"is_trial":false,"path_per_floor":["M","?","M","?","M","R","M","$","T","?","R","E","M","?","R","B",null,"M","?","?","M","?","R","M","M","T","R","?","R","E","$","R","B",null,"M","?","?","$","M","R","M","$","T","R","M","?","?","?","R","B",null],"character_chosen":"DEFECT","items_purchased":["DollysMirror","Emotion Chip","Bronze Scales","Leap"],"campfire_rested":2,"item_purchase_floors":[31,31,42,42],"current_hp_per_floor":[60,60,59,48,48,48,47,47,47,47,47,31,17,17,39,13,60,55,55,55,55,55,64,62,54,54,63,63,72,62,62,71,8,58,58,58,58,58,44,56,20,20,20,54,20,20,20,66,66,35],"gold":0,"neow_bonus":"RANDOM_COMMON_RELIC","is_prod":false,"is_daily":false,"chose_seed":false,"campfire_upgraded":8,"win_rate":0,"timestamp":1571464957,"path_taken":["M","?","M","?","M","R","M","$","T","?","R","E","?","?","R","BOSS","M","?","?","M","?","R","M","M","T","R","?","R","E","$","R","BOSS","M","?","?","$","M","R","M","?","T","R","M","?","?","?","R","BOSS"],"build_version":"2019-07-17","purchased_purges":2,"victory":true,"max_hp_per_floor":[75,75,75,75,75,75,75,75,75,75,75,75,75,75,75,75,75,75,75,75,75,75,75,75,75,75,75,75,75,75,75,75,75,75,75,75,75,75,75,75,75,75,75,75,75,75,75,66,66,66],"card_choices":[{"not_picked":["Steam","Rebound"],"picked":"Skim","floor":1},{"not_picked":["Turbo","Barrage"],"picked":"BootSequence","floor":3},{"not_picked":["Steam","Rebound"],"picked":"Reinforced Body","floor":5},{"not_picked":["Aggregate","Stack"],"picked":"Ball Lightning","floor":7},{"not_picked":["Stack","Multi-Cast","Blizzard"],"picked":"SKIP","floor":12},{"not_picked":["Steam","Sweeping Beam"],"picked":"Glacier","floor":13},{"not_picked":["Gash","Conserve Battery+1"],"picked":"Defragment","floor":18},{"not_picked":["Capacitor","Compile Driver","Sweeping Beam"],"picked":"SKIP","floor":21},{"not_picked":["Steam","Reinforced Body"],"picked":"Melter+1","floor":24},{"not_picked":["Hologram","Static Discharge"],"picked":"Conserve Battery","floor":25},{"not_picked":["Rip and Tear","Redo"],"picked":"Rebound+1","floor":30},{"not_picked":["Multi-Cast","Meteor Strike"],"picked":"Thunder Strike","floor":33},{"not_picked":["Stack","Redo","Streamline+1"],"picked":"SKIP","floor":35},{"not_picked":["Apotheosis","Trip"],"picked":"Bandage Up","floor":37},{"not_picked":["Blizzard+1","Turbo"],"picked":"Ball Lightning+1","floor":39},{"not_picked":["Ball Lightning+1","Go for the Eyes+1","Barrage"],"picked":"SKIP","floor":41},{"not_picked":["Cold Snap","Coolheaded","Fission"],"picked":"SKIP","floor":45}],"player_experience":886379,"relics_obtained":[{"floor":9,"key":"Kunai"},{"floor":12,"key":"Sundial"},{"floor":26,"key":"Boot"},{"floor":30,"key":"Blue Candle"},{"floor":43,"key":"DataDisk"}],"event_choices":[{"cards_removed":["Strike_B"],"damage_healed":0,"gold_gain":0,"player_choice":"Card Removal","damage_taken":0,"max_hp_gain":0,"max_hp_loss":0,"event_name":"The Cleric","floor":2,"gold_loss":50},{"damage_healed":0,"gold_gain":75,"player_choice":"Gather Gold","damage_taken":11,"max_hp_gain":0,"max_hp_loss":0,"event_name":"World of Goop","floor":4,"gold_loss":0},{"damage_healed":0,"gold_gain":0,"player_choice":"Gave Potion","damage_taken":0,"relics_obtained":["Oddly Smooth Stone"],"max_hp_gain":0,"max_hp_loss":0,"event_name":"WeMeetAgain","floor":10,"gold_loss":0},{"damage_healed":0,"gold_gain":0,"player_choice":"Ignored","damage_taken":0,"max_hp_gain":0,"max_hp_loss":0,"event_name":"Golden Wing","floor":14,"gold_loss":0},{"cards_removed":["Defend_B"],"damage_healed":0,"gold_gain":0,"player_choice":"Gave Gold","damage_taken":0,"max_hp_gain":0,"max_hp_loss":0,"event_name":"Beggar","floor":19,"gold_loss":75},{"damage_healed":0,"gold_gain":0,"player_choice":"Read","damage_taken":0,"max_hp_gain":0,"max_hp_loss":0,"event_name":"The Library","floor":20,"gold_loss":0,"cards_obtained":["Cold Snap"]},{"damage_healed":0,"gold_gain":99,"player_choice":"Stole From Cult","damage_taken":0,"max_hp_gain":0,"max_hp_loss":0,"event_name":"Nest","floor":22,"gold_loss":0},{"damage_healed":0,"gold_gain":0,"player_choice":"Obtained Relic","damage_taken":0,"relics_obtained":["Gremlin Horn"],"max_hp_gain":0,"max_hp_loss":0,"event_name":"Addict","floor":28,"gold_loss":85},{"cards_removed":["Defend_B"],"damage_healed":0,"gold_gain":0,"player_choice":"Removed Skill","damage_taken":0,"max_hp_gain":0,"max_hp_loss":0,"event_name":"Falling","floor":36,"gold_loss":0},{"damage_healed":0,"gold_gain":0,"player_choice":"Memory 1","damage_taken":0,"max_hp_gain":0,"max_hp_loss":0,"event_name":"SensoryStone","floor":37,"gold_loss":0},{"damage_healed":0,"gold_gain":0,"player_choice":"Paid","damage_taken":0,"relics_obtained":["Red Mask"],"max_hp_gain":0,"max_hp_loss":0,"event_name":"Tomb of Lord Red Mask","floor":46,"gold_loss":49},{"damage_healed":0,"gold_gain":0,"player_choice":"Ignored","damage_taken":0,"max_hp_gain":0,"max_hp_loss":0,"event_name":"Mysterious Sphere","floor":47,"gold_loss":0},{"damage_healed":66,"gold_gain":0,"player_choice":"Heal","damage_taken":0,"max_hp_gain":0,"max_hp_loss":9,"event_name":"The Moai Head","floor":48,"gold_loss":0}],"is_beta":false,"boss_relics":[{"not_picked":["Nuclear Battery","Coffee Dripper"],"picked":"Eternal Feather"},{"not_picked":["White Beast Statue","Busted Crown"],"picked":"Inserter"}],"items_purged_floors":[31,38],"is_endless":false,"potions_floor_spawned":[5,12,16,24,25,35],"ascension_level":11}