{"gold_per_floor":[115,130,305,24,43,43,70,70,70,85,85,119,119,119],"floor_reached":14,"playtime":540,"items_purged":["Doubt"],"score":118,"play_id":"807d86ba-ebbc-4145-8fd9-6d6e0de193f6","local_time":"20181121195728","is_ascension_mode":true,"campfire_choices":[{"data":"Bash","floor":6,"key":"SMITH"},{"data":"Shrug It Off","floor":8,"key":"SMITH"},{"data":"Havoc","floor":13,"key":"SMITH"}],"neow_cost":"NONE","seed_source_timestamp":1312499265706376,"circlet_count":0,"master_deck":["Strike_R","Strike_R","Strike_R","Strike_R","Strike_R","Defend_R","Defend_R","Defend_R","Defend_R","Bash+1","Shrug It Off+1","Flex","Headbutt","Wild Strike","Parasite","Havoc+1"],"relics":["Black Star","Brimstone","Gremlin Horn","Mummified Hand","Shuriken","Matryoshka"],"potions_floor_usage":[],"damage_taken":[{"damage":3,"enemies":"Jaw Worm","floor":1,"turns":5},{"damage":5,"enemies":"2 Louse","floor":2,"turns":3},{"damage":3,"enemies":"Cultist","floor":5,"turns":3},{"damage":17,"enemies":"Lagavulin","floor":7,"turns":4},{"damage":4,"enemies":"Looter","floor":10,"turns":3},{"damage":18,"enemies":"Gremlin Nob","floor":12,"turns":3},{"damage":6,"enemies":"3 Sentries","floor":14,"turns":2}],"seed_played":"-2867623504408335794","potions_obtained":[{"floor":5,"key":"SpeedPotion"},{"floor":12,"key":"FearPotion"}],"is_trial":false,"path_per_floor":["M","M","?","$","M","R","E","R","T","M","?","E","R","E"],"character_chosen":"IRONCLAD","items_purchased":["Brimstone"],"campfire_rested":0,"item_purchase_floors":[4],"current_hp_per_floor":[77,72,72,72,69,69,52,52,52,48,68,50,50,44],"gold":119,"neow_bonus":"BOSS_RELIC","is_prod":false,"is_daily":false,"chose_seed":false,"campfire_upgraded":3,"win_rate":0,"timestamp":1542851848,"path_taken":["M","M","?","$","M","R","E","R","T","M","?","E","R","E"],"build_version":"2018-11-15","purchased_purges":1,"victory":false,"max_hp_per_floor":[80,80,80,80,80,80,80,80,80,80,80,80,80,80],"card_choices":[{"not_picked":["Sword Boomerang","Pommel Strike"],"picked":"Shrug It Off","floor":1},{"not_picked":["Entrench","Clothesline"],"picked":"Flex","floor":2},{"not_picked":["Body Slam","Anger"],"picked":"Headbutt","floor":5},{"not_picked":["Warcry","Fire Breathing","Anger"],"picked":"SKIP","floor":7},{"not_picked":["Power Through","Carnage"],"picked":"Wild Strike","floor":10},{"not_picked":["Brutality","Body Slam"],"picked":"Havoc","floor":12}],"player_experience":612478,"relics_obtained":[{"floor":7,"key":"Gremlin Horn"},{"floor":7,"key":"Mummified Hand"},{"floor":12,"key":"Shuriken"},{"floor":12,"key":"Matryoshka"}],"event_choices":[{"damage_healed":0,"gold_gain":175,"player_choice":"AGREE","damage_taken":0,"max_hp_gain":0,"max_hp_loss":0,"event_name":"Liars Game","floor":3,"gold_loss":0,"cards_obtained":["Doubt"]},{"damage_healed":20,"gold_gain":0,"player_choice":"Healed and dodged fight","damage_taken":0,"max_hp_gain":0,"max_hp_loss":0,"event_name":"Mushrooms","floor":11,"gold_loss":0,"cards_obtained":["Parasite"]}],"is_beta":false,"boss_relics":[],"items_purged_floors":[4],"is_endless":false,"potions_floor_spawned":[5,12],"killed_by":"3 Sentries","ascension_level":4}