{"gold_per_floor":[109,34,52,52,71,71,71,71,118,138,161,177,177,177,177,300,300,319,184,184,59,59,59,59],"floor_reached":24,"playtime":7782,"items_purged":["Defend_G","Strike_G","Strike_G"],"score":193,"play_id":"dd8ae75b-9e5a-44db-941a-b98fef59cc57","local_time":"20181005001437","is_ascension_mode":true,"campfire_choices":[{"data":"Survivor","floor":6,"key":"SMITH"},{"data":"Defend_G","floor":8,"key":"SMITH"},{"floor":13,"key":"REST"},{"data":"Defend_G","floor":15,"key":"SMITH"},{"data":"Defend_G","floor":23,"key":"SMITH"}],"neow_cost":"NONE","seed_source_timestamp":1312153442305360,"circlet_count":0,"master_deck":["Defend_G+1","Defend_G+1","Defend_G+1","Defend_G+1","Strike_G+1","Strike_G+1","Survivor+1","Neutralize","Noxious Fumes","Dagger Throw","Deadly Poison","Terror","Bullet Time","Bouncing Flask"],"relics":["Ring of the Snake","Golden Idol","Oddly Smooth Stone","Velvet Choker"],"potions_floor_usage":[],"damage_taken":[{"damage":0,"enemies":"2 Louse","floor":1,"turns":5},{"damage":0,"enemies":"Jaw Worm","floor":3,"turns":5},{"damage":1,"enemies":"Cultist","floor":5,"turns":4},{"damage":8,"enemies":"Gremlin Gang","floor":10,"turns":4},{"damage":0,"enemies":"Lots of Slimes","floor":11,"turns":4},{"damage":1,"enemies":"2 Fungi Beasts","floor":12,"turns":4},{"damage":17,"enemies":"Hexaghost","floor":16,"turns":9},{"damage":0,"enemies":"Chosen","floor":18,"turns":4},{"damage":78,"enemies":"Gremlin Leader","floor":24,"turns":8}],"seed_played":"-2067953996567453158","potions_obtained":[{"floor":1,"key":"SpeedPotion"},{"floor":11,"key":"GamblersBrew"}],"is_trial":false,"path_per_floor":["M","$","M","?","M","R","?","R","T","M","M","M","R","?","R","B",null,"M","$","?","$","?","R"],"character_chosen":"THE_SILENT","items_purchased":["Bouncing Flask"],"campfire_rested":1,"item_purchase_floors":[19],"current_hp_per_floor":[70,70,70,53,52,52,38,38,38,30,30,29,50,50,50,33,70,70,70,70,70,70,70,0],"gold":59,"neow_bonus":"REMOVE_CARD","is_prod":false,"is_daily":false,"chose_seed":false,"campfire_upgraded":4,"win_rate":0,"timestamp":1538716477,"path_taken":["M","$","M","?","M","R","?","R","T","?","?","M","R","?","R","BOSS","M","$","?","$","?","R","E"],"build_version":"2018-10-04","purchased_purges":3,"victory":false,"max_hp_per_floor":[70,70,70,70,70,70,70,70,70,70,70,70,70,70,70,70,70,70,70,70,70,70,70,70],"card_choices":[{"not_picked":["Flying Knee","Sucker Punch"],"picked":"Noxious Fumes","floor":1},{"not_picked":["Acrobatics","Underhanded Strike"],"picked":"Dagger Throw","floor":3},{"not_picked":["Quick Slash","Acrobatics"],"picked":"Deadly Poison","floor":5},{"not_picked":["Masterful Stab","Night Terror","Dagger Spray"],"picked":"SKIP","floor":10},{"not_picked":["Deflect","Flying Knee"],"picked":"Terror","floor":11},{"not_picked":["PiercingWail","Sucker Punch","Deadly Poison"],"picked":"SKIP","floor":12},{"not_picked":["Adrenaline","Phantasmal Killer"],"picked":"Bullet Time","floor":16},{"not_picked":["Slice","PiercingWail+1","Caltrops+1"],"picked":"SKIP","floor":18}],"player_experience":372470,"relics_obtained":[{"floor":9,"key":"Oddly Smooth Stone"}],"event_choices":[{"event_name":"Golden Idol","player_choice":"Take Damage","floor":4,"damage_taken":0},{"event_name":"Shining Light","player_choice":"Entered Light","floor":7,"damage_taken":0},{"event_name":"Liars Game","player_choice":"disagreed","floor":14,"damage_taken":0},{"event_name":"Cursed Tome","player_choice":"Ignored","floor":20,"damage_taken":0},{"event_name":"Accursed Blacksmith","player_choice":"Forge","floor":22,"damage_taken":0}],"is_beta":false,"boss_relics":[{"not_picked":["White Beast Statue","Coffee Dripper"],"picked":"Velvet Choker"}],"items_purged_floors":[2,19,21],"is_endless":false,"potions_floor_spawned":[1,11],"killed_by":"Gremlin Leader","ascension_level":1}