{"gold_per_floor":[119,44,119,219,235,245,280,280,307,307,267,277,277,307,307,411,411,411,411,428,443,443,443,478,497,497,507,507,518,518,538,538,641,641,658,658,173,273,47,75,92,122,169,5,0,0,0,15,15,15],"floor_reached":50,"playtime":3247,"items_purged":["Strike_B","Writhe"],"score":816,"play_id":"49ae5b8b-30eb-4831-b3e9-2e27daacfdb5","local_time":"20191013231653","is_ascension_mode":true,"campfire_choices":[{"data":"Fusion","floor":8,"key":"SMITH"},{"data":"Zap","floor":10,"key":"SMITH"},{"floor":13,"key":"REST"},{"data":"Chaos","floor":15,"key":"SMITH"},{"floor":23,"key":"REST"},{"data":"Buffer","floor":30,"key":"SMITH"},{"data":"Coolheaded","floor":32,"key":"SMITH"},{"data":"Apotheosis","floor":46,"key":"SMITH"},{"data":"Double Energy","floor":49,"key":"SMITH"}],"neow_cost":"TEN_PERCENT_HP_LOSS","seed_source_timestamp":328822509605000,"circlet_count":0,"master_deck":["Defend_B","Defend_B","Defend_B","Defend_B","Zap+1","Dualcast","Doom and Gloom","Fusion+1","Melter","Ball Lightning","FTL","Chaos+1","Buffer+1","Double Energy+1","Self Repair+1","Chill","Echo Form","Coolheaded+1","Bite","Bite","Bite","Bite","Undo+1","Cold Snap+1","Electrodynamics","Sunder+1","Flash of Steel","Chrysalis","The Bomb","Apotheosis+1","Undo+1","Conserve Battery+1","Defragment","Fission","Sweeping Beam","Meteor Strike","Panache","Undo"],"relics":["Cracked Core","Mango","Centennial Puzzle","Dream Catcher","Ice Cream","Sozu","PreservedInsect","Anchor","Dodecahedron","Philosopher\u0027s Stone","DollysMirror","Bird Faced Urn","Lantern","Pocketwatch","Oddly Smooth Stone","Red Mask"],"potions_floor_usage":[18,21,24],"damage_taken":[{"damage":2,"enemies":"Small Slimes","floor":1,"turns":3},{"damage":1,"enemies":"Cultist","floor":5,"turns":3},{"damage":2,"enemies":"Jaw Worm","floor":6,"turns":3},{"damage":34,"enemies":"Gremlin Nob","floor":7,"turns":4},{"damage":9,"enemies":"Red Slaver","floor":12,"turns":3},{"damage":15,"enemies":"3 Sentries","floor":14,"turns":5},{"damage":31,"enemies":"The Guardian","floor":16,"turns":8},{"damage":0,"enemies":"3 Byrds","floor":18,"turns":2},{"damage":18,"enemies":"Shell Parasite","floor":20,"turns":4},{"damage":13,"enemies":"Snecko","floor":21,"turns":4},{"damage":21,"enemies":"Slavers","floor":24,"turns":2},{"damage":16,"enemies":"Snake Plant","floor":25,"turns":4},{"damage":14,"enemies":"Shelled Parasite and Fungi","floor":27,"turns":4},{"damage":15,"enemies":"3 Cultists","floor":29,"turns":5},{"damage":6,"enemies":"Chosen and Byrds","floor":31,"turns":5},{"damage":37,"enemies":"Champ","floor":33,"turns":11},{"damage":12,"enemies":"3 Shapes","floor":35,"turns":3},{"damage":20,"enemies":"Mind Bloom Boss Battle","floor":38,"turns":7},{"damage":8,"enemies":"Nemesis","floor":40,"turns":7},{"damage":0,"enemies":"Orb Walker","floor":41,"turns":2},{"damage":25,"enemies":"Reptomancer","floor":42,"turns":4},{"damage":0,"enemies":"Spire Growth","floor":48,"turns":4},{"damage":93,"enemies":"Time Eater","floor":50,"turns":11}],"seed_played":"-4822868494864766438","potions_obtained":[{"floor":5,"key":"SmokeBomb"},{"floor":7,"key":"FocusPotion"},{"floor":11,"key":"SneckoOil"},{"floor":11,"key":"Ancient Potion"},{"floor":16,"key":"PowerPotion"}],"is_trial":false,"path_per_floor":["M","$","?","?","M","M","E","R","T","R","?","M","R","E","R","B",null,"M","?","M","M","?","R","E","M","T","M","?","M","R","M","R","B",null,"M","?","$","?","$","E","M","E","T","$","?","R","?","M","R","B"],"character_chosen":"DEFECT","items_purchased":["Apotheosis","DollysMirror","Defragment","Fission","Panache"],"campfire_rested":2,"item_purchase_floors":[37,37,39,39,44],"current_hp_per_floor":[80,80,80,80,79,77,43,43,43,43,43,34,58,43,43,12,65,65,65,47,34,18,44,33,27,27,23,23,46,46,60,60,50,58,60,50,50,52,52,60,60,60,60,60,60,60,60,60,60,0],"gold":15,"neow_bonus":"ONE_RARE_RELIC","is_prod":false,"is_daily":false,"chose_seed":false,"campfire_upgraded":7,"win_rate":0,"timestamp":1571026613,"path_taken":["M","$","?","?","?","?","E","R","T","R","?","M","R","E","R","BOSS","M","?","M","M","?","R","E","M","T","M","?","M","R","?","R","BOSS","M","?","$","?","$","E","M","E","T","$","?","R","?","M","R","BOSS"],"build_version":"2019-07-17","purchased_purges":2,"victory":false,"max_hp_per_floor":[82,82,82,82,82,82,82,82,82,82,82,82,82,82,82,82,82,82,82,82,82,87,87,87,87,87,87,60,60,60,60,60,60,60,60,60,60,60,60,60,60,60,60,60,60,60,60,60,60,60],"card_choices":[{"not_picked":["Gash","Rebound"],"picked":"Doom and Gloom","floor":1},{"not_picked":["Consume","Hologram","Steam"],"picked":"SKIP","floor":5},{"not_picked":["Gash","Reprogram"],"picked":"Fusion","floor":6},{"not_picked":["Hologram","Streamline"],"picked":"Melter","floor":7},{"not_picked":["Capacitor","Sweeping Beam"],"picked":"Ball Lightning","floor":12},{"not_picked":["Barrage","Streamline"],"picked":"FTL","floor":13},{"not_picked":["Go for the Eyes","Scrape"],"picked":"Chaos","floor":14},{"not_picked":["Reboot","Creative AI"],"picked":"Buffer","floor":16},{"not_picked":["Streamline","Conserve Battery+1"],"picked":"Double Energy","floor":20},{"not_picked":["Streamline","Compile Driver"],"picked":"Self Repair+1","floor":21},{"not_picked":["Hello World","Rip and Tear"],"picked":"Chill","floor":23},{"not_picked":["BootSequence","Darkness"],"picked":"Echo Form","floor":24},{"not_picked":["Gash","Beam Cell","Storm"],"picked":"SKIP","floor":25},{"not_picked":["Redo","Scrape"],"picked":"Coolheaded","floor":27},{"not_picked":["Scrape","Rebound"],"picked":"Undo+1","floor":29},{"not_picked":["Redo","Rip and Tear"],"picked":"Cold Snap+1","floor":31},{"not_picked":["Amplify","Reboot"],"picked":"Electrodynamics","floor":33},{"not_picked":["Hologram+1","Blizzard"],"picked":"Sunder+1","floor":35},{"not_picked":["Master of Strategy","Impatience"],"picked":"Flash of Steel","floor":36},{"not_picked":["Finesse","HandOfGreed"],"picked":"Chrysalis","floor":36},{"not_picked":["Enlightenment","PanicButton"],"picked":"The Bomb","floor":36},{"not_picked":["Leap","Melter+1"],"picked":"Conserve Battery+1","floor":38},{"not_picked":["Hologram+1","Sunder+1","Cold Snap"],"picked":"SKIP","floor":40},{"not_picked":["Leap","Chill"],"picked":"Sweeping Beam","floor":41},{"not_picked":["Cold Snap","FTL"],"picked":"Meteor Strike","floor":42},{"not_picked":["Redo","Gash+1"],"picked":"Undo","floor":48}],"player_experience":837586,"relics_obtained":[{"floor":7,"key":"Centennial Puzzle"},{"floor":9,"key":"Dream Catcher"},{"floor":14,"key":"Ice Cream"},{"floor":24,"key":"Anchor"},{"floor":26,"key":"Dodecahedron"},{"floor":38,"key":"Bird Faced Urn"},{"floor":40,"key":"Lantern"},{"floor":42,"key":"Pocketwatch"},{"floor":43,"key":"Oddly Smooth Stone"}],"event_choices":[{"damage_healed":0,"gold_gain":75,"player_choice":"Gained Gold","damage_taken":0,"max_hp_gain":0,"max_hp_loss":0,"event_name":"Golden Wing","floor":3,"gold_loss":0},{"damage_healed":0,"gold_gain":100,"player_choice":"Pray","damage_taken":0,"max_hp_gain":0,"max_hp_loss":0,"event_name":"Golden Shrine","floor":4,"gold_loss":0},{"damage_healed":0,"gold_gain":0,"player_choice":"Bought 3 Potions","damage_taken":0,"max_hp_gain":0,"max_hp_loss":0,"event_name":"The Woman in Blue","floor":11,"gold_loss":0},{"damage_healed":0,"gold_gain":0,"player_choice":"Opened","damage_taken":0,"relics_obtained":["PreservedInsect"],"max_hp_gain":0,"max_hp_loss":0,"event_name":"The Mausoleum","floor":19,"gold_loss":0,"cards_obtained":["Writhe"]},{"damage_healed":0,"gold_gain":0,"player_choice":"Shed Blood","damage_taken":21,"max_hp_gain":5,"max_hp_loss":0,"event_name":"Forgotten Altar","floor":22,"gold_loss":0},{"damage_healed":0,"gold_gain":0,"player_choice":"Became a vampire","damage_taken":0,"max_hp_gain":0,"max_hp_loss":27,"event_name":"Vampires","floor":28,"gold_loss":0,"cards_obtained":["Bite","Bite","Bite","Bite","Bite"]},{"damage_healed":0,"gold_gain":0,"player_choice":"Memory 3","damage_taken":10,"max_hp_gain":0,"max_hp_loss":0,"event_name":"SensoryStone","floor":36,"gold_loss":0},{"damage_healed":0,"gold_gain":0,"player_choice":"Fight","damage_taken":0,"max_hp_gain":0,"max_hp_loss":0,"event_name":"MindBloom","floor":38,"gold_loss":0},{"damage_healed":0,"gold_gain":0,"player_choice":"Paid","damage_taken":0,"relics_obtained":["Red Mask"],"max_hp_gain":0,"max_hp_loss":0,"event_name":"Tomb of Lord Red Mask","floor":45,"gold_loss":5},{"cards_removed":["Bite"],"damage_healed":0,"gold_gain":0,"player_choice":"Removed Attack","damage_taken":0,"max_hp_gain":0,"max_hp_loss":0,"event_name":"Falling","floor":47,"gold_loss":0}],"is_beta":false,"boss_relics":[{"not_picked":["White Beast Statue","Astrolabe"],"picked":"Sozu"},{"not_picked":["Velvet Choker","Orrery"],"picked":"Philosopher\u0027s Stone"}],"items_purged_floors":[2,37],"is_endless":false,"potions_floor_spawned":[5,7,12,16,18,21,31,35,38],"killed_by":"Time Eater","ascension_level":9}