{"path_per_floor":["M","M","?","M","M","R","?","M","T","M","$","R","?","M","R","B",null,"M","?","M","?","M","R"],"character_chosen":"THE_SILENT","items_purchased":["Noxious Fumes"],"gold_per_floor":[118,129,129,140,154,154,154,172,218,235,85,85,65,77,77,172,172,172,172,112,37,37,37],"floor_reached":24,"campfire_rested":2,"playtime":1723,"current_hp_per_floor":[70,70,56,49,49,70,58,58,58,58,58,58,58,58,58,32,70,63,63,52,52,30,51],"items_purged":["Strike_G"],"gold":37,"score":190,"play_id":"9134bb07-e708-4896-91ee-530b970f94d3","local_time":"20180307214957","is_prod":false,"is_daily":false,"is_ascension_mode":false,"campfire_upgraded":2,"timestamp":1520480997,"path_taken":["M","?","?","M","M","R","?","M","T","M","$","R","?","M","R","BOSS","M","?","M","?","M","R","E"],"build_version":"2018-03-01-PROD1","purchased_purges":1,"victory":false,"master_deck":["Defend_G+1","Defend_G","Defend_G","Defend_G+1","Defend_G","Strike_G","Strike_G","Strike_G","Strike_G","Survivor","Neutralize","Die Die Die","Well Laid Plans","All Out Attack+1","Calculated Gamble","Dagger Spray","Slice","Noxious Fumes+1","Backflip","Bullet Time","Slice+1","Quick Slash","Expertise"],"max_hp_per_floor":[70,70,70,70,70,70,70,70,70,70,70,70,70,70,70,70,70,70,70,70,70,70,70],"relics":["Ring of the Snake","Juzu Bracelet","Lantern","Ectoplasm","Kunai"],"card_choices":[{"not_picked":["Outmaneuver","Distraction"],"picked":"Well Laid Plans"},{"not_picked":["Bane","Sucker Punch"],"picked":"All Out Attack"},{"not_picked":["Underhanded Strike","Quick Slash"],"picked":"Calculated Gamble"},{"not_picked":["Heel Hook","Leg Sweep"],"picked":"Dagger Spray"},{"not_picked":["Deflect","Dagger Throw"],"picked":"Slice"},{"not_picked":["Heel Hook","Prepared"],"picked":"Backflip"},{"not_picked":["Burst","Wraith Form"],"picked":"Bullet Time"},{"not_picked":["Dagger Throw","Acrobatics"],"picked":"Slice"},{"not_picked":["Dagger Throw","Accuracy"],"picked":"Quick Slash"},{"not_picked":["Dodge and Roll","Backstab"],"picked":"Expertise"}],"player_experience":80354,"potions_floor_usage":[8,16],"damage_taken":[{"damage":0,"enemies":"Cultist","floor":1,"turns":3},{"damage":0,"enemies":"2 Louse","floor":2,"turns":1},{"damage":7,"enemies":"Jaw Worm","floor":4,"turns":3},{"damage":0,"enemies":"Large Slime","floor":5,"turns":5},{"damage":0,"enemies":"Looter","floor":8,"turns":4},{"damage":0,"enemies":"3 Louse","floor":10,"turns":2},{"damage":0,"enemies":"Blue Slaver","floor":14,"turns":3},{"damage":26,"enemies":"Slime Boss","floor":16,"turns":9},{"damage":7,"enemies":"Shell Parasite","floor":18,"turns":7},{"damage":11,"enemies":"2 Thieves","floor":20,"turns":4},{"damage":22,"enemies":"Snake Plant","floor":22,"turns":6},{"damage":0,"enemies":"Slavers","floor":24,"turns":1}],"event_choices":[{"event_name":"Shining Light","player_choice":"Entered Light","floor":3,"damage_taken":0},{"event_name":"Scrap Ooze","player_choice":"success","floor":7,"damage_taken":12},{"event_name":"World of Goop","player_choice":"Left","floor":13,"damage_taken":0},{"event_name":"The Mausoleum","player_choice":"Yes","floor":19,"damage_taken":0},{"event_name":"Beggar","player_choice":"Gave Gold","floor":21,"damage_taken":0}],"boss_relics":[{"not_picked":["Sozu","Question Card"],"picked":"Ectoplasm"}],"potions_floor_spawned":[2,5,16,18],"seed_played":"5981036123615372422","killed_by":"Slavers","ascension_level":0,"is_trial":false}