{"gold_per_floor":[116,131,30,47,67,67,102,102,102,113,113],"floor_reached":11,"playtime":733,"items_purged":[],"score":116,"play_id":"4a3b6d48-de41-47b4-93fb-58b4c58df869","local_time":"20191029141203","is_ascension_mode":true,"campfire_choices":[{"data":"Double Tap","floor":6,"key":"SMITH"}],"neow_cost":"PERCENT_DAMAGE","seed_source_timestamp":49019342862900,"circlet_count":0,"master_deck":["AscendersBane","Strike_R","Strike_R","Strike_R","Strike_R","Strike_R","Defend_R","Defend_R","Defend_R","Defend_R","Bash","Double Tap+1","Pommel Strike","Headbutt","Thunderclap","Intimidate","True Grit","Armaments+1","Twin Strike","True Grit"],"relics":["Burning Blood","Dream Catcher","The Courier"],"potions_floor_usage":[],"damage_taken":[{"damage":10,"enemies":"Small Slimes","floor":1,"turns":3},{"damage":6,"enemies":"2 Louse","floor":2,"turns":3},{"damage":7,"enemies":"Jaw Worm","floor":4,"turns":3},{"damage":1,"enemies":"2 Fungi Beasts","floor":5,"turns":4},{"damage":36,"enemies":"3 Sentries","floor":7,"turns":10},{"damage":20,"enemies":"Exordium Wildlife","floor":10,"turns":5},{"damage":12,"enemies":"3 Louse","floor":11,"turns":2}],"seed_played":"-2716171208932429857","potions_obtained":[{"floor":7,"key":"Weak Potion"},{"floor":10,"key":"Regen Potion"}],"is_trial":false,"path_per_floor":["M","M","$","M","M","R","E","?","T","M","M"],"character_chosen":"IRONCLAD","items_purchased":["Thunderclap","Intimidate"],"campfire_rested":0,"item_purchase_floors":[3,3],"current_hp_per_floor":[47,47,47,46,51,51,21,21,21,7,0],"gold":113,"neow_bonus":"THREE_RARE_CARDS","is_prod":false,"is_daily":false,"chose_seed":false,"campfire_upgraded":1,"win_rate":0,"timestamp":1572376323,"path_taken":["M","M","$","M","M","R","E","?","T","M","M"],"build_version":"2019-07-17","purchased_purges":0,"victory":false,"max_hp_per_floor":[80,80,80,80,80,80,80,80,80,80,80],"card_choices":[{"not_picked":["Barricade","Demon Form"],"picked":"Double Tap","floor":0},{"not_picked":["Heavy Blade","Havoc"],"picked":"Pommel Strike","floor":1},{"not_picked":["Reckless Charge","Armaments"],"picked":"Headbutt","floor":2},{"not_picked":["Brutality","Thunderclap"],"picked":"True Grit","floor":4},{"not_picked":["Rupture","Second Wind"],"picked":"Armaments","floor":5},{"not_picked":["Havoc","Corruption"],"picked":"Twin Strike","floor":7},{"not_picked":["Heavy Blade","Pommel Strike"],"picked":"True Grit","floor":10}],"player_experience":947448,"relics_obtained":[{"floor":7,"key":"Dream Catcher"},{"floor":9,"key":"The Courier"}],"event_choices":[{"damage_healed":0,"gold_gain":0,"player_choice":"Grow","damage_taken":0,"max_hp_gain":0,"max_hp_loss":0,"event_name":"Living Wall","floor":8,"gold_loss":0,"cards_upgraded":["Armaments"]}],"is_beta":false,"boss_relics":[],"items_purged_floors":[],"is_endless":false,"potions_floor_spawned":[7,10],"killed_by":"3 Louse","ascension_level":11}