{"gold_per_floor":[115,115,40,52,62,62,73,99,99,99,116,116,134,165,165,265,265,281,296,9,9,20,20,20],"floor_reached":24,"playtime":1150,"items_purged":["Strike_B","Strike_B"],"score":218,"play_id":"396343ea-05c6-468f-b413-9b8940cb35d2","local_time":"20181005003401","is_ascension_mode":true,"campfire_choices":[{"data":"Dualcast","floor":6,"key":"SMITH"},{"data":"1","floor":10,"key":"LIFT"},{"data":"2","floor":12,"key":"LIFT"},{"data":"3","floor":15,"key":"LIFT"},{"data":"Defend_B","floor":23,"key":"SMITH"}],"neow_cost":"NONE","seed_source_timestamp":1319957166963819,"circlet_count":0,"master_deck":["Strike_B+1","Strike_B","Defend_B+1","Defend_B","Defend_B","Defend_B","Zap+1","Dualcast+1","Ball Lightning","Streamline","Sunder","FTL+1","Conserve Battery","Reinforced Body","Creative AI","Lockon","Leap","Storm"],"relics":["Cracked Core","Unceasing Top","Girya","Emotion Chip","Runic Pyramid","Whetstone","Pantograph"],"potions_floor_usage":[7,18,24],"damage_taken":[{"damage":2,"enemies":"Small Slimes","floor":1,"turns":2},{"damage":1,"enemies":"Cultist","floor":4,"turns":3},{"damage":0,"enemies":"2 Louse","floor":5,"turns":1},{"damage":0,"enemies":"Blue Slaver","floor":7,"turns":1},{"damage":18,"enemies":"Lagavulin","floor":8,"turns":3},{"damage":0,"enemies":"Looter","floor":11,"turns":2},{"damage":0,"enemies":"3 Louse","floor":13,"turns":1},{"damage":4,"enemies":"3 Sentries","floor":14,"turns":4},{"damage":24,"enemies":"The Guardian","floor":16,"turns":8},{"damage":14,"enemies":"Shell Parasite","floor":18,"turns":6},{"damage":13,"enemies":"2 Thieves","floor":19,"turns":2},{"damage":0,"enemies":"Cultist and Chosen","floor":22,"turns":5},{"damage":47,"enemies":"Slavers","floor":24,"turns":4}],"seed_played":"1394540570782242657","potions_obtained":[{"floor":4,"key":"Strength Potion"},{"floor":5,"key":"AttackPotion"},{"floor":8,"key":"Dexterity Potion"},{"floor":13,"key":"Dexterity Potion"},{"floor":18,"key":"SkillPotion"}],"is_trial":false,"path_per_floor":["M","?","$","M","M","R","M","E","T","R","M","R","M","E","R","B",null,"M","M","$","?","M","R"],"character_chosen":"DEFECT","items_purchased":["Storm","Whetstone"],"campfire_rested":0,"item_purchase_floors":[20,20],"current_hp_per_floor":[73,73,73,72,72,72,72,54,54,54,54,54,54,50,50,26,75,61,48,48,48,48,48,1],"gold":20,"neow_bonus":"THREE_CARDS","is_prod":false,"is_daily":false,"chose_seed":false,"campfire_upgraded":2,"win_rate":0,"timestamp":1538717641,"path_taken":["M","?","$","M","M","R","M","E","T","R","M","R","M","E","R","BOSS","M","M","$","?","M","R","E"],"build_version":"2018-10-04","purchased_purges":2,"victory":false,"max_hp_per_floor":[75,75,75,75,75,75,75,75,75,75,75,75,75,75,75,75,75,75,75,75,75,75,75,75],"card_choices":[{"not_picked":["Sweeping Beam","Loop"],"picked":"Ball Lightning","floor":0},{"not_picked":["Steam","Ball Lightning","Stack"],"picked":"SKIP","floor":1},{"not_picked":["Capacitor","FTL"],"picked":"Streamline","floor":4},{"not_picked":["Go for the Eyes","Compile Driver"],"picked":"Sunder","floor":5},{"not_picked":["Streamline","Ball Lightning"],"picked":"FTL","floor":7},{"not_picked":["All For One","Sweeping Beam"],"picked":"Conserve Battery","floor":8},{"not_picked":["Coolheaded","Double Energy","Barrage"],"picked":"SKIP","floor":11},{"not_picked":["Ball Lightning","Turbo","Seek"],"picked":"SKIP","floor":13},{"not_picked":["All For One","Go for the Eyes"],"picked":"Reinforced Body","floor":14},{"not_picked":["Amplify","Rainbow"],"picked":"Creative AI","floor":16},{"not_picked":["Ball Lightning+1","Reinforced Body+1"],"picked":"Lockon","floor":18},{"not_picked":["Go for the Eyes","Gash+1"],"picked":"Leap","floor":19},{"not_picked":["Streamline","Beam Cell","Stack"],"picked":"SKIP","floor":22}],"player_experience":380252,"relics_obtained":[{"floor":8,"key":"Unceasing Top"},{"floor":9,"key":"Girya"},{"floor":14,"key":"Emotion Chip"}],"event_choices":[{"event_name":"Accursed Blacksmith","player_choice":"Forge","floor":2,"damage_taken":0},{"event_name":"The Mausoleum","player_choice":"Yes","floor":21,"damage_taken":0}],"is_beta":false,"boss_relics":[{"not_picked":["FrozenCore","Nuclear Battery"],"picked":"Runic Pyramid"}],"items_purged_floors":[3,20],"is_endless":false,"potions_floor_spawned":[4,5,8,13,14,18,19],"killed_by":"Slavers","ascension_level":1}