{"gold_per_floor":[112,37,49,124,142,142,158,158,158,158,185,196,231,251,251,354,354,366,92,110,10,10,10,27,45,69,79,79,93,93,106,106,206,206,224,224,241,82,82,113,113,113],"floor_reached":42,"playtime":3020,"items_purged":["Strike_R","Strike_R"],"score":440,"play_id":"f064068b-63b9-47be-b658-59b7c75344bc","local_time":"20180907003153","is_ascension_mode":false,"campfire_choices":[{"data":"Body Slam","floor":6,"key":"SMITH"},{"data":"Metallicize","floor":8,"key":"SMITH"},{"data":"Metallicize","floor":10,"key":"SMITH"},{"data":"Flex","floor":15,"key":"SMITH"},{"data":"Juggernaut","floor":23,"key":"SMITH"},{"data":"Flame Barrier","floor":32,"key":"SMITH"},{"data":"Limit Break","floor":41,"key":"SMITH"}],"neow_cost":"NONE","seed_source_timestamp":367921121057532,"circlet_count":0,"master_deck":["Strike_R+1","Strike_R+1","Defend_R+1","Defend_R+1","Defend_R+1","Defend_R+1","Bash","Metallicize+1","Body Slam+1","Metallicize+1","Flex+1","Cleave","Clash","Juggernaut+1","Flame Barrier+1","Metamorphosis","Shrug It Off","Ghostly Armor","Inflame","Limit Break+1","Demon Form","Metallicize+1"],"relics":["Burning Blood","Blood Vial","Question Card","Lantern","Coffee Dripper","Anchor","Ancient Tea Set","Potion Belt"],"potions_floor_usage":[7,16,16,27,40,40],"damage_taken":[{"damage":2,"enemies":"2 Louse","floor":1,"turns":4},{"damage":2,"enemies":"Cultist","floor":3,"turns":6},{"damage":5,"enemies":"Small Slimes","floor":5,"turns":6},{"damage":6,"enemies":"Exordium Thugs","floor":7,"turns":6},{"damage":36,"enemies":"Gremlin Nob","floor":11,"turns":6},{"damage":4,"enemies":"Red Slaver","floor":12,"turns":4},{"damage":11,"enemies":"3 Sentries","floor":13,"turns":9},{"damage":8,"enemies":"Lots of Slimes","floor":14,"turns":3},{"damage":37,"enemies":"Slime Boss","floor":16,"turns":13},{"damage":21,"enemies":"2 Thieves","floor":18,"turns":3},{"damage":1,"enemies":"3 Byrds","floor":20,"turns":3},{"damage":2,"enemies":"Centurion and Healer","floor":24,"turns":6},{"damage":17,"enemies":"Snake Plant","floor":25,"turns":4},{"damage":10,"enemies":"Shelled Parasite and Fungi","floor":27,"turns":4},{"damage":4,"enemies":"Chosen and Byrds","floor":29,"turns":5},{"damage":0,"enemies":"Centurion and Healer","floor":31,"turns":4},{"damage":51,"enemies":"Collector","floor":33,"turns":11},{"damage":8,"enemies":"3 Darklings","floor":35,"turns":6},{"damage":1,"enemies":"Orb Walker","floor":37,"turns":4},{"damage":66,"enemies":"Giant Head","floor":40,"turns":11},{"damage":35,"enemies":"Reptomancer","floor":42,"turns":2}],"seed_played":"2872244085256699953","potions_obtained":[{"floor":3,"key":"Fire Potion"},{"floor":5,"key":"Dexterity Potion"},{"floor":7,"key":"Swift Potion"},{"floor":18,"key":"Explosive Potion"},{"floor":25,"key":"Block Potion"},{"floor":35,"key":"SpeedPotion"},{"floor":37,"key":"PowerPotion"}],"is_trial":false,"path_per_floor":["M","$","M","?","M","R","M","R","T","R","E","M","E","M","R","B",null,"M","$","M","$","?","R","M","M","T","M","?","M","?","M","R","B",null,"M","?","M","$","?","E","R"],"character_chosen":"IRONCLAD","items_purchased":["Flame Barrier","Metamorphosis","Demon Form"],"campfire_rested":0,"item_purchase_floors":[19,19,38],"current_hp_per_floor":[80,80,80,72,73,73,73,73,73,73,45,49,46,46,46,17,80,65,65,72,72,72,72,78,69,69,75,75,79,79,80,80,35,80,78,78,80,80,80,20,20,0],"gold":113,"neow_bonus":"TRANSFORM_CARD","is_prod":false,"is_daily":false,"chose_seed":false,"campfire_upgraded":7,"win_rate":0,"timestamp":1536298313,"path_taken":["M","$","M","?","M","R","M","R","T","R","E","M","E","M","R","BOSS","M","$","M","$","?","R","M","M","T","M","?","M","?","M","R","BOSS","M","?","M","$","?","E","R","?"],"build_version":"2018-09-06","purchased_purges":2,"victory":false,"max_hp_per_floor":[80,80,80,80,80,80,80,80,80,80,80,80,80,80,80,80,80,80,80,80,80,80,80,80,80,80,80,80,80,80,80,80,80,80,80,80,80,80,80,80,80,80],"card_choices":[{"not_picked":["Pummel","Reckless Charge"],"picked":"Body Slam","floor":1},{"not_picked":["Sword Boomerang","Anger"],"picked":"Metallicize","floor":3},{"not_picked":["Headbutt","Heavy Blade"],"picked":"Flex","floor":5},{"not_picked":["Headbutt","Blood for Blood","Iron Wave"],"picked":"SKIP","floor":7},{"not_picked":["Pommel Strike","Flex","Cleave"],"picked":"SKIP","floor":11},{"not_picked":["Whirlwind","Armaments","Sword Boomerang"],"picked":"Cleave","floor":12},{"not_picked":["Headbutt","Clothesline","Exhume"],"picked":"Clash","floor":13},{"not_picked":["Flex","Havoc","Sever Soul","Clothesline"],"picked":"SKIP","floor":14},{"not_picked":["Reaper","Bludgeon","Brutality"],"picked":"Juggernaut","floor":16},{"not_picked":["Pummel","Headbutt","Flex","Clash"],"picked":"SKIP","floor":18},{"not_picked":["Thunderclap","Combust","Uppercut","Sword Boomerang"],"picked":"SKIP","floor":20},{"not_picked":["Anger","Uppercut+1","Flex+1","Pommel Strike"],"picked":"SKIP","floor":24},{"not_picked":["Metallicize","Pommel Strike+1","Headbutt"],"picked":"Shrug It Off","floor":25},{"not_picked":["Flex+1","Havoc","Clothesline+1"],"picked":"Ghostly Armor","floor":27},{"not_picked":["Seeing Red","Anger","Flex","Entrench"],"picked":"SKIP","floor":29},{"not_picked":["Spot Weakness","Cleave+1","Limit Break"],"picked":"Inflame","floor":31},{"not_picked":["Exhume","Immolate","Brutality"],"picked":"Limit Break","floor":33},{"not_picked":["Perfected Strike+1","Wild Strike+1","Thunderclap+1","True Grit"],"picked":"SKIP","floor":35},{"not_picked":["Searing Blow+1","Body Slam","Clothesline+1","Headbutt+1"],"picked":"SKIP","floor":37},{"not_picked":["Sever Soul+1","Cleave","Hemokinesis+1","Demon Form"],"picked":"SKIP","floor":40}],"player_experience":306819,"relics_obtained":[{"floor":9,"key":"Blood Vial"},{"floor":11,"key":"Question Card"},{"floor":13,"key":"Lantern"},{"floor":26,"key":"Ancient Tea Set"},{"floor":40,"key":"Potion Belt"}],"event_choices":[{"event_name":"FaceTrader","player_choice":"Touch","floor":4,"damage_taken":0},{"event_name":"WeMeetAgain","player_choice":"Potion","floor":22,"damage_taken":0},{"event_name":"Back to Basics","player_choice":"Simplicity","floor":28,"damage_taken":0},{"event_name":"Cursed Tome","player_choice":"Ignored","floor":30,"damage_taken":0},{"event_name":"Tomb of Lord Red Mask","player_choice":"Ignored","floor":36,"damage_taken":0},{"event_name":"Duplicator","player_choice":"One dupe","floor":39,"damage_taken":0}],"is_beta":false,"boss_relics":[{"not_picked":["Cursed Key","White Beast Statue"],"picked":"Coffee Dripper"},{"not_picked":["Mark of Pain","Astrolabe","Empty Cage"]}],"items_purged_floors":[2,21],"is_endless":false,"potions_floor_spawned":[3,5,7,18,25,35,37],"killed_by":"Reptomancer","ascension_level":0}