{"gold_per_floor":[115,80,92,92,109,109,109,138,138,138,172,24,24,37,37,132,132,148,164,176,186,205,205,236,236,259,259,275,302,100,100,100,199,199,213,213,213,213,227,227,244,244,270,282,302,331,342,352,352,352],"floor_reached":50,"playtime":3547,"items_purged":[],"score":601,"play_id":"741ebbc0-5dba-40ae-b187-1f8a16bf9186","local_time":"20181104233808","is_ascension_mode":true,"campfire_choices":[{"data":"Zap","floor":7,"key":"SMITH"},{"data":"Hologram","floor":10,"key":"SMITH"},{"data":"Creative AI","floor":13,"key":"SMITH"},{"floor":15,"key":"REST"},{"floor":23,"key":"REST"},{"floor":27,"key":"REST"},{"floor":32,"key":"REST"},{"floor":40,"key":"REST"},{"floor":42,"key":"REST"},{"floor":49,"key":"REST"}],"neow_cost":"NONE","seed_source_timestamp":1027830440883672,"circlet_count":0,"master_deck":["Strike_B","Strike_B","Strike_B","Defend_B","Defend_B","Defend_B","Zap+1","Dualcast","Hologram+1","Ball Lightning","FTL","Conserve Battery","Creative AI+1","Melter","Loop","Force Field","Electrodynamics","Defragment+1","Glacier","Leap","Amplify","Self Repair+1","Panacea","Madness","Madness","Leap"],"relics":["Cracked Core","Singing Bowl","Sundial","Mummified Hand","PreservedInsect","Lizard Tail","Bottled Tornado","Omamori","Regal Pillow","Vajra","Fusion Hammer","Smiling Mask","Dead Branch"],"potions_floor_usage":[8,18,22,33,39,41,50],"damage_taken":[{"damage":0,"enemies":"Small Slimes","floor":1,"turns":2},{"damage":0,"enemies":"Cultist","floor":3,"turns":2},{"damage":0,"enemies":"Jaw Worm","floor":5,"turns":3},{"damage":16,"enemies":"Gremlin Nob","floor":8,"turns":4},{"damage":16,"enemies":"Lagavulin","floor":11,"turns":5},{"damage":9,"enemies":"Red Slaver","floor":14,"turns":2},{"damage":13,"enemies":"The Guardian","floor":16,"turns":7},{"damage":7,"enemies":"Chosen","floor":18,"turns":4},{"damage":7,"enemies":"3 Byrds","floor":19,"turns":2},{"damage":50,"enemies":"Shelled Parasite and Fungi","floor":20,"turns":5},{"damage":6,"enemies":"Snecko","floor":21,"turns":5},{"damage":19,"enemies":"Snake Plant","floor":22,"turns":3},{"damage":9,"enemies":"Gremlin Leader","floor":24,"turns":5},{"damage":9,"enemies":"Centurion and Healer","floor":28,"turns":6},{"damage":34,"enemies":"Book of Stabbing","floor":29,"turns":4},{"damage":17,"enemies":"Automaton","floor":33,"turns":12},{"damage":12,"enemies":"3 Shapes","floor":35,"turns":4},{"damage":30,"enemies":"3 Darklings","floor":39,"turns":5},{"damage":9,"enemies":"Transient","floor":41,"turns":5},{"damage":22,"enemies":"Jaw Worm Horde","floor":44,"turns":5},{"damage":21,"enemies":"3 Darklings","floor":45,"turns":3},{"damage":14,"enemies":"Reptomancer","floor":46,"turns":6},{"damage":11,"enemies":"Writhing Mass","floor":47,"turns":7},{"damage":13,"enemies":"Sphere and 2 Shapes","floor":48,"turns":4},{"damage":92,"enemies":"Awakened One","floor":50,"turns":6}],"seed_played":"2703638440547839123","potions_obtained":[{"floor":3,"key":"Poison Potion"},{"floor":5,"key":"EssenceOfSteel"},{"floor":11,"key":"Strength Potion"},{"floor":14,"key":"Poison Potion"},{"floor":22,"key":"Explosive Potion"},{"floor":24,"key":"Ancient Potion"},{"floor":33,"key":"FocusPotion"},{"floor":39,"key":"Fire Potion"},{"floor":46,"key":"Energy Potion"},{"floor":48,"key":"SteroidPotion"}],"is_trial":false,"path_per_floor":["M","$","M","?","M","?","R","E","T","R","E","$","R","M","R","B",null,"M","M","M","M","M","R","E","?","T","R","M","E","$","?","R","B",null,"M","?","?","?","M","R","M","R","T","M","M","E","M","M","R","B"],"character_chosen":"DEFECT","items_purchased":["FTL","PreservedInsect","Leap","Vajra"],"campfire_rested":7,"item_purchase_floors":[2,12,30,30],"current_hp_per_floor":[75,75,75,75,75,75,75,59,59,59,43,43,43,34,56,43,75,70,65,17,11,34,58,51,51,51,76,69,35,35,35,76,59,87,75,75,64,64,46,87,88,89,89,79,60,58,59,48,92,0],"gold":352,"neow_bonus":"THREE_CARDS","is_prod":false,"is_daily":false,"chose_seed":false,"campfire_upgraded":3,"win_rate":0,"timestamp":1541396288,"path_taken":["M","$","M","?","?","?","R","E","T","R","E","$","R","M","R","BOSS","M","M","M","M","M","R","E","?","T","R","M","E","$","?","R","BOSS","M","?","?","?","M","R","M","R","T","M","M","E","M","M","R","BOSS"],"build_version":"2018-11-01","purchased_purges":0,"victory":false,"max_hp_per_floor":[75,75,75,75,75,75,75,75,75,75,75,75,75,75,75,75,75,77,79,81,81,83,83,85,85,85,85,87,87,87,87,87,87,87,87,87,87,87,89,89,89,89,89,91,93,95,97,99,99,99],"card_choices":[{"not_picked":["Sweeping Beam","Gash"],"picked":"Hologram","floor":0},{"not_picked":["Capacitor","Redo"],"picked":"Ball Lightning","floor":1},{"not_picked":["Loop","Compile Driver"],"picked":"Conserve Battery","floor":3},{"not_picked":["Compile Driver","Go for the Eyes","Ball Lightning"],"picked":"SKIP","floor":5},{"not_picked":["Double Energy","Steam"],"picked":"Melter","floor":8},{"not_picked":["Compile Driver","FTL"],"picked":"Loop","floor":11},{"not_picked":["Genetic Algorithm","Beam Cell"],"picked":"Force Field","floor":14},{"not_picked":["Echo Form","Seek"],"picked":"Electrodynamics","floor":16},{"not_picked":["Recycle","Hologram+1","Cold Snap"],"picked":"Singing Bowl","floor":18},{"not_picked":["Hologram+1","Compile Driver","Go for the Eyes"],"picked":"Singing Bowl","floor":19},{"not_picked":["Turbo","Scrape","Capacitor+1"],"picked":"Singing Bowl","floor":20},{"not_picked":["Sweeping Beam+1","Chaos"],"picked":"Defragment+1","floor":21},{"not_picked":["Sweeping Beam","Darkness","Turbo"],"picked":"Singing Bowl","floor":22},{"not_picked":["Ball Lightning","Conserve Battery","Rip and Tear"],"picked":"Singing Bowl","floor":24},{"not_picked":["Glacier+1","Cold Snap","Gash+1"],"picked":"Singing Bowl","floor":28},{"not_picked":["Redo+1","Meteor Strike"],"picked":"Glacier","floor":29},{"not_picked":["Core Surge","Hyperbeam"],"picked":"Amplify","floor":33},{"not_picked":["Turbo+1","Stack"],"picked":"Self Repair+1","floor":35},{"not_picked":["Jack Of All Trades","Discovery"],"picked":"Panacea","floor":36},{"not_picked":["Storm+1","White Noise","Steam Power+1"],"picked":"Singing Bowl","floor":39},{"not_picked":["Coolheaded+1","Genetic Algorithm+1"],"picked":"Leap","floor":41},{"not_picked":["Rebound+1","Skim+1","Genetic Algorithm+1"],"picked":"Singing Bowl","floor":44},{"not_picked":["Sweeping Beam","Compile Driver","Stack"],"picked":"Singing Bowl","floor":45},{"not_picked":["Redo+1","Sunder+1","Conserve Battery+1"],"picked":"Singing Bowl","floor":46},{"not_picked":["Barrage","Gash+1","Ball Lightning"],"picked":"Singing Bowl","floor":47},{"not_picked":["Gash","Meteor Strike","Tempest+1"],"picked":"Singing Bowl","floor":48}],"player_experience":501411,"relics_obtained":[{"floor":8,"key":"Singing Bowl"},{"floor":9,"key":"Sundial"},{"floor":11,"key":"Mummified Hand"},{"floor":24,"key":"Bottled Tornado"},{"floor":26,"key":"Omamori"},{"floor":29,"key":"Regal Pillow"},{"floor":43,"key":"Smiling Mask"},{"floor":46,"key":"Dead Branch"}],"event_choices":[{"cards_removed":["Strike_B"],"damage_healed":0,"gold_gain":0,"player_choice":"Offered Basic","damage_taken":0,"max_hp_gain":0,"max_hp_loss":0,"event_name":"Bonfire Elementals","floor":4,"gold_loss":0},{"damage_healed":0,"gold_gain":0,"cards_transformed":["Defend_B"],"player_choice":"Transformed","damage_taken":0,"max_hp_gain":0,"max_hp_loss":0,"event_name":"Transmorgrifier","floor":6,"gold_loss":0,"cards_obtained":["Creative AI"]},{"damage_healed":0,"gold_gain":0,"player_choice":"Ignored","damage_taken":0,"max_hp_gain":0,"max_hp_loss":0,"event_name":"Ghosts","floor":25,"gold_loss":0},{"damage_healed":0,"gold_gain":0,"player_choice":"Ignored","damage_taken":0,"max_hp_gain":0,"max_hp_loss":0,"event_name":"Vampires","floor":31,"gold_loss":0},{"damage_healed":0,"gold_gain":0,"player_choice":"Memory 1","damage_taken":0,"max_hp_gain":0,"max_hp_loss":0,"event_name":"SensoryStone","floor":36,"gold_loss":0},{"damage_healed":0,"gold_gain":0,"player_choice":"Embrace Madness","damage_taken":11,"max_hp_gain":0,"max_hp_loss":0,"event_name":"Winding Halls","floor":37,"gold_loss":0,"cards_obtained":["Madness","Madness"]},{"damage_healed":0,"gold_gain":0,"player_choice":"Ignored","damage_taken":0,"max_hp_gain":0,"max_hp_loss":0,"event_name":"Mysterious Sphere","floor":38,"gold_loss":0}],"is_beta":false,"boss_relics":[{"not_picked":["White Beast Statue","Runic Pyramid"],"picked":"Lizard Tail"},{"not_picked":["Snecko Eye","Eternal Feather"],"picked":"Fusion Hammer"}],"items_purged_floors":[],"is_endless":false,"potions_floor_spawned":[3,5,11,14,22,24,28,29,33,35,39,46,48],"killed_by":"Awakened One","ascension_level":2}