{"gold_per_floor":[109,119,119,129,129,129,156,171,171,45,60,79,79,79,79,178,178,193,211,229,129,44,76,76,108,108,123,137,137,137,148,148,248,248,267,267,283,79,79,79,79],"floor_reached":41,"playtime":2758,"items_purged":["Strike_G","Strike_G","Strike_G"],"score":480,"play_id":"f8ea55da-9a62-4dc3-9c72-8acac217bbe1","local_time":"20181006202117","is_ascension_mode":true,"campfire_choices":[{"data":"Phantasmal Killer","floor":6,"key":"SMITH"},{"data":"Riddle With Holes","floor":13,"key":"SMITH"},{"data":"Defend_G","floor":15,"key":"SMITH"},{"floor":24,"key":"REST"},{"floor":30,"key":"REST"},{"floor":32,"key":"REST"},{"data":"Madness","floor":40,"key":"SMITH"}],"neow_cost":"NONE","seed_source_timestamp":1475983232691450,"circlet_count":0,"master_deck":["Defend_G+1","Defend_G","Defend_G+1","Defend_G","Defend_G","Strike_G+1","Strike_G","Survivor","Neutralize","Phantasmal Killer+1","Flying Knee","Infinite Blades","Riddle With Holes+1","Sucker Punch","Dagger Throw","Underhanded Strike","Well Laid Plans","Bullet Time+1","Slice+1","Outmaneuver","Predator","Backstab","Masterful Stab","Quick Slash+1","Blade Dance","Madness+1","Madness","Footwork"],"relics":["Ring of the Snake","Mango","Ornamental Fan","Pear","WristBlade","Dodecahedron","Bag of Preparation","Gambling Chip","Gremlin Horn","Sozu"],"potions_floor_usage":[8,23,29,33],"damage_taken":[{"damage":0,"enemies":"2 Louse","floor":1,"turns":4},{"damage":1,"enemies":"Jaw Worm","floor":2,"turns":5},{"damage":0,"enemies":"Cultist","floor":4,"turns":3},{"damage":18,"enemies":"Lagavulin","floor":7,"turns":6},{"damage":3,"enemies":"Exordium Thugs","floor":8,"turns":4},{"damage":0,"enemies":"Looter","floor":11,"turns":2},{"damage":5,"enemies":"3 Louse","floor":12,"turns":3},{"damage":26,"enemies":"The Guardian","floor":16,"turns":11},{"damage":10,"enemies":"2 Thieves","floor":18,"turns":4},{"damage":0,"enemies":"Chosen","floor":19,"turns":4},{"damage":0,"enemies":"3 Cultists","floor":20,"turns":2},{"damage":55,"enemies":"Gremlin Leader","floor":23,"turns":9},{"damage":31,"enemies":"Slavers","floor":25,"turns":4},{"damage":0,"enemies":"Centurion and Healer","floor":27,"turns":4},{"damage":0,"enemies":"Chosen and Byrds","floor":28,"turns":4},{"damage":3,"enemies":"Colosseum Slavers","floor":29,"turns":5},{"damage":9,"enemies":"Snake Plant","floor":31,"turns":4},{"damage":42,"enemies":"Champ","floor":33,"turns":8},{"damage":0,"enemies":"Orb Walker","floor":35,"turns":2},{"damage":0,"enemies":"3 Shapes","floor":37,"turns":3},{"damage":68,"enemies":"Nemesis","floor":41,"turns":6}],"seed_played":"-2166404812666259233","potions_obtained":[{"floor":4,"key":"SneckoOil"},{"floor":7,"key":"Fire Potion"},{"floor":12,"key":"Weak Potion"},{"floor":18,"key":"SkillPotion"},{"floor":25,"key":"Energy Potion"},{"floor":31,"key":"SpeedPotion"}],"is_trial":false,"path_per_floor":["M","M","?","M","?","R","E","M","T","$","M","M","R","T","R","B",null,"M","M","M","$","?","E","R","E","T","M","M","?","R","M","R","B",null,"M","?","M","$","?","R"],"character_chosen":"THE_SILENT","items_purchased":["Underhanded Strike","Footwork"],"campfire_rested":3,"item_purchase_floors":[10,38],"current_hp_per_floor":[70,69,55,55,55,55,51,48,48,48,48,43,43,53,53,27,94,84,84,84,84,84,29,57,26,26,26,26,23,51,42,70,28,94,94,82,82,82,82,82,14],"gold":79,"neow_bonus":"ONE_RANDOM_RARE_CARD","is_prod":false,"is_daily":false,"chose_seed":false,"campfire_upgraded":4,"win_rate":0,"timestamp":1538875277,"path_taken":["M","M","?","M","?","R","E","M","T","$","?","M","R","?","R","BOSS","M","M","M","$","?","E","R","E","T","M","M","?","R","M","R","BOSS","M","?","M","$","?","R","E"],"build_version":"2018-10-04v2","purchased_purges":3,"victory":false,"max_hp_per_floor":[70,70,70,70,70,70,84,84,84,84,84,84,84,94,94,94,94,94,94,94,94,94,94,94,94,94,94,94,94,94,94,94,94,94,94,94,94,94,94,94,94],"card_choices":[{"not_picked":["Catalyst","PiercingWail"],"picked":"Flying Knee","floor":1},{"not_picked":["Deflect","Poisoned Stab"],"picked":"Infinite Blades","floor":2},{"not_picked":["A Thousand Cuts","Endless Agony"],"picked":"Riddle With Holes","floor":4},{"not_picked":["Deflect","Slice"],"picked":"Sucker Punch","floor":7},{"not_picked":["Acrobatics","Masterful Stab"],"picked":"Dagger Throw","floor":8},{"not_picked":["Caltrops","Deflect","Sucker Punch"],"picked":"SKIP","floor":11},{"not_picked":["Flying Knee","PiercingWail"],"picked":"Well Laid Plans","floor":12},{"not_picked":["Venomology","Burst"],"picked":"Bullet Time","floor":16},{"not_picked":["Blade Dance","Heel Hook"],"picked":"Slice+1","floor":18},{"not_picked":["Distraction","Dagger Spray"],"picked":"Outmaneuver","floor":19},{"not_picked":["Underhanded Strike+1","Wraith Form v2","Sucker Punch"],"picked":"SKIP","floor":20},{"not_picked":["Backflip","Reflex","Escape Plan"],"picked":"SKIP","floor":23},{"not_picked":["Bouncing Flask","PiercingWail"],"picked":"Predator","floor":25},{"not_picked":["Outmaneuver","Acrobatics"],"picked":"Backstab","floor":27},{"not_picked":["Deflect+1","Slice+1"],"picked":"Masterful Stab","floor":28},{"not_picked":["Adrenaline","Dagger Throw"],"picked":"Quick Slash+1","floor":31},{"not_picked":["Finisher+1","Backflip"],"picked":"Blade Dance","floor":35},{"not_picked":["Dodge and Roll","Slice","Sucker Punch+1"],"picked":"SKIP","floor":37}],"player_experience":399217,"relics_obtained":[{"floor":7,"key":"Mango"},{"floor":9,"key":"Ornamental Fan"},{"floor":14,"key":"Pear"},{"floor":23,"key":"Bag of Preparation"},{"floor":25,"key":"Gambling Chip"},{"floor":26,"key":"Gremlin Horn"}],"event_choices":[{"event_name":"Shining Light","player_choice":"Entered Light","floor":3,"damage_taken":0},{"event_name":"Liars Game","player_choice":"disagreed","floor":5,"damage_taken":0},{"event_name":"Addict","player_choice":"Obtained Relic","floor":22,"damage_taken":0},{"event_name":"Colosseum","player_choice":"Fight","floor":29,"damage_taken":0},{"event_name":"Colosseum","player_choice":"Fled From Nobs","floor":29,"damage_taken":0},{"event_name":"Winding Halls","player_choice":"Embrace Madness","floor":36,"damage_taken":0},{"event_name":"Upgrade Shrine","player_choice":"Upgraded","floor":39,"damage_taken":0}],"is_beta":false,"boss_relics":[{"not_picked":["Ring of the Serpent","Philosopher\u0027s Stone"],"picked":"WristBlade"},{"not_picked":["Snecko Eye","HoveringKite"],"picked":"Sozu"}],"items_purged_floors":[10,21,38],"is_endless":false,"potions_floor_spawned":[4,7,12,18,25,27,28,31,35],"killed_by":"Nemesis","ascension_level":1}