{"path_per_floor":["M","?","M","?","M","E","R","M","T","$","$","M","R","M","R","B",null,"M","?","?","M","M","R","E","R","T","R","$","R","M","M","R"],"character_chosen":"THE_SILENT","items_purchased":["Mind Blast","Noxious Fumes","Lantern"],"gold_per_floor":[119,119,134,134,154,185,185,201,201,100,65,78,78,93,93,190,190,155,80,80,98,112,112,139,139,208,208,63,63,75,92,92,92],"floor_reached":33,"campfire_rested":2,"playtime":2672,"current_hp_per_floor":[70,70,68,68,66,45,45,43,43,43,43,43,43,41,62,47,70,66,66,49,49,43,43,42,42,42,42,42,42,45,37,49,0],"items_purged":[],"gold":92,"score":293,"play_id":"cd899b98-43b3-4bc6-a0c3-a729341095cb","local_time":"20180405235235","is_prod":false,"is_daily":false,"is_ascension_mode":false,"campfire_upgraded":6,"timestamp":1522990355,"path_taken":["M","?","M","?","M","E","R","?","T","?","$","M","R","M","R","BOSS","M","?","?","M","M","R","E","R","T","R","?","R","M","M","R","BOSS"],"build_version":"2018-04-05","purchased_purges":0,"victory":false,"master_deck":["Defend_G","Defend_G","Defend_G","Survivor","Neutralize+1","Backflip","Sucker Punch","Leg Sweep","Backstab","Well Laid Plans","Cloak And Dagger","Mind Blast","Noxious Fumes+1","Flying Knee","Bullet Time+1","Setup+1","Bite","Bite","Bite","Bite","Bite","A Thousand Cuts+1","Outmaneuver+1"],"max_hp_per_floor":[70,70,70,70,70,70,70,70,70,70,70,70,70,70,70,70,70,70,70,49,49,49,49,49,49,49,49,49,49,49,49,49,49],"relics":["Ring of the Snake","Calipers","Ice Cream","Sozu","Meat on the Bone","Darkstone Periapt","Lantern"],"card_choices":[{"not_picked":["PiercingWail","Quick Slash"],"picked":"Backflip","floor":1},{"not_picked":["Accuracy","Dagger Spray"],"picked":"Sucker Punch","floor":3},{"not_picked":["Choke","Skewer"],"picked":"Backstab","floor":5},{"not_picked":["Bane","PiercingWail"],"picked":"Well Laid Plans","floor":6},{"not_picked":["Blade Dance","Quick Slash"],"picked":"Cloak And Dagger","floor":8},{"not_picked":["Well Laid Plans","Poisoned Stab"],"picked":"Flying Knee","floor":12},{"not_picked":["Venomology","Burst"],"picked":"Bullet Time","floor":16},{"not_picked":["Acrobatics","Dagger Spray"],"picked":"Setup","floor":18},{"not_picked":["Predator","Quick Slash"],"picked":"A Thousand Cuts","floor":22},{"not_picked":["Slice","Acrobatics"],"picked":"Outmaneuver","floor":24}],"player_experience":240293,"potions_floor_usage":[],"damage_taken":[{"damage":0,"enemies":"2 Louse","floor":1,"turns":3},{"damage":2,"enemies":"Cultist","floor":3,"turns":4},{"damage":2,"enemies":"Small Slimes","floor":5,"turns":4},{"damage":21,"enemies":"Gremlin Nob","floor":6,"turns":6},{"damage":2,"enemies":"Exordium Wildlife","floor":8,"turns":9},{"damage":0,"enemies":"Red Slaver","floor":12,"turns":4},{"damage":2,"enemies":"Large Slime","floor":14,"turns":5},{"damage":15,"enemies":"Slime Boss","floor":16,"turns":12},{"damage":4,"enemies":"2 Thieves","floor":18,"turns":5},{"damage":0,"enemies":"3 Byrds","floor":21,"turns":7},{"damage":10,"enemies":"Centurion and Healer","floor":22,"turns":6},{"damage":13,"enemies":"Book of Stabbing","floor":24,"turns":5},{"damage":9,"enemies":"3 Cultists","floor":30,"turns":4},{"damage":20,"enemies":"Cultist and Chosen","floor":31,"turns":7},{"damage":78,"enemies":"Champ","floor":33,"turns":12}],"event_choices":[{"event_name":"Purifier","player_choice":"One Purge","floor":2,"damage_taken":0},{"event_name":"Match and Keep!","player_choice":"1 cards matched","floor":4,"damage_taken":0},{"event_name":"Beggar","player_choice":"Gave Gold","floor":19,"damage_taken":0},{"event_name":"Vampires","player_choice":"Became a vampire","floor":20,"damage_taken":0}],"boss_relics":[{"not_picked":["Snecko Eye","Calling Bell"],"picked":"Sozu"}],"potions_floor_spawned":[6,14,16,22,24,31],"seed_played":"6005168805061318785","killed_by":"Champ","ascension_level":0,"is_trial":false}