{"gold_per_floor":[110,121,71,71,90,90,104,130,130,148,148,148,181,193,193,297,297,312,312,237,248,266,266,299,299,299,299,299,319,142,162,162,257,257,276,151,161,161,180,180,180,196,196,196,215,229,229,248,248,248],"floor_reached":50,"playtime":3030,"items_purged":["Defend_B","Strike_B","Strike_B"],"score":500,"play_id":"733b66a2-eac6-43b7-94ee-a6c397aed8e5","local_time":"20181002141601","is_ascension_mode":true,"campfire_choices":[{"data":"Hyperbeam","floor":6.0,"key":"SMITH"},{"data":"Zap","floor":11.0,"key":"SMITH"},{"data":"Dualcast","floor":15.0,"key":"SMITH"},{"data":"Streamline","floor":23.0,"key":"SMITH"},{"data":"Defend_B","floor":25.0,"key":"SMITH"},{"data":"Defend_B","floor":27.0,"key":"SMITH"},{"data":"Auto Shields","floor":32.0,"key":"SMITH"},{"data":"Beam Cell","floor":40.0,"key":"SMITH"},{"data":"Leap","floor":44,"key":"SMITH"},{"data":"Thunder Strike","floor":47,"key":"SMITH"},{"data":"BootSequence","floor":49,"key":"SMITH"}],"neow_cost":"NONE","seed_source_timestamp":0,"circlet_count":0,"master_deck":["Strike_B","Defend_B+1","Defend_B+1","Zap+1","Dualcast+1","Hyperbeam+1","Auto Shields+1","Streamline+1","Beam Cell+1","Leap+1","BootSequence+1","Thunder Strike+1","FTL+1","FTL","Rebound+1","Sunder+1"],"special_seed":0,"relics":["Cracked Core","Mummified Hand","Dodecahedron","Ornamental Fan","Coffee Dripper","Bag of Preparation","Bag of Marbles","Black Star","Ice Cream","Incense Burner"],"potions_floor_usage":[48,50,50],"damage_taken":[{"damage":0.0,"enemies":"Cultist","floor":1.0,"turns":3.0},{"damage":1.0,"enemies":"Jaw Worm","floor":2.0,"turns":3.0},{"damage":0.0,"enemies":"2 Louse","floor":5.0,"turns":1.0},{"damage":0.0,"enemies":"Exordium Wildlife","floor":7.0,"turns":1.0},{"damage":8.0,"enemies":"3 Sentries","floor":8.0,"turns":3.0},{"damage":4.0,"enemies":"Lots of Slimes","floor":10.0,"turns":2.0},{"damage":14.0,"enemies":"Gremlin Nob","floor":13.0,"turns":4.0},{"damage":0.0,"enemies":"2 Fungi Beasts","floor":14.0,"turns":1.0},{"damage":44.0,"enemies":"The Guardian","floor":16.0,"turns":16.0},{"damage":7.0,"enemies":"2 Thieves","floor":18.0,"turns":4.0},{"damage":0.0,"enemies":"Chosen","floor":21.0,"turns":3.0},{"damage":0.0,"enemies":"Snake Plant","floor":22.0,"turns":3.0},{"damage":19.0,"enemies":"Gremlin Leader","floor":24.0,"turns":5.0},{"damage":0.0,"enemies":"Centurion and Healer","floor":29.0,"turns":3.0},{"damage":0.0,"enemies":"3 Cultists","floor":31.0,"turns":1.0},{"damage":61.0,"enemies":"Collector","floor":33.0,"turns":9.0},{"damage":0.0,"enemies":"3 Shapes","floor":35.0,"turns":3.0},{"damage":0.0,"enemies":"3 Darklings","floor":37.0,"turns":3.0},{"damage":16.0,"enemies":"Mind Bloom Boss Battle","floor":38.0,"turns":6.0},{"damage":0.0,"enemies":"Transient","floor":39.0,"turns":5.0},{"damage":12,"enemies":"Maw","floor":42,"turns":6},{"damage":10,"enemies":"Sphere and 2 Shapes","floor":45,"turns":4},{"damage":0,"enemies":"3 Darklings","floor":46,"turns":2},{"damage":8,"enemies":"Maw","floor":48,"turns":6},{"damage":46,"enemies":"Donu and Deca","floor":50,"turns":7}],"seed_played":"492804268875842639","potions_obtained":[{"floor":1.0,"key":"Fruit Juice"},{"floor":10.0,"key":"Fruit Juice"},{"floor":14.0,"key":"SteroidPotion"},{"floor":16.0,"key":"GamblersBrew"},{"floor":18.0,"key":"Explosive Potion"},{"floor":29.0,"key":"Block Potion"},{"floor":42,"key":"Energy Potion"},{"floor":45,"key":"Strength Potion"},{"floor":46,"key":"Block Potion"}],"is_trial":false,"path_per_floor":["M","M","?","$","M","R","M","E","T","M","R","?","E","M","R","B",null,"M","?","$","M","M","R","E","R","T","R","?","M","$","M","R","B",null,"M","$","M","?","M","R","?","M","T","R","M","M","R","M","R"],"character_chosen":"DEFECT","items_purchased":["FTL"],"campfire_rested":0,"item_purchase_floors":[30],"current_hp_per_floor":[75,74,74,74,74,74,79,71,71,67,67,67,58,58,58,14,85,78,78,78,78,78,78,59,59,59,59,85,85,85,85,85,24,85,85,85,85,69,69,69,69,57,57,57,47,47,47,39,39,0],"gold":248,"neow_bonus":"ONE_RANDOM_RARE_CARD","is_prod":false,"is_daily":false,"chose_seed":false,"campfire_upgraded":11,"win_rate":0,"timestamp":1538507761,"path_taken":["M","M","?","$","M","R","M","E","T","M","R","?","E","?","R","BOSS","M","?","$","M","M","R","E","R","T","R","?","M","?","M","R","BOSS","M","$","M","?","M","R","?","?","T","R","M","M","R","M","R","BOSS"],"build_version":"2018-09-27","purchased_purges":3,"victory":false,"max_hp_per_floor":[75,75,75,75,75,75,80,80,80,80,80,80,85,85,85,85,85,85,85,85,85,85,85,85,85,85,85,85,85,85,85,85,85,85,85,85,85,85,85,85,81,81,81,81,81,81,81,81,81,81],"card_choices":[{"not_picked":["Ball Lightning","Leap"],"picked":"Auto Shields","floor":1.0},{"not_picked":["Rebound","Glacier"],"picked":"Streamline","floor":2.0},{"not_picked":["Turbo","Steam Power","Capacitor"],"picked":"SKIP","floor":5.0},{"not_picked":["Ball Lightning","Compile Driver"],"picked":"Beam Cell","floor":7.0},{"not_picked":["Streamline","Creative AI"],"picked":"Leap","floor":8.0},{"not_picked":["Leap","Force Field","Hologram"],"picked":"SKIP","floor":10.0},{"not_picked":["Aggregate","Coolheaded","Multi-Cast"],"picked":"SKIP","floor":13.0},{"not_picked":["Gash","Streamline"],"picked":"BootSequence","floor":14.0},{"not_picked":["All For One","Echo Form"],"picked":"Thunder Strike","floor":16.0},{"not_picked":["Storm","Stack","Rebound+1"],"picked":"SKIP","floor":18.0},{"not_picked":["Leap","Gash+1"],"picked":"FTL+1","floor":21.0},{"not_picked":["Streamline+1","Melter","Rebound"],"picked":"SKIP","floor":22.0},{"not_picked":["Ball Lightning","Recycle+1","Defragment"],"picked":"SKIP","floor":24.0},{"not_picked":["Turbo","Coolheaded","Hologram"],"picked":"SKIP","floor":29.0},{"not_picked":["Chill","FTL","Genetic Algorithm"],"picked":"SKIP","floor":31.0},{"not_picked":["Ball Lightning","Sweeping Beam","Leap"],"picked":"SKIP","floor":35.0},{"not_picked":["Leap","Turbo+1"],"picked":"Rebound+1","floor":37.0},{"not_picked":["Melter+1","Barrage","Coolheaded+1"],"picked":"SKIP","floor":39.0},{"not_picked":["Turbo+1","Sweeping Beam"],"picked":"Sunder+1","floor":42},{"not_picked":["Double Energy","Storm","Reboot"],"picked":"SKIP","floor":45},{"not_picked":["Barrage+1","Stack+1","Auto Shields+1"],"picked":"SKIP","floor":46},{"not_picked":["Hologram+1","Chaos","Ball Lightning+1"],"picked":"SKIP","floor":48}],"player_experience":346534,"relics_obtained":[{"floor":8.0,"key":"Mummified Hand"},{"floor":9.0,"key":"Dodecahedron"},{"floor":13.0,"key":"Ornamental Fan"},{"floor":24.0,"key":"Bag of Preparation"},{"floor":26.0,"key":"Bag of Marbles"},{"floor":38.0,"key":"Ice Cream"},{"floor":43,"key":"Incense Burner"}],"event_choices":[{"event_name":"The Cleric","player_choice":"Card Removal","floor":3.0,"damage_taken":0.0},{"event_name":"Liars Game","player_choice":"disagreed","floor":12.0,"damage_taken":0.0},{"event_name":"Bonfire Elementals","player_choice":"BASIC","floor":19.0,"damage_taken":0.0},{"event_name":"The Library","player_choice":"Heal","floor":28.0,"damage_taken":0.0},{"event_name":"MindBloom","player_choice":"Fight","floor":38.0,"damage_taken":0.0},{"event_name":"Winding Halls","player_choice":"Max HP","floor":41.0,"damage_taken":0.0}],"is_beta":false,"boss_relics":[{"not_picked":["Calling Bell","Empty Cage"],"picked":"Coffee Dripper"},{"not_picked":["Eternal Feather","Orrery"],"picked":"Black Star"}],"items_purged_floors":[20,30,36],"is_endless":false,"potions_floor_spawned":[1,10,14,16,18,21,29,31,42,45,46],"killed_by":"Donu and Deca","ascension_level":1}