{"gold_per_floor":[119,139,151,161,111,111,140,140,140,172,182,195,195,210,210,210],"floor_reached":16,"playtime":1286,"items_purged":[],"score":171,"play_id":"f9ce952c-2eef-43f2-9912-8604c967db43","local_time":"20191019130701","is_ascension_mode":true,"campfire_choices":[{"data":"Forethought","floor":6,"key":"SMITH"},{"floor":8,"key":"REST"},{"data":"Carnage","floor":13,"key":"SMITH"},{"data":"Body Slam","floor":15,"key":"SMITH"}],"neow_cost":"TEN_PERCENT_HP_LOSS","seed_source_timestamp":406499799742600,"circlet_count":0,"master_deck":["AscendersBane","Strike_R","Strike_R","Strike_R","Strike_R","Defend_R","Defend_R","Defend_R","Defend_R","Bash","Violence","Forethought+1","Body Slam+1","Ghostly Armor","Carnage+1","Twin Strike","Seeing Red"],"relics":["Burning Blood","Meat on the Bone","Dodecahedron","Strawberry"],"potions_floor_usage":[7,16],"damage_taken":[{"damage":1,"enemies":"Cultist","floor":1,"turns":3},{"damage":5,"enemies":"2 Louse","floor":2,"turns":3},{"damage":3,"enemies":"Jaw Worm","floor":3,"turns":4},{"damage":22,"enemies":"Lots of Slimes","floor":4,"turns":7},{"damage":45,"enemies":"Lagavulin","floor":7,"turns":10},{"damage":35,"enemies":"3 Sentries","floor":10,"turns":12},{"damage":3,"enemies":"Blue Slaver","floor":11,"turns":4},{"damage":1,"enemies":"3 Louse","floor":12,"turns":4},{"damage":6,"enemies":"Looter","floor":14,"turns":2},{"damage":50,"enemies":"Hexaghost","floor":16,"turns":9}],"seed_played":"-421328232473285236","potions_obtained":[{"floor":3,"key":"Poison Potion"},{"floor":7,"key":"SpeedPotion"},{"floor":11,"key":"Poison Potion"},{"floor":14,"key":"Ancient Potion"}],"is_trial":false,"path_per_floor":["M","M","M","M","?","R","E","R","T","E","M","M","R","M","R","B"],"character_chosen":"IRONCLAD","items_purchased":[],"campfire_rested":1,"item_purchase_floors":[],"current_hp_per_floor":[72,72,72,56,56,56,17,38,38,28,43,48,48,48,48,0],"gold":210,"neow_bonus":"RANDOM_COLORLESS_2","is_prod":false,"is_daily":false,"chose_seed":false,"campfire_upgraded":3,"win_rate":0,"timestamp":1571508421,"path_taken":["M","M","M","M","?","R","E","R","T","E","M","M","R","M","R","BOSS"],"build_version":"2019-07-17","purchased_purges":0,"victory":false,"max_hp_per_floor":[72,72,72,72,72,72,72,72,72,79,79,79,79,79,79,79],"card_choices":[{"not_picked":["Armaments","Thunderclap","Perfected Strike"],"picked":"SKIP","floor":1},{"not_picked":["Clothesline","Clash"],"picked":"Body Slam","floor":2},{"not_picked":["Combust","Disarm"],"picked":"Ghostly Armor","floor":3},{"not_picked":["Armaments","Body Slam","Flex"],"picked":"SKIP","floor":4},{"not_picked":["Sword Boomerang","Sever Soul"],"picked":"Carnage","floor":7},{"not_picked":["Rupture","Wild Strike","Shockwave"],"picked":"SKIP","floor":10},{"not_picked":["Perfected Strike","Sentinel","Clothesline"],"picked":"SKIP","floor":11},{"not_picked":["Burning Pact","Reckless Charge"],"picked":"Twin Strike","floor":12},{"not_picked":["Wild Strike","Dropkick"],"picked":"Seeing Red","floor":14}],"player_experience":889462,"relics_obtained":[{"floor":7,"key":"Meat on the Bone"},{"floor":9,"key":"Dodecahedron"},{"floor":10,"key":"Strawberry"}],"event_choices":[{"cards_removed":["Strike_R"],"damage_healed":0,"gold_gain":0,"player_choice":"Card Removal","damage_taken":0,"max_hp_gain":0,"max_hp_loss":0,"event_name":"The Cleric","floor":5,"gold_loss":50}],"is_beta":false,"boss_relics":[],"items_purged_floors":[],"is_endless":false,"potions_floor_spawned":[3,7,11,14],"killed_by":"Hexaghost","ascension_level":10}