{"gold_per_floor":[117,133,133,152,164,164,194,194,194,119,132,147,147,159,159,263,263,276,292,292,308,308,308,308],"floor_reached":24,"playtime":1519,"items_purged":["Strike_R"],"score":236,"play_id":"9d8b0b38-ed12-46d0-bd11-4f011e56c21a","local_time":"20181001005120","is_ascension_mode":true,"campfire_choices":[{"data":"Limit Break","floor":6,"key":"SMITH"},{"data":"Bash","floor":13,"key":"SMITH"},{"floor":15,"key":"REST"},{"data":"Double Tap","floor":23,"key":"SMITH"}],"neow_cost":"","seed_source_timestamp":974986539228262,"circlet_count":0,"master_deck":["Strike_R+1","Strike_R+1","Strike_R+1","Defend_R+1","Defend_R+1","Defend_R+1","Defend_R+1","Bash+1","Spot Weakness","Limit Break+1","Clash","Flex","Heavy Blade","Shrug It Off","Double Tap+1"],"relics":["Burning Blood","Blue Candle","Mummified Hand","Coffee Dripper"],"potions_floor_usage":[7,14,16,19,24],"damage_taken":[{"damage":6,"enemies":"Jaw Worm","floor":1,"turns":6},{"damage":0,"enemies":"Small Slimes","floor":2,"turns":3},{"damage":6,"enemies":"2 Louse","floor":4,"turns":3},{"damage":5,"enemies":"2 Fungi Beasts","floor":5,"turns":4},{"damage":53,"enemies":"Lagavulin","floor":7,"turns":7},{"damage":11,"enemies":"Blue Slaver","floor":11,"turns":5},{"damage":1,"enemies":"3 Louse","floor":12,"turns":4},{"damage":17,"enemies":"Gremlin Gang","floor":14,"turns":5},{"damage":34,"enemies":"The Guardian","floor":16,"turns":10},{"damage":10,"enemies":"Spheric Guardian","floor":18,"turns":3},{"damage":5,"enemies":"2 Thieves","floor":19,"turns":4},{"damage":27,"enemies":"Cultist and Chosen","floor":21,"turns":6},{"damage":46,"enemies":"Book of Stabbing","floor":24,"turns":5}],"seed_played":"-756208924124762244","potions_obtained":[{"floor":1,"key":"Regen Potion"},{"floor":12,"key":"Poison Potion"},{"floor":14,"key":"Fire Potion"},{"floor":16,"key":"Poison Potion"},{"floor":18,"key":"Fire Potion"}],"is_trial":false,"path_per_floor":["M","M","?","M","M","R","E","?","T","$","M","M","R","M","R","B",null,"M","M","?","M","?","R"],"character_chosen":"IRONCLAD","items_purchased":[],"campfire_rested":1,"item_purchase_floors":[],"current_hp_per_floor":[80,80,80,80,80,80,47,47,47,47,42,47,47,36,60,32,80,76,77,62,41,41,41,0],"gold":308,"neow_bonus":"","is_prod":false,"is_daily":false,"chose_seed":false,"campfire_upgraded":3,"win_rate":0,"timestamp":1538373080,"path_taken":["M","M","?","M","M","R","E","?","T","?","M","?","R","M","R","BOSS","M","M","?","?","?","R","E"],"build_version":"2018-09-27","purchased_purges":1,"victory":false,"max_hp_per_floor":[80,80,80,80,80,80,80,80,80,80,80,80,80,80,80,80,80,80,80,85,85,85,85,85],"card_choices":[{"not_picked":["Thunderclap","True Grit"],"picked":"Spot Weakness","floor":1},{"not_picked":["Clothesline","Havoc","Thunderclap"],"picked":"SKIP","floor":2},{"not_picked":["Flex","Warcry"],"picked":"Limit Break","floor":4},{"not_picked":["Armaments","Havoc"],"picked":"Clash","floor":5},{"not_picked":["Combust","Seeing Red","Inflame"],"picked":"SKIP","floor":7},{"not_picked":["Thunderclap","Iron Wave"],"picked":"Flex","floor":11},{"not_picked":["Intimidate","Sword Boomerang"],"picked":"Heavy Blade","floor":12},{"not_picked":["Flame Barrier","Offering"],"picked":"Shrug It Off","floor":14},{"not_picked":["Bludgeon","Brutality"],"picked":"Double Tap","floor":16},{"not_picked":["Clash","Heavy Blade","Wild Strike"],"picked":"SKIP","floor":18},{"not_picked":["Havoc","Armaments","Evolve"],"picked":"SKIP","floor":19},{"not_picked":["Iron Wave","Shrug It Off","Armaments"],"picked":"SKIP","floor":21}],"player_experience":340224,"relics_obtained":[{"floor":7,"key":"Blue Candle"},{"floor":9,"key":"Mummified Hand"}],"event_choices":[{"event_name":"Liars Game","player_choice":"disagreed","floor":3,"damage_taken":0},{"event_name":"Living Wall","player_choice":"Forget","floor":8,"damage_taken":0},{"event_name":"Forgotten Altar","player_choice":"Shed Blood","floor":20,"damage_taken":0},{"event_name":"Back to Basics","player_choice":"Simplicity","floor":22,"damage_taken":0}],"is_beta":false,"boss_relics":[{"not_picked":["Snecko Eye","Velvet Choker"],"picked":"Coffee Dripper"}],"items_purged_floors":[10],"is_endless":false,"potions_floor_spawned":[1,12,14,16,18],"killed_by":"Book of Stabbing","ascension_level":1}