{"gold_per_floor":[114,124,49,49,49,49,83,83,128,128,167,192,205,105,105,235,235,235,235,110,110,110,110,110,110,110,110,110,110,110,110,110,110,110,110,110,0,0,0,0,0,0,0,0,0,0,0,0,0,0],"floor_reached":50,"playtime":2651,"items_purged":["Reaper","Defend_R","Strike_R"],"score":592,"play_id":"5966242d-762c-47a7-8aab-fb285356511c","local_time":"20181007221602","is_ascension_mode":true,"campfire_choices":[{"data":"Searing Blow","floor":6,"key":"SMITH"},{"data":"Searing Blow+1","floor":8,"key":"SMITH"},{"floor":10,"key":"REST"},{"data":"Searing Blow+2","floor":15,"key":"SMITH"},{"data":"Searing Blow+3","floor":25,"key":"SMITH"},{"data":"Searing Blow+4","floor":30,"key":"SMITH"},{"data":"Searing Blow+5","floor":32,"key":"SMITH"},{"floor":40,"key":"REST"},{"floor":45,"key":"REST"},{"floor":47,"key":"REST"},{"data":"Searing Blow+6","floor":49,"key":"SMITH"}],"neow_cost":"NONE","seed_source_timestamp":1569375825718844,"circlet_count":0,"master_deck":["Strike_R+1","Strike_R+1","Strike_R","Defend_R","Defend_R","Defend_R","Bash","Searing Blow+7","Clash","Twin Strike","Shrug It Off","Rage","Clash","Flex","Clash+1","Spot Weakness","Shrug It Off","Clash+1","Inflame+1","Double Tap","Madness","Rage+1"],"relics":["Burning Blood","Pocketwatch","Red Skull","Prayer Wheel","Ectoplasm","Whetstone","Ice Cream","Ornamental Fan","Dream Catcher","Cursed Key","Red Mask"],"potions_floor_usage":[16,50,50,50],"damage_taken":[{"damage":10,"enemies":"Small Slimes","floor":1,"turns":5},{"damage":5,"enemies":"2 Louse","floor":2,"turns":3},{"damage":31,"enemies":"Lagavulin","floor":7,"turns":5},{"damage":27,"enemies":"3 Sentries","floor":11,"turns":6},{"damage":0,"enemies":"Cultist","floor":12,"turns":2},{"damage":3,"enemies":"Looter","floor":13,"turns":2},{"damage":29,"enemies":"The Guardian","floor":16,"turns":8},{"damage":2,"enemies":"Spheric Guardian","floor":18,"turns":3},{"damage":29,"enemies":"3 Byrds","floor":19,"turns":5},{"damage":13,"enemies":"Book of Stabbing","floor":23,"turns":3},{"damage":9,"enemies":"Centurion and Healer","floor":24,"turns":3},{"damage":4,"enemies":"Gremlin Leader","floor":27,"turns":4},{"damage":13,"enemies":"Snake Plant","floor":29,"turns":3},{"damage":0,"enemies":"Cultist and Chosen","floor":31,"turns":3},{"damage":44,"enemies":"Automaton","floor":33,"turns":7},{"damage":0,"enemies":"Orb Walker","floor":35,"turns":2},{"damage":0,"enemies":"3 Shapes","floor":38,"turns":3},{"damage":43,"enemies":"3 Darklings","floor":39,"turns":4},{"damage":27,"enemies":"Reptomancer","floor":42,"turns":4},{"damage":31,"enemies":"Maw","floor":44,"turns":5},{"damage":4,"enemies":"4 Shapes","floor":48,"turns":3},{"damage":75,"enemies":"Awakened One","floor":50,"turns":10}],"seed_played":"-2094844539148118924","potions_obtained":[{"floor":1,"key":"SpeedPotion"},{"floor":12,"key":"Poison Potion"},{"floor":13,"key":"SteroidPotion"},{"floor":16,"key":"LiquidBronze"},{"floor":18,"key":"EssenceOfSteel"}],"is_trial":false,"path_per_floor":["M","M","$","?","?","R","E","R","T","R","E","M","M","$","R","B",null,"M","M","$","?","$","E","M","R","T","E","T","M","R","M","R","B",null,"M","?","?","M","M","R","?","M","T","M","R","$","R","M","R"],"character_chosen":"IRONCLAD","items_purchased":[],"campfire_rested":4,"item_purchase_floors":[],"current_hp_per_floor":[80,80,80,80,60,60,35,35,35,59,38,44,47,47,47,24,80,80,57,57,80,80,73,70,70,70,72,72,65,65,71,71,33,80,80,80,80,80,43,67,67,46,46,21,45,45,69,71,71,0],"gold":0,"neow_bonus":"TRANSFORM_CARD","is_prod":false,"is_daily":false,"chose_seed":false,"campfire_upgraded":7,"win_rate":0,"timestamp":1538968562,"path_taken":["M","M","$","?","?","R","E","R","T","R","E","M","M","?","R","BOSS","M","M","$","?","$","E","M","R","T","E","?","?","R","M","R","BOSS","M","?","?","M","M","R","?","M","T","M","R","$","R","M","R","BOSS"],"build_version":"2018-10-04v2","purchased_purges":3,"victory":false,"max_hp_per_floor":[80,80,80,80,80,80,80,80,80,80,80,80,80,80,80,80,80,80,80,80,80,80,80,80,80,80,80,80,80,80,80,80,80,80,80,80,80,80,80,80,80,80,80,80,80,80,80,80,80,80],"card_choices":[{"not_picked":["Evolve","Inflame"],"picked":"Searing Blow","floor":1},{"not_picked":["Wild Strike","Sword Boomerang"],"picked":"Clash","floor":2},{"not_picked":["Fiend Fire","Offering"],"picked":"Twin Strike","floor":7},{"not_picked":["Dual Wield","Heavy Blade"],"picked":"Shrug It Off","floor":11},{"not_picked":["Carnage","Warcry"],"picked":"Rage","floor":12},{"not_picked":["Rampage","Warcry","Headbutt"],"picked":"SKIP","floor":12},{"not_picked":["Sever Soul","Dropkick"],"picked":"Clash","floor":13},{"not_picked":["True Grit","Pommel Strike"],"picked":"Flex","floor":13},{"not_picked":["Perfected Strike+1","Shockwave"],"picked":"Clash+1","floor":18},{"not_picked":["Perfected Strike","Iron Wave","Flex+1"],"picked":"SKIP","floor":18},{"not_picked":["Perfected Strike","Inflame"],"picked":"Spot Weakness","floor":19},{"not_picked":["Flex+1","Spot Weakness"],"picked":"Shrug It Off","floor":19},{"not_picked":["Pummel","Body Slam","Armaments"],"picked":"SKIP","floor":23},{"not_picked":["Flex","Sword Boomerang"],"picked":"Clash+1","floor":24},{"not_picked":["Iron Wave+1","Cleave","True Grit+1"],"picked":"SKIP","floor":24},{"not_picked":["Offering","Bloodletting","Body Slam"],"picked":"SKIP","floor":27},{"not_picked":["Infernal Blade+1","Anger"],"picked":"Inflame+1","floor":29},{"not_picked":["Perfected Strike","Anger","Burning Pact"],"picked":"SKIP","floor":29},{"not_picked":["Entrench","Clash+1","Blood for Blood"],"picked":"SKIP","floor":31},{"not_picked":["Shrug It Off","True Grit+1","Perfected Strike"],"picked":"SKIP","floor":31},{"not_picked":["Juggernaut","Reaper"],"picked":"Double Tap","floor":33},{"not_picked":["Havoc","Shrug It Off+1","Dual Wield+1"],"picked":"SKIP","floor":35},{"not_picked":["Corruption+1","Armaments","Thunderclap+1"],"picked":"SKIP","floor":35},{"not_picked":["Panache","Mayhem"],"picked":"Madness","floor":36},{"not_picked":["Pommel Strike+1","Ghostly Armor+1"],"picked":"Rage+1","floor":38},{"not_picked":["Cleave+1","Perfected Strike","Headbutt"],"picked":"SKIP","floor":38},{"not_picked":["Twin Strike","Clothesline","Sword Boomerang+1"],"picked":"SKIP","floor":39},{"not_picked":["Clothesline+1","Cleave+1","Havoc+1"],"picked":"SKIP","floor":39},{"not_picked":["Heavy Blade","Entrench","Pummel+1"],"picked":"SKIP","floor":42},{"not_picked":["Metallicize+1","Fire Breathing+1","Exhume"],"picked":"SKIP","floor":42},{"not_picked":["Sentinel","Rage","Perfected Strike"],"picked":"SKIP","floor":44},{"not_picked":["Inflame+1","Iron Wave+1","Thunderclap+1"],"picked":"SKIP","floor":44},{"not_picked":["Clash+1","Flex+1","Entrench"],"picked":"SKIP","floor":48},{"not_picked":["Fiend Fire","Blood for Blood","Clothesline+1"],"picked":"SKIP","floor":48}],"player_experience":404956,"relics_obtained":[{"floor":7,"key":"Pocketwatch"},{"floor":9,"key":"Red Skull"},{"floor":11,"key":"Prayer Wheel"},{"floor":23,"key":"Whetstone"},{"floor":26,"key":"Ice Cream"},{"floor":27,"key":"Ornamental Fan"},{"floor":28,"key":"Dream Catcher"}],"event_choices":[{"event_name":"The Cleric","player_choice":"Leave","floor":4,"damage_taken":0},{"event_name":"Golden Idol","player_choice":"Take Damage","floor":5,"damage_taken":0},{"event_name":"The Library","player_choice":"Heal","floor":21,"damage_taken":0},{"event_name":"SensoryStone","player_choice":"Memory 1","floor":36,"damage_taken":0},{"event_name":"Tomb of Lord Red Mask","player_choice":"Paid","floor":37,"damage_taken":0},{"event_name":"The Moai Head","player_choice":"Gave Idol","floor":41,"damage_taken":0}],"is_beta":false,"boss_relics":[{"not_picked":["Black Blood","Velvet Choker"],"picked":"Ectoplasm"},{"not_picked":["White Beast Statue","Fusion Hammer"],"picked":"Cursed Key"}],"items_purged_floors":[3,14,20],"is_endless":false,"potions_floor_spawned":[1,12,13,16,18,19,31,33,39,42,48],"killed_by":"Awakened One","ascension_level":2}