{"gold_per_floor":[114,124,124,140,29,29,29,55,93,105,131,143,170,202,214,331,343,343,343,343,343,100,100,100,100,100,100,100,100,100,100,100,100,100,100,100,100,100,100,100,100,100,100,100,100,100,100,100,100,100],"floor_reached":51,"playtime":3766,"items_purged":["Defend_B"],"score":895,"play_id":"fd8b5039-c2a9-452c-93d6-7f27c6f0ff29","local_time":"20190117231718","is_ascension_mode":true,"campfire_choices":[{"data":"Streamline","floor":6,"key":"SMITH"},{"data":"Glacier","floor":10,"key":"SMITH"},{"data":"Defragment","floor":12,"key":"SMITH"},{"data":"Darkness","floor":15,"key":"SMITH"},{"data":"Buffer","floor":23,"key":"SMITH"},{"data":"Conserve Battery","floor":25,"key":"SMITH"},{"data":"Dualcast","floor":32,"key":"SMITH"},{"floor":40,"key":"REST"},{"floor":42,"key":"REST"},{"data":"Undo","floor":44,"key":"SMITH"},{"floor":49,"key":"REST"}],"neow_cost":"NONE","seed_source_timestamp":274029902150909,"circlet_count":0,"master_deck":["Defend_B","Zap","Dualcast+1","Glacier+1","Leap","Streamline+1","Defragment+1","Leap","Cold Snap","Stack","Darkness+1","Buffer+1","Redo+1","Bite","Bite","Bite","Bite","Bite","Darkness+1","Conserve Battery+1","Defragment+1","Leap+1","Sweeping Beam","Rebound+1","Seek","Undo+1","Doom and Gloom+1"],"relics":["Cracked Core","PreservedInsect","MawBank","Ectoplasm","DollysMirror","Bag of Preparation","DataDisk","Bottled Lightning","Empty Cage","Bag of Marbles","Girya"],"potions_floor_usage":[8,16,38,41,50,50],"damage_taken":[{"damage":2,"enemies":"Jaw Worm","floor":1,"turns":3},{"damage":6,"enemies":"Cultist","floor":2,"turns":4},{"damage":0,"enemies":"2 Louse","floor":4,"turns":2},{"damage":9,"enemies":"3 Sentries","floor":8,"turns":7},{"damage":0,"enemies":"Blue Slaver","floor":11,"turns":4},{"damage":7,"enemies":"Red Slaver","floor":13,"turns":3},{"damage":0,"enemies":"Large Slime","floor":14,"turns":4},{"damage":22,"enemies":"Hexaghost","floor":16,"turns":9},{"damage":8,"enemies":"Shell Parasite","floor":18,"turns":6},{"damage":10,"enemies":"3 Byrds","floor":20,"turns":7},{"damage":7,"enemies":"3 Cultists","floor":21,"turns":6},{"damage":0,"enemies":"Snecko","floor":24,"turns":6},{"damage":16,"enemies":"Snake Plant","floor":27,"turns":5},{"damage":0,"enemies":"3 Cultists","floor":28,"turns":6},{"damage":18,"enemies":"Slavers","floor":29,"turns":4},{"damage":6,"enemies":"Gremlin Leader","floor":31,"turns":5},{"damage":40,"enemies":"Automaton","floor":33,"turns":12},{"damage":7,"enemies":"3 Shapes","floor":35,"turns":5},{"damage":4,"enemies":"Orb Walker","floor":37,"turns":4},{"damage":22,"enemies":"Transient","floor":38,"turns":5},{"damage":47,"enemies":"Reptomancer","floor":41,"turns":13},{"damage":24,"enemies":"Mind Bloom Boss Battle","floor":46,"turns":7},{"damage":4,"enemies":"Spire Growth","floor":47,"turns":5},{"damage":18,"enemies":"Jaw Worm Horde","floor":48,"turns":7},{"damage":34,"enemies":"Donu and Deca","floor":50,"turns":13}],"seed_played":"-7963374227242075946","potions_obtained":[{"floor":1,"key":"FocusPotion"},{"floor":2,"key":"Energy Potion"},{"floor":8,"key":"Poison Potion"},{"floor":11,"key":"Block Potion"},{"floor":20,"key":"Energy Potion"},{"floor":46,"key":"SkillPotion"}],"is_trial":false,"path_per_floor":["M","M","?","M","$","R","?","E","T","R","M","R","M","M","R","B",null,"M","?","M","M","$","R","M","R","T","M","M","E","?","E","R","B",null,"M","?","M","M","$","R","E","R","T","R","?","?","M","M","R","B",null],"character_chosen":"DEFECT","items_purchased":["Defragment","DollysMirror","Conserve Battery"],"campfire_rested":3,"item_purchase_floors":[5,22,22],"current_hp_per_floor":[66,60,60,60,60,60,65,56,56,56,58,58,53,55,55,35,69,63,63,63,68,68,68,76,76,76,60,64,52,52,52,52,32,68,67,67,65,43,43,65,38,60,60,60,60,42,38,28,50,32],"gold":100,"neow_bonus":"RANDOM_COMMON_RELIC","is_prod":false,"is_daily":false,"chose_seed":false,"campfire_upgraded":8,"win_rate":0,"timestamp":1547788638,"path_taken":["M","M","?","?","$","R","?","E","T","R","M","R","M","M","R","BOSS","M","?","M","M","$","R","M","R","T","M","M","E","?","E","R","BOSS","M","?","M","M","$","R","E","R","T","R","?","?","M","M","R","BOSS"],"build_version":"2019-01-17","purchased_purges":1,"victory":true,"max_hp_per_floor":[75,75,75,75,75,75,80,80,80,80,80,80,80,80,80,80,80,80,80,80,80,80,80,80,80,80,80,80,80,80,80,80,80,80,80,76,76,76,76,76,76,76,76,76,76,76,76,76,76,76],"card_choices":[{"not_picked":["Undo","Cold Snap"],"picked":"Glacier","floor":1},{"not_picked":["Cold Snap","Go for the Eyes"],"picked":"Leap","floor":2},{"not_picked":["Stack","Barrage"],"picked":"Streamline","floor":4},{"not_picked":["Stack","Loop"],"picked":"Leap","floor":8},{"not_picked":["Barrage","Leap"],"picked":"Cold Snap","floor":11},{"not_picked":["Skim","Cold Snap"],"picked":"Stack","floor":13},{"not_picked":["Beam Cell","Self Repair"],"picked":"Darkness","floor":14},{"not_picked":["Thunder Strike","Seek"],"picked":"Buffer","floor":16},{"not_picked":["Turbo","Barrage"],"picked":"Redo+1","floor":18},{"not_picked":["Sweeping Beam","Reboot","Redo"],"picked":"SKIP","floor":20},{"not_picked":["Go for the Eyes","Steam+1"],"picked":"Darkness+1","floor":21},{"not_picked":["Beam Cell","Turbo"],"picked":"Leap+1","floor":24},{"not_picked":["Beam Cell","Go for the Eyes+1","Compile Driver"],"picked":"SKIP","floor":27},{"not_picked":["Double Energy+1","Steam+1"],"picked":"Sweeping Beam","floor":28},{"not_picked":["Redo","Streamline"],"picked":"Rebound","floor":29},{"not_picked":["Stack","Amplify","Reprogram+1"],"picked":"SKIP","floor":31},{"not_picked":["Meteor Strike","Hyperbeam"],"picked":"Seek","floor":33},{"not_picked":["Double Energy+1","Compile Driver"],"picked":"Undo","floor":35},{"not_picked":["Coolheaded","Compile Driver+1","Rebound"],"picked":"SKIP","floor":37},{"not_picked":["Heatsinks+1","Cold Snap+1","Rebound+1"],"picked":"SKIP","floor":38},{"not_picked":["Amplify","Redo"],"picked":"Doom and Gloom+1","floor":41},{"not_picked":["Go for the Eyes","FTL+1","Lockon"],"picked":"SKIP","floor":47},{"not_picked":["Turbo","Redo+1","Gash+1"],"picked":"SKIP","floor":48}],"player_experience":663901,"relics_obtained":[{"floor":8,"key":"MawBank"},{"floor":9,"key":"Blood Vial"},{"floor":26,"key":"Bag of Preparation"},{"floor":29,"key":"DataDisk"},{"floor":31,"key":"Bottled Lightning"},{"floor":41,"key":"Bag of Marbles"},{"floor":46,"key":"Girya"}],"event_choices":[{"damage_healed":0,"gold_gain":0,"player_choice":"Bought 0 Potions","damage_taken":0,"max_hp_gain":0,"max_hp_loss":0,"event_name":"The Woman in Blue","floor":3,"gold_loss":0},{"damage_healed":0,"gold_gain":0,"player_choice":"Donut","damage_taken":0,"max_hp_gain":5,"max_hp_loss":0,"event_name":"Big Fish","floor":7,"gold_loss":0},{"damage_healed":0,"gold_gain":0,"player_choice":"Became a vampire (Vial)","damage_taken":0,"max_hp_gain":0,"max_hp_loss":0,"event_name":"Vampires","floor":19,"relics_lost":["Blood Vial"],"gold_loss":0,"cards_obtained":["Bite","Bite","Bite","Bite","Bite"]},{"damage_healed":0,"gold_gain":0,"player_choice":"Upgraded","damage_taken":0,"max_hp_gain":0,"max_hp_loss":0,"event_name":"Upgrade Shrine","floor":30,"gold_loss":0,"cards_upgraded":["Rebound"]},{"damage_healed":0,"gold_gain":0,"player_choice":"Max HP","damage_taken":0,"max_hp_gain":0,"max_hp_loss":4,"event_name":"Winding Halls","floor":36,"gold_loss":0},{"damage_healed":0,"gold_gain":0,"player_choice":"Ignored","damage_taken":0,"max_hp_gain":0,"max_hp_loss":0,"event_name":"Mysterious Sphere","floor":45,"gold_loss":0},{"damage_healed":0,"gold_gain":0,"player_choice":"Fight","damage_taken":0,"max_hp_gain":0,"max_hp_loss":0,"event_name":"MindBloom","floor":46,"gold_loss":0}],"is_beta":false,"boss_relics":[{"not_picked":["Calling Bell","Black Star"],"picked":"Ectoplasm"},{"not_picked":["Velvet Choker","White Beast Statue"],"picked":"Empty Cage"}],"items_purged_floors":[5],"is_endless":false,"potions_floor_spawned":[1,2,8,11,20,21,37,46],"ascension_level":6}