{"gold_per_floor":[109,124,124,143,143,143,173,173,196,255,255,284,300,1,1,101,101,114,64,64,79,79,79,96,122,122,140,140,171,171,184,184,288,338,352,352,366,56,74,74,99,99,99,99,125,141,151,151,151,151],"floor_reached":51,"playtime":2512,"items_purged":["Strike_R","Defend_R"],"score":887,"play_id":"fda254ba-15e7-4801-86ec-107133af08de","local_time":"20181119221115","is_ascension_mode":true,"campfire_choices":[{"data":"Ghostly Armor","floor":6,"key":"SMITH"},{"floor":8,"key":"REST"},{"data":"Whirlwind","floor":15,"key":"SMITH"},{"floor":23,"key":"REST"},{"floor":28,"key":"REST"},{"floor":32,"key":"REST"},{"floor":40,"key":"REST"},{"floor":42,"key":"REST"},{"floor":49,"key":"REST"}],"neow_cost":"NONE","seed_source_timestamp":1217598107727055,"circlet_count":0,"master_deck":["Strike_R","Strike_R","Strike_R","Strike_R+1","Defend_R","Defend_R+1","Defend_R+1","Bash","Ghostly Armor+1","Battle Trance","Shrug It Off+1","Whirlwind+1","Disarm","Demon Form+1","Metallicize","Pommel Strike","Headbutt+1","Perfected Strike+1","Immolate","True Grit","Heavy Blade+1","Metallicize+1","Shrug It Off+1"],"relics":["Burning Blood","Red Skull","Bronze Scales","Anchor","Happy Flower","Ice Cream","Fusion Hammer","Nloth\u0027s Gift","Pen Nib","Frozen Egg 2","WingedGreaves","Tiny House","Chemical X","Ancient Tea Set","Pantograph","Toxic Egg 2","Letter Opener"],"potions_floor_usage":[39,46,50,50],"damage_taken":[{"damage":3,"enemies":"Jaw Worm","floor":1,"turns":5},{"damage":1,"enemies":"2 Louse","floor":2,"turns":4},{"damage":0,"enemies":"Cultist","floor":4,"turns":3},{"damage":34,"enemies":"Gremlin Nob","floor":7,"turns":4},{"damage":25,"enemies":"Gremlin Nob","floor":10,"turns":4},{"damage":2,"enemies":"3 Sentries","floor":12,"turns":3},{"damage":3,"enemies":"Large Slime","floor":13,"turns":5},{"damage":43,"enemies":"Slime Boss","floor":16,"turns":8},{"damage":6,"enemies":"2 Thieves","floor":18,"turns":3},{"damage":0,"enemies":"3 Byrds","floor":21,"turns":3},{"damage":11,"enemies":"Snake Plant","floor":24,"turns":2},{"damage":23,"enemies":"Gremlin Leader","floor":25,"turns":5},{"damage":0,"enemies":"Centurion and Healer","floor":27,"turns":5},{"damage":3,"enemies":"Book of Stabbing","floor":29,"turns":5},{"damage":13,"enemies":"Shelled Parasite and Fungi","floor":31,"turns":5},{"damage":30,"enemies":"Automaton","floor":33,"turns":8},{"damage":1,"enemies":"Orb Walker","floor":35,"turns":3},{"damage":16,"enemies":"3 Darklings","floor":37,"turns":3},{"damage":35,"enemies":"Jaw Worm Horde","floor":39,"turns":3},{"damage":34,"enemies":"Reptomancer","floor":41,"turns":6},{"damage":23,"enemies":"Nemesis","floor":45,"turns":5},{"damage":28,"enemies":"Spire Growth","floor":46,"turns":3},{"damage":0,"enemies":"4 Shapes","floor":47,"turns":2},{"damage":11,"enemies":"Donu and Deca","floor":50,"turns":8}],"seed_played":"-680823945859005562","potions_obtained":[{"floor":1,"key":"Ancient Potion"},{"floor":2,"key":"Dexterity Potion"},{"floor":10,"key":"Regen Potion"},{"floor":39,"key":"Fire Potion"},{"floor":46,"key":"SpeedPotion"},{"floor":47,"key":"EssenceOfSteel"}],"is_trial":false,"path_per_floor":["M","M","?","M","?","R","E","R","T","?","?","E","M","$","R","B",null,"M","$","?","M","?","R","M","E","T","M","R","E","?","M","R","B",null,"M","?","M","$","M","R","E","R","T","?","E","M","M","T","R","B",null],"character_chosen":"IRONCLAD","items_purchased":["Ice Cream","Chemical X"],"campfire_rested":7,"item_purchase_floors":[14,38],"current_hp_per_floor":[88,88,70,76,64,64,36,62,62,43,43,47,50,50,50,13,88,88,88,88,88,88,88,83,66,66,72,88,88,88,81,88,64,93,93,93,83,83,59,86,58,85,85,85,68,46,52,52,79,88],"gold":151,"neow_bonus":"TEN_PERCENT_HP_BONUS","is_prod":false,"is_daily":false,"chose_seed":false,"campfire_upgraded":2,"win_rate":0,"timestamp":1542687075,"path_taken":["M","M","?","M","?","R","E","R","T","?","?","E","M","?","R","BOSS","M","$","?","?","?","R","M","E","T","?","R","E","?","M","R","BOSS","M","?","M","$","M","R","E","R","T","?","E","M","M","?","R","BOSS"],"build_version":"2018-11-15","purchased_purges":2,"victory":true,"max_hp_per_floor":[88,88,88,88,88,88,88,88,88,88,88,88,88,88,88,88,88,88,88,88,88,88,88,88,88,88,88,88,88,88,88,88,88,93,93,93,93,93,93,93,93,93,93,93,93,93,93,93,93,93],"card_choices":[{"not_picked":["Corruption","Sword Boomerang"],"picked":"Ghostly Armor","floor":1},{"not_picked":["Feel No Pain","Infernal Blade"],"picked":"Battle Trance","floor":2},{"not_picked":["True Grit","Headbutt"],"picked":"Shrug It Off","floor":4},{"not_picked":["Sword Boomerang","Clothesline","Thunderclap"],"picked":"SKIP","floor":7},{"not_picked":["Warcry","Twin Strike"],"picked":"Whirlwind","floor":10},{"not_picked":["Heavy Blade","Blood for Blood","Impervious"],"picked":"SKIP","floor":12},{"not_picked":["Blood for Blood","Clothesline"],"picked":"Disarm","floor":13},{"not_picked":["Exhume","Reaper"],"picked":"Demon Form","floor":16},{"not_picked":["Havoc","Anger"],"picked":"Metallicize","floor":18},{"not_picked":["Dual Wield","Ghostly Armor"],"picked":"Pommel Strike","floor":21},{"not_picked":["Flex","Bludgeon"],"picked":"Headbutt+1","floor":24},{"not_picked":["Offering","Headbutt+1"],"picked":"Perfected Strike+1","floor":25},{"not_picked":["Warcry+1","Demon Form+1","Pummel+1"],"picked":"SKIP","floor":27},{"not_picked":["Exhume","Bloodletting"],"picked":"Immolate","floor":29},{"not_picked":["Clothesline","Uppercut","Armaments"],"picked":"SKIP","floor":31},{"not_picked":["Headbutt","Perfected Strike"],"picked":"True Grit","floor":34},{"not_picked":["Cleave","Armaments","Headbutt+1"],"picked":"SKIP","floor":35},{"not_picked":["True Grit","Thunderclap+1","Combust+1"],"picked":"SKIP","floor":37},{"not_picked":["True Grit+1","Combust+1","Battle Trance+1"],"picked":"SKIP","floor":39},{"not_picked":["Sword Boomerang+1","True Grit","Impervious"],"picked":"SKIP","floor":41},{"not_picked":["Dark Embrace+1","Cleave+1"],"picked":"Heavy Blade+1","floor":45},{"not_picked":["Heavy Blade+1","Havoc+1"],"picked":"Metallicize+1","floor":46},{"not_picked":["Pommel Strike","Fiend Fire"],"picked":"Shrug It Off+1","floor":47}],"player_experience":607641,"relics_obtained":[{"floor":7,"key":"Bronze Scales"},{"floor":9,"key":"Anchor"},{"floor":10,"key":"Happy Flower"},{"floor":12,"key":"Smiling Mask"},{"floor":25,"key":"Pen Nib"},{"floor":26,"key":"Frozen Egg 2"},{"floor":29,"key":"WingedGreaves"},{"floor":41,"key":"Ancient Tea Set"},{"floor":43,"key":"Pantograph"},{"floor":45,"key":"Toxic Egg 2"},{"floor":48,"key":"Letter Opener"}],"event_choices":[{"damage_healed":0,"gold_gain":0,"player_choice":"Entered Light","damage_taken":18,"max_hp_gain":0,"max_hp_loss":0,"event_name":"Shining Light","floor":3,"gold_loss":0,"cards_upgraded":["Defend_R","Strike_R"]},{"damage_healed":0,"gold_gain":0,"player_choice":"Success","damage_taken":12,"relics_obtained":["Red Skull"],"max_hp_gain":0,"max_hp_loss":0,"event_name":"Scrap Ooze","floor":5,"gold_loss":0},{"damage_healed":0,"gold_gain":0,"player_choice":"Searched \u00271\u0027 times","damage_taken":0,"max_hp_gain":0,"max_hp_loss":0,"event_name":"Dead Adventurer","floor":10,"gold_loss":0},{"damage_healed":0,"gold_gain":0,"player_choice":"Ignored","damage_taken":0,"max_hp_gain":0,"max_hp_loss":0,"event_name":"Liars Game","floor":11,"gold_loss":0},{"damage_healed":0,"gold_gain":0,"player_choice":"Traded Relic","damage_taken":0,"relics_obtained":["Nloth\u0027s Gift"],"max_hp_gain":0,"max_hp_loss":0,"event_name":"N\u0027loth","floor":20,"relics_lost":["Smiling Mask"],"gold_loss":0},{"damage_healed":0,"gold_gain":0,"player_choice":"Forge","damage_taken":0,"max_hp_gain":0,"max_hp_loss":0,"event_name":"Accursed Blacksmith","floor":22,"gold_loss":0,"cards_upgraded":["Demon Form"]},{"damage_healed":0,"gold_gain":0,"player_choice":"Upgraded","damage_taken":0,"max_hp_gain":0,"max_hp_loss":0,"event_name":"Upgrade Shrine","floor":30,"gold_loss":0,"cards_upgraded":["Shrug It Off"]},{"damage_healed":0,"gold_gain":0,"player_choice":"Ignored","damage_taken":0,"max_hp_gain":0,"max_hp_loss":0,"event_name":"Tomb of Lord Red Mask","floor":36,"gold_loss":0},{"damage_healed":0,"gold_gain":0,"player_choice":"Ignored","damage_taken":0,"max_hp_gain":0,"max_hp_loss":0,"event_name":"Mysterious Sphere","floor":44,"gold_loss":0}],"is_beta":false,"boss_relics":[{"not_picked":["Pandora\u0027s Box","Snecko Eye"],"picked":"Fusion Hammer"},{"not_picked":["Orrery","Empty Cage"],"picked":"Tiny House"}],"items_purged_floors":[19,38],"is_endless":false,"potions_floor_spawned":[1,2,10,12,21,25,27,39,46,47],"ascension_level":3}