{"path_per_floor":["M","M","?","M","M","?","R","$","T","M","M","R","?","$","R","B",null,"M","?","M","M","?","R","?","?","T","M","M"],"character_chosen":"IRONCLAD","items_purchased":["Bandage Up","Shrug It Off","Shrug It Off"],"gold_per_floor":[118,136,136,152,164,264,264,40,111,124,134,134,209,82,82,180,180,105,30,43,54,54,54,54,54,77,97,108],"floor_reached":29,"campfire_rested":2,"playtime":2885,"current_hp_per_floor":[80,80,77,80,80,80,80,80,80,76,74,74,63,63,80,78,80,80,80,65,11,11,27,27,18,18,17,26],"items_purged":["Strike_R","Defend_R"],"gold":108,"score":241,"play_id":"a5bd0807-1726-4261-875a-3c3aed358d89","local_time":"20180305011159","is_prod":false,"is_daily":false,"is_ascension_mode":false,"campfire_upgraded":2,"timestamp":1520233919,"path_taken":["M","M","?","M","M","?","R","?","T","M","?","R","?","$","R","BOSS","M","?","M","M","?","R","?","?","T","M","M","M"],"build_version":"2018-03-01-PROD1","purchased_purges":3,"victory":false,"master_deck":["Defend_R","Defend_R","Defend_R","Flame Barrier+1","Pommel Strike","Juggernaut+1","Bandage Up","Shrug It Off","Iron Wave","Shrug It Off","Impervious","Bite","Bite","Bite","Bite","Bite","Writhe","Body Slam"],"max_hp_per_floor":[80,80,80,80,80,80,80,80,80,80,80,80,80,80,80,80,80,80,80,80,80,56,56,56,61,61,61,61],"relics":["Black Blood","Oddly Smooth Stone","Frozen Egg 2","Omamori","Juzu Bracelet"],"card_choices":[{"not_picked":["Heavy Blade","Wild Strike"],"picked":"Flame Barrier"},{"not_picked":["Corruption","Clothesline"],"picked":"Pommel Strike"},{"not_picked":["Power Through","Seeing Red"],"picked":"Juggernaut"},{"not_picked":["Thunderclap","Heavy Blade"],"picked":"Iron Wave"},{"not_picked":["Berserk","Brutality"],"picked":"Impervious"},{"not_picked":["Sword Boomerang","Anger"],"picked":"Body Slam"}],"player_experience":53042,"potions_floor_usage":[11,16,21,29],"damage_taken":[{"damage":4,"enemies":"Jaw Worm","floor":1,"turns":6},{"damage":0,"enemies":"2 Louse","floor":2,"turns":2},{"damage":0,"enemies":"Small Slimes","floor":4,"turns":3},{"damage":6,"enemies":"Exordium Wildlife","floor":5,"turns":7},{"damage":14,"enemies":"Exordium Thugs","floor":10,"turns":10},{"damage":12,"enemies":"Large Slime","floor":11,"turns":6},{"damage":8,"enemies":"The Guardian","floor":16,"turns":14},{"damage":6,"enemies":"2 Thieves","floor":18,"turns":5},{"damage":27,"enemies":"3 Byrds","floor":20,"turns":6},{"damage":68,"enemies":"3 Cultists","floor":21,"turns":9},{"damage":35,"enemies":"Snecko","floor":27,"turns":9},{"damage":25,"enemies":"Slaver and Parasite","floor":28,"turns":19},{"damage":40,"enemies":"Cultist and Chosen","floor":29,"turns":4}],"event_choices":[{"event_name":"Scrap Ooze","player_choice":"success","floor":3,"damage_taken":3},{"event_name":"Golden Shrine","player_choice":"Pray","floor":6,"damage_taken":0},{"event_name":"World of Goop","player_choice":"Gather Gold","floor":13,"damage_taken":0},{"event_name":"Beggar","player_choice":"Gave Gold","floor":19,"damage_taken":0},{"event_name":"Vampires","player_choice":"Became a vampire","floor":22,"damage_taken":0},{"event_name":"The Mausoleum","player_choice":"Yes","floor":24,"damage_taken":0},{"event_name":"Forgotten Altar","player_choice":"Shed Blood","floor":25,"damage_taken":0}],"boss_relics":[{"not_picked":["Calling Bell","Snecko Eye"],"picked":"Black Blood"}],"potions_floor_spawned":[2,4,5,20],"seed_played":"4506809695122050683","killed_by":"Cultist and Chosen","ascension_level":0,"is_trial":false}