{"gold_per_floor":[115,115,115,40,53,53,67,108,185,185,185,199,220,240,240,366,366,387,410,356,379,403,403,421,421,446,446,303,303,327,347,347,477,477,502,502,462,475,499,499,538,538,564,564,187,187,29,29,29,29],"floor_reached":51,"playtime":3006,"items_purged":["Defend_G","Strike_G"],"score":666,"play_id":"b155f557-b8c5-4886-918a-961bd8a90ab8","local_time":"20180920222209","is_ascension_mode":false,"campfire_choices":[{"data":"Dash","floor":6,"key":"SMITH"},{"data":"Dagger Spray","floor":11,"key":"SMITH"},{"data":"Survivor","floor":15,"key":"SMITH"},{"data":"Defend_G","floor":23,"key":"SMITH"},{"data":"Bullet Time","floor":25,"key":"SMITH"},{"data":"Defend_G","floor":27,"key":"SMITH"},{"data":"Footwork","floor":32,"key":"SMITH"},{"data":"A Thousand Cuts","floor":40,"key":"SMITH"},{"data":"Well Laid Plans","floor":44,"key":"SMITH"},{"data":"Footwork","floor":46,"key":"SMITH"},{"floor":49,"key":"REST"}],"neow_cost":"NONE","seed_source_timestamp":100511796921203,"circlet_count":0,"master_deck":["Defend_G","Defend_G","Defend_G+1","Defend_G+1","Strike_G","Strike_G","Strike_G","Survivor+1","Neutralize+1","Dash+1","Dagger Spray+1","Bullet Time+1","Prepared+1","Eviscerate+1","Unload+1","Footwork+1","RitualDagger","Well Laid Plans+1","A Thousand Cuts+1","Caltrops+1","Footwork+1","Apotheosis+1"],"relics":["Ring of the Snake","Omamori","Golden Idol","The Courier","Matryoshka","Mercury Hourglass","Shuriken","Lizard Tail","Pen Nib","PreservedInsect","Cursed Key","Toxic Egg 2","Bag of Preparation","Anchor","Mummified Hand","Vajra","Spirit Poop"],"potions_floor_usage":[8,16,22,31,33,33,50],"damage_taken":[{"damage":1,"enemies":"2 Louse","floor":1,"turns":4},{"damage":0,"enemies":"Small Slimes","floor":5,"turns":5},{"damage":0,"enemies":"Jaw Worm","floor":7,"turns":2},{"damage":14,"enemies":"Gremlin Nob","floor":8,"turns":4},{"damage":0,"enemies":"Large Slime","floor":12,"turns":3},{"damage":0,"enemies":"3 Louse","floor":13,"turns":1},{"damage":0,"enemies":"2 Fungi Beasts","floor":14,"turns":2},{"damage":12,"enemies":"Slime Boss","floor":16,"turns":8},{"damage":0,"enemies":"3 Byrds","floor":18,"turns":3},{"damage":0,"enemies":"Spheric Guardian","floor":19,"turns":3},{"damage":0,"enemies":"3 Cultists","floor":21,"turns":4},{"damage":6,"enemies":"Centurion and Healer","floor":22,"turns":4},{"damage":0,"enemies":"Sentry and Sphere","floor":24,"turns":3},{"damage":1,"enemies":"3 Cultists","floor":30,"turns":3},{"damage":7,"enemies":"Centurion and Healer","floor":31,"turns":7},{"damage":30,"enemies":"Collector","floor":33,"turns":9},{"damage":2,"enemies":"Orb Walker","floor":35,"turns":3},{"damage":0,"enemies":"3 Shapes","floor":38,"turns":4},{"damage":18,"enemies":"Sphere and 2 Shapes","floor":39,"turns":3},{"damage":0,"enemies":"Giant Head","floor":41,"turns":6},{"damage":92,"enemies":"Donu and Deca","floor":50,"turns":10}],"seed_played":"6806781539603562058","potions_obtained":[{"floor":1,"key":"AttackPotion"},{"floor":8,"key":"Strength Potion"},{"floor":14,"key":"Fire Potion"},{"floor":16,"key":"Strength Potion"},{"floor":18,"key":"SkillPotion"},{"floor":19,"key":"Block Potion"},{"floor":31,"key":"SkillPotion"},{"floor":38,"key":"Explosive Potion"}],"is_trial":false,"path_per_floor":["M","?","?","$","M","R","M","?","T","T","R","M","M","M","R","B",null,"M","M","$","M","M","R","M","R","T","R","$","?","M","M","R","B",null,"M","?","?","M","M","R","E","T","T","R","$","R","$","?","R","B"],"character_chosen":"THE_SILENT","items_purchased":["Unload","Footwork","Mummified Hand","Vajra","Footwork","Apotheosis+1"],"campfire_rested":1,"item_purchase_floors":[20,28,45,45,45,47],"current_hp_per_floor":[69,62,62,62,62,62,62,48,48,48,48,48,48,48,48,36,70,70,70,70,70,64,64,64,64,64,64,64,58,57,50,50,20,70,68,68,68,68,50,50,50,50,50,50,50,50,50,50,70,16],"gold":29,"neow_bonus":"REMOVE_CARD","is_prod":false,"is_daily":false,"chose_seed":false,"campfire_upgraded":10,"win_rate":0,"timestamp":1537500129,"path_taken":["M","?","?","$","M","R","M","?","T","?","R","M","?","M","R","BOSS","M","M","$","M","M","R","M","R","T","R","$","?","M","M","R","BOSS","M","?","?","M","M","R","E","?","T","R","$","R","$","?","R","BOSS"],"build_version":"2018-09-20","purchased_purges":2,"victory":true,"max_hp_per_floor":[70,70,70,70,70,70,70,70,70,70,70,70,70,70,70,70,70,70,70,70,70,70,70,70,70,70,70,70,70,70,70,70,70,70,70,70,70,70,70,70,70,70,70,70,70,70,70,70,70,70],"card_choices":[{"not_picked":["Sucker Punch","Expertise"],"picked":"Dash","floor":1},{"not_picked":["Crippling Poison","Caltrops"],"picked":"Dagger Spray","floor":5},{"not_picked":["Bane","Acrobatics","Deadly Poison"],"picked":"SKIP","floor":7},{"not_picked":["Skewer","Venomology","Acrobatics"],"picked":"SKIP","floor":12},{"not_picked":["Tactician","Expertise","Deadly Poison"],"picked":"SKIP","floor":13},{"not_picked":["Dagger Throw","Bane","Dagger Spray"],"picked":"SKIP","floor":14},{"not_picked":["Die Die Die","Unload"],"picked":"Bullet Time","floor":16},{"not_picked":["Backflip+1","Outmaneuver"],"picked":"Prepared+1","floor":18},{"not_picked":["Slice","Terror+1"],"picked":"Eviscerate+1","floor":19},{"not_picked":["Backflip","All Out Attack+1","Cloak And Dagger"],"picked":"SKIP","floor":21},{"not_picked":["Dodge and Roll+1","Concentrate","Slice"],"picked":"SKIP","floor":22},{"not_picked":["Acrobatics+1","Tactician","Deadly Poison+1"],"picked":"SKIP","floor":24},{"not_picked":["Acrobatics","Backstab","Dash"],"picked":"SKIP","floor":30},{"not_picked":["Dagger Throw+1","Sucker Punch+1"],"picked":"Well Laid Plans","floor":31},{"not_picked":["Night Terror","Envenom"],"picked":"A Thousand Cuts","floor":33},{"not_picked":["Dodge and Roll+1","Outmaneuver+1"],"picked":"Caltrops+1","floor":35},{"not_picked":["Poisoned Stab","Quick Slash","Prepared+1"],"picked":"SKIP","floor":38},{"not_picked":["Bane","Dagger Spray+1","Dagger Throw+1"],"picked":"SKIP","floor":39},{"not_picked":["Night Terror","Dodge and Roll","Choke+1"],"picked":"SKIP","floor":41}],"player_experience":320582,"relics_obtained":[{"floor":8,"key":"The Courier"},{"floor":9,"key":"Matryoshka"},{"floor":10,"key":"Mercury Hourglass"},{"floor":10,"key":"Shuriken"},{"floor":26,"key":"Pen Nib"},{"floor":26,"key":"PreservedInsect"},{"floor":41,"key":"Toxic Egg 2"},{"floor":42,"key":"Bag of Preparation"},{"floor":43,"key":"Anchor"}],"event_choices":[{"event_name":"Scrap Ooze","player_choice":"success","floor":2,"damage_taken":7},{"event_name":"Golden Idol","player_choice":"Take Wound","floor":3,"damage_taken":0},{"event_name":"Dead Adventurer","player_choice":"Searched \u00272\u0027 times","floor":8,"damage_taken":0},{"event_name":"Nest","player_choice":"Joined the Cult","floor":29,"damage_taken":0},{"event_name":"Transmorgrifier","player_choice":"Skipped","floor":36,"damage_taken":0},{"event_name":"Designer","player_choice":"Upgrade 2 Random Cards","floor":37,"damage_taken":0},{"event_name":"Bonfire Elementals","player_choice":"CURSE","floor":48,"damage_taken":0}],"is_beta":false,"boss_relics":[{"not_picked":["Black Star","Busted Crown"],"picked":"Lizard Tail"},{"not_picked":["HoveringKite","WristBlade"],"picked":"Cursed Key"}],"items_purged_floors":[4,28],"is_endless":false,"potions_floor_spawned":[1,8,14,16,18,19,21,31,38],"ascension_level":0}