{"gold_per_floor":[109,127,138,138,63,63,96,107,137,152,152,165,181,213,213,312,312,328,152,170,20,33,33,50,50,50,66,77,0,0,13,13,13],"floor_reached":33,"playtime":2075,"items_purged":["Strike_R","Strike_R","Strike_R"],"score":289,"play_id":"dc4503e3-1488-4e10-9744-78021b2dd281","local_time":"20181005014912","is_ascension_mode":true,"campfire_choices":[{"data":"Defend_R","floor":6,"key":"SMITH"},{"data":"Bash","floor":11,"key":"SMITH"},{"data":"Defend_R","floor":15,"key":"SMITH"},{"data":"Body Slam","floor":25,"key":"SMITH"},{"floor":30,"key":"REST"},{"floor":32,"key":"REST"}],"neow_cost":"NONE","seed_source_timestamp":1323542206162649,"circlet_count":0,"master_deck":["Strike_R","Strike_R","Defend_R+1","Defend_R+1","Defend_R","Defend_R","Bash+1","Offering","Pommel Strike","Carnage","Impervious+1","Body Slam+1","Intimidate+1","Demon Form","Uppercut","Spot Weakness+1","Flex+1","Cleave+1","Clash","Juggernaut"],"relics":["Burning Blood","Pear","Toxic Egg 2","Tiny Chest","Lantern","Sozu","Question Card"],"potions_floor_usage":[18,20],"damage_taken":[{"damage":7,"enemies":"Cultist","floor":1,"turns":3},{"damage":8,"enemies":"Jaw Worm","floor":2,"turns":2},{"damage":0,"enemies":"Small Slimes","floor":3,"turns":3},{"damage":28,"enemies":"3 Sentries","floor":7,"turns":9},{"damage":0,"enemies":"2 Fungi Beasts","floor":8,"turns":4},{"damage":0,"enemies":"Large Slime","floor":10,"turns":5},{"damage":15,"enemies":"Lots of Slimes","floor":12,"turns":6},{"damage":6,"enemies":"Looter","floor":13,"turns":1},{"damage":33,"enemies":"Gremlin Nob","floor":14,"turns":4},{"damage":43,"enemies":"Hexaghost","floor":16,"turns":10},{"damage":1,"enemies":"3 Byrds","floor":18,"turns":7},{"damage":3,"enemies":"2 Thieves","floor":20,"turns":3},{"damage":36,"enemies":"Snecko","floor":22,"turns":5},{"damage":20,"enemies":"Centurion and Healer","floor":24,"turns":5},{"damage":15,"enemies":"Shelled Parasite and Fungi","floor":27,"turns":3},{"damage":22,"enemies":"Snecko","floor":28,"turns":5},{"damage":25,"enemies":"Centurion and Healer","floor":31,"turns":3},{"damage":67,"enemies":"Collector","floor":33,"turns":5}],"seed_played":"9115556010380662783","potions_obtained":[{"floor":8,"key":"Poison Potion"},{"floor":10,"key":"Strength Potion"},{"floor":12,"key":"FearPotion"}],"is_trial":false,"path_per_floor":["M","M","M","T","$","R","E","M","T","M","R","M","M","E","R","B",null,"M","$","M","$","M","$","M","R","T","M","M","?","R","M","R"],"character_chosen":"IRONCLAD","items_purchased":["Spot Weakness+1","Flex+1"],"campfire_rested":2,"item_purchase_floors":[19,21],"current_hp_per_floor":[79,77,80,90,90,90,68,74,74,80,80,71,71,44,44,7,90,90,90,90,90,60,60,46,46,46,37,21,21,48,29,56,0],"gold":13,"neow_bonus":"ONE_RANDOM_RARE_CARD","is_prod":false,"is_daily":false,"chose_seed":false,"campfire_upgraded":4,"win_rate":0,"timestamp":1538722152,"path_taken":["M","?","M","?","?","R","E","M","T","M","R","M","?","E","R","BOSS","M","$","M","$","M","$","M","R","T","?","?","?","R","M","R","BOSS"],"build_version":"2018-10-04","purchased_purges":3,"victory":false,"max_hp_per_floor":[80,80,80,90,90,90,90,90,90,90,90,90,90,90,90,90,90,90,90,90,90,90,90,90,90,90,90,90,90,90,90,90,90],"card_choices":[{"not_picked":["Anger","Armaments"],"picked":"Pommel Strike","floor":1},{"not_picked":["True Grit","Iron Wave"],"picked":"Carnage","floor":2},{"not_picked":["Perfected Strike","Cleave","Searing Blow"],"picked":"SKIP","floor":3},{"not_picked":["Power Through","Blood for Blood"],"picked":"Impervious","floor":7},{"not_picked":["Heavy Blade","Anger","Thunderclap"],"picked":"SKIP","floor":8},{"not_picked":["Pommel Strike","Hemokinesis","Limit Break+1"],"picked":"SKIP","floor":10},{"not_picked":["Feel No Pain","Headbutt"],"picked":"Body Slam","floor":12},{"not_picked":["Heavy Blade","Hemokinesis"],"picked":"Intimidate+1","floor":13},{"not_picked":["Bludgeon","Headbutt","Sword Boomerang"],"picked":"SKIP","floor":14},{"not_picked":["Dark Embrace","Juggernaut"],"picked":"Demon Form","floor":16},{"not_picked":["Flex+1","Havoc+1"],"picked":"Uppercut","floor":18},{"not_picked":["Clothesline","Body Slam","Searing Blow"],"picked":"SKIP","floor":20},{"not_picked":["Twin Strike","Anger","Dual Wield+1"],"picked":"SKIP","floor":22},{"not_picked":["Anger+1","Sentinel+1","Flex+1"],"picked":"SKIP","floor":24},{"not_picked":["Headbutt","Rage+1","Sword Boomerang"],"picked":"Cleave+1","floor":27},{"not_picked":["Iron Wave","Twin Strike","Sword Boomerang"],"picked":"Clash","floor":28},{"not_picked":["True Grit+1","Anger+1","Armaments+1"],"picked":"Juggernaut","floor":31}],"player_experience":381402,"relics_obtained":[{"floor":4,"key":"Pear"},{"floor":7,"key":"Toxic Egg 2"},{"floor":9,"key":"Tiny Chest"},{"floor":14,"key":"Lantern"},{"floor":26,"key":"Question Card"}],"event_choices":[{"event_name":"Masked Bandits","player_choice":"Paid Fearfully","floor":29,"damage_taken":0}],"is_beta":false,"boss_relics":[{"not_picked":["Snecko Eye","Tiny House"],"picked":"Sozu"}],"items_purged_floors":[5,19,21],"is_endless":false,"potions_floor_spawned":[8,10,12,16,20,22,28,31],"killed_by":"Collector","ascension_level":2}