{"gold_per_floor":[114,131,131,88,88,88,105,105,135,135,163,175,200,215,215,318,318,332,44,90,90,110,110,120,120,197,197,211,222,239,164,164,262,262,274,349,368,386,400,400,400],"floor_reached":41,"playtime":2550,"items_purged":[],"score":547,"play_id":"58f5dfd7-a445-48ad-9f3b-a6b9cfa99d31","local_time":"20190927233048","is_ascension_mode":true,"campfire_choices":[{"data":"Auto Shields","floor":6.0,"key":"SMITH"},{"data":"Zap","floor":8.0,"key":"SMITH"},{"data":"Dualcast","floor":10,"key":"SMITH"},{"floor":15,"key":"REST"},{"data":"Defragment","floor":23,"key":"SMITH"},{"data":"Reinforced Body","floor":27,"key":"SMITH"},{"floor":32,"key":"REST"},{"floor":40,"key":"REST"}],"neow_cost":"NONE","seed_source_timestamp":0,"circlet_count":0,"master_deck":["Strike_B","Strike_B","Defend_B","Defend_B","Zap+1","Dualcast+1","Auto Shields+1","Cold Snap","Sweeping Beam","BootSequence","Ball Lightning+1","Electrodynamics","Reinforced Body+1","Undo","Leap","Defragment+1","Defragment+1","Leap","Sweeping Beam+1","Ball Lightning+1","Redo+1","Defragment+1","Conserve Battery","White Noise+1","Thunder Strike+1","Self Repair","Aggregate+1","Capacitor+1"],"special_seed":0,"relics":["Cracked Core","Tiny Chest","Orichalcum","Molten Egg 2","Orrery","Mummified Hand","Bronze Scales","Bottled Flame","Philosopher\u0027s Stone"],"potions_floor_usage":[13,13,16,24,33,33,38],"damage_taken":[{"damage":0.0,"enemies":"2 Louse","floor":1.0,"turns":2.0},{"damage":1.0,"enemies":"Small Slimes","floor":2.0,"turns":3.0},{"damage":0.0,"enemies":"Jaw Worm","floor":7.0,"turns":3.0},{"damage":14,"enemies":"Lagavulin","floor":11,"turns":6},{"damage":0,"enemies":"Exordium Thugs","floor":12,"turns":4},{"damage":17,"enemies":"Gremlin Nob","floor":13,"turns":4},{"damage":5,"enemies":"3 Louse","floor":14,"turns":2},{"damage":34,"enemies":"Hexaghost","floor":16,"turns":10},{"damage":0,"enemies":"Chosen","floor":18,"turns":5},{"damage":1,"enemies":"Shell Parasite","floor":22,"turns":6},{"damage":5,"enemies":"Snecko","floor":24,"turns":4},{"damage":12,"enemies":"Centurion and Healer","floor":28,"turns":5},{"damage":0,"enemies":"3 Cultists","floor":29,"turns":2},{"damage":8,"enemies":"Shelled Parasite and Fungi","floor":30,"turns":4},{"damage":21,"enemies":"Champ","floor":33,"turns":9},{"damage":0,"enemies":"3 Darklings","floor":35,"turns":3},{"damage":4,"enemies":"3 Shapes","floor":37,"turns":3},{"damage":28,"enemies":"Jaw Worm Horde","floor":38,"turns":4},{"damage":30,"enemies":"Transient","floor":39,"turns":5},{"damage":44,"enemies":"Reptomancer","floor":41,"turns":2}],"seed_played":"7719269324457798642","potions_obtained":[{"floor":2.0,"key":"Energy Potion"},{"floor":11,"key":"GamblersBrew"},{"floor":14,"key":"Poison Potion"},{"floor":22,"key":"SkillPotion"},{"floor":24,"key":"EssenceOfSteel"},{"floor":30,"key":"Ancient Potion"},{"floor":35,"key":"LiquidBronze"},{"floor":37,"key":"SkillPotion"}],"is_trial":false,"path_per_floor":["M","M","?","?","?","R","M","R","T","R","E","M","E","M","R","B",null,"M","$","T","?","M","R","M","?","T","R","M","M","M","?","R","B",null,"M","?","M","M","M","R","E"],"character_chosen":"DEFECT","items_purchased":["Mummified Hand","Leap"],"campfire_rested":3,"item_purchase_floors":[19,19],"current_hp_per_floor":[68,67,60,60,60,60,60,60,60,60,46,46,29,24,46,12,59,59,59,59,59,58,58,53,53,53,53,41,41,33,33,55,34,65,65,58,54,33,10,32,0],"gold":400,"neow_bonus":"TRANSFORM_CARD","is_prod":false,"is_daily":false,"chose_seed":false,"campfire_upgraded":5,"win_rate":0,"timestamp":1569645048,"path_taken":["M","M","?","?","?","R","M","R","T","R","E","M","E","?","R","BOSS","M","$","?","?","M","R","M","?","T","R","M","M","?","?","R","BOSS","M","?","M","M","?","R","E"],"build_version":"2019-07-17","purchased_purges":0,"victory":false,"max_hp_per_floor":[75,75,75,75,75,75,75,75,75,75,75,75,75,75,75,75,75,75,75,75,75,75,75,75,75,75,75,75,75,75,75,75,75,75,75,75,75,75,75,75,75],"card_choices":[{"not_picked":["Turbo","Hello World"],"picked":"Cold Snap","floor":1.0},{"not_picked":["Beam Cell","Blizzard","Barrage"],"picked":"SKIP","floor":2.0},{"not_picked":["Cold Snap","Steam"],"picked":"Sweeping Beam","floor":7.0},{"not_picked":["Steam Power","Genetic Algorithm"],"picked":"BootSequence","floor":11},{"not_picked":["Hologram","Go for the Eyes","Steam"],"picked":"SKIP","floor":12},{"not_picked":["Stack","Steam"],"picked":"Ball Lightning","floor":13},{"not_picked":["Go for the Eyes+1","Barrage+1","Recycle"],"picked":"SKIP","floor":14},{"not_picked":["Buffer","Hyperbeam+1"],"picked":"Electrodynamics","floor":16},{"not_picked":["Turbo","Steam"],"picked":"Reinforced Body","floor":17},{"not_picked":["Barrage+1","Ball Lightning+1"],"picked":"Undo","floor":17},{"not_picked":["Cold Snap+1","Genetic Algorithm"],"picked":"Leap","floor":17},{"not_picked":["Reinforced Body","Loop"],"picked":"Defragment","floor":17},{"not_picked":["Sweeping Beam+1","Scrape+1"],"picked":"Defragment+1","floor":18},{"not_picked":["Redo+1","Rip and Tear+1"],"picked":"Ball Lightning+1","floor":22},{"not_picked":["Tempest","Reinforced Body+1"],"picked":"Redo+1","floor":24},{"not_picked":["Redo","Coolheaded+1"],"picked":"Conserve Battery","floor":28},{"not_picked":["Loop","Aggregate","Hologram+1"],"picked":"SKIP","floor":29},{"not_picked":["Hologram+1","Static Discharge"],"picked":"White Noise+1","floor":30},{"not_picked":["Multi-Cast","All For One+1"],"picked":"Thunder Strike+1","floor":33},{"not_picked":["Capacitor","Ball Lightning+1"],"picked":"Self Repair","floor":35},{"not_picked":["Streamline+1","Auto Shields+1"],"picked":"Aggregate+1","floor":37},{"not_picked":["Stack","Barrage+1"],"picked":"Capacitor+1","floor":38},{"not_picked":["Beam Cell+1","Doom and Gloom+1","Ball Lightning+1"],"picked":"SKIP","floor":39}],"player_experience":763242,"relics_obtained":[{"floor":9,"key":"Tiny Chest"},{"floor":11,"key":"Orichalcum"},{"floor":13,"key":"Molten Egg 2"},{"floor":20,"key":"Bronze Scales"},{"floor":26,"key":"Bottled Flame"}],"event_choices":[{"cards_removed":["Defend_B"],"damage_healed":0.0,"max_hp_gain":0.0,"max_hp_loss":0.0,"gold_gain":0.0,"event_name":"Golden Wing","player_choice":"Card Removal","floor":3.0,"gold_loss":0.0,"damage_taken":7.0},{"damage_healed":0.0,"max_hp_gain":0.0,"max_hp_loss":0.0,"gold_gain":0.0,"event_name":"World of Goop","player_choice":"Left Gold","floor":4.0,"gold_loss":43.0,"damage_taken":0.0},{"damage_healed":0.0,"max_hp_gain":0.0,"max_hp_loss":0.0,"gold_gain":0.0,"event_name":"Liars Game","player_choice":"Ignored","floor":5.0,"gold_loss":0.0,"damage_taken":0.0},{"damage_healed":0,"gold_gain":0,"cards_transformed":["Defend_B","Strike_B"],"player_choice":"Became Test Subject","damage_taken":0,"max_hp_gain":0,"max_hp_loss":0,"event_name":"Drug Dealer","floor":21,"gold_loss":0,"cards_obtained":["Recycle","Sweeping Beam"]},{"damage_healed":0,"gold_gain":0,"player_choice":"Copied","damage_taken":0,"max_hp_gain":0,"max_hp_loss":0,"event_name":"Duplicator","floor":25,"gold_loss":0,"cards_obtained":["Defragment"]},{"cards_removed":["Recycle"],"damage_healed":0,"gold_gain":0,"player_choice":"Gave Gold","damage_taken":0,"max_hp_gain":0,"max_hp_loss":0,"event_name":"Beggar","floor":31,"gold_loss":75},{"damage_healed":0,"gold_gain":75,"player_choice":"Touch","damage_taken":7,"max_hp_gain":0,"max_hp_loss":0,"event_name":"FaceTrader","floor":36,"gold_loss":0}],"is_beta":false,"boss_relics":[{"not_picked":["Tiny House","Fusion Hammer"],"picked":"Orrery"},{"not_picked":["Velvet Choker","Runic Pyramid"],"picked":"Philosopher\u0027s Stone"}],"items_purged_floors":[],"is_endless":false,"potions_floor_spawned":[2,11,14,22,24,30,35,37],"killed_by":"Reptomancer","ascension_level":7}