{"gold_per_floor":[119,119,119,119,133,133,151,151,206,223,236,236,246,19,19,120,120,134,134,148,76,90,115,115,129,175,175,0,20,20,35,35,137,137,154,154,54,73,73],"floor_reached":39,"playtime":2063,"items_purged":["Defend_B","Electrodynamics"],"score":443,"play_id":"a312b120-aabb-4012-9113-49bb19a3e5b0","local_time":"20180906181554","is_ascension_mode":false,"campfire_choices":[{"data":"Zap","floor":6,"key":"SMITH"},{"data":"Dualcast","floor":8,"key":"SMITH"},{"data":"Electrodynamics","floor":12,"key":"SMITH"},{"data":"Sunder","floor":15,"key":"SMITH"},{"data":"Echo Form","floor":24,"key":"SMITH"},{"floor":30,"key":"REST"},{"data":"Conserve Battery","floor":32,"key":"SMITH"}],"neow_cost":"NONE","seed_source_timestamp":346318604047563,"circlet_count":0,"master_deck":["Strike_B","Strike_B","Strike_B","Defend_B","Defend_B","Defend_B","Zap+1","Dualcast+1","Electrodynamics+1","FTL","Sunder+1","Ball Lightning","Self Repair","Conserve Battery+1","All For One","Echo Form+1","Static Discharge","Melter","Leap"],"relics":["Cracked Core","Tiny Chest","Busted Crown","Bag of Marbles","Regal Pillow","Juzu Bracelet","Nilry\u0027s Codex","Fusion Hammer"],"potions_floor_usage":[11,16,18],"damage_taken":[{"damage":3,"enemies":"2 Louse","floor":1,"turns":3},{"damage":2,"enemies":"Small Slimes","floor":5,"turns":3},{"damage":0,"enemies":"Cultist","floor":7,"turns":2},{"damage":0,"enemies":"Large Slime","floor":10,"turns":2},{"damage":0,"enemies":"Exordium Wildlife","floor":11,"turns":3},{"damage":7,"enemies":"Blue Slaver","floor":13,"turns":3},{"damage":0,"enemies":"Slime Boss","floor":16,"turns":4},{"damage":15,"enemies":"2 Thieves","floor":18,"turns":3},{"damage":5,"enemies":"3 Byrds","floor":20,"turns":2},{"damage":17,"enemies":"Centurion and Healer","floor":22,"turns":3},{"damage":22,"enemies":"Slavers","floor":23,"turns":3},{"damage":15,"enemies":"Snake Plant","floor":25,"turns":3},{"damage":8,"enemies":"Chosen and Byrds","floor":29,"turns":4},{"damage":0,"enemies":"Snecko","floor":31,"turns":3},{"damage":55,"enemies":"Collector","floor":33,"turns":7},{"damage":20,"enemies":"Orb Walker","floor":35,"turns":3},{"damage":11,"enemies":"3 Darklings","floor":38,"turns":2},{"damage":68,"enemies":"Transient","floor":39,"turns":5}],"seed_played":"1306781784988981372","potions_obtained":[{"floor":1,"key":"Block Potion"},{"floor":5,"key":"PowerPotion"},{"floor":11,"key":"FearPotion"},{"floor":13,"key":"Explosive Potion"},{"floor":16,"key":"LiquidBronze"},{"floor":18,"key":"Energy Potion"}],"is_trial":false,"path_per_floor":["M","?","?","?","M","R","M","R","T","M","M","R","M","$","R","B",null,"M","?","M","$","M","E","R","M","T","?","?","M","R","M","R","B",null,"M","?","$","M"],"character_chosen":"DEFECT","items_purchased":["All For One","Static Discharge"],"campfire_rested":1,"item_purchase_floors":[14,21],"current_hp_per_floor":[72,72,77,77,75,75,75,75,75,75,80,80,73,73,73,80,80,72,72,74,74,64,49,49,48,48,32,32,31,70,70,70,22,80,67,67,67,56,0],"gold":73,"neow_bonus":"ONE_RANDOM_RARE_CARD","is_prod":false,"is_daily":false,"chose_seed":false,"campfire_upgraded":6,"win_rate":0.0,"timestamp":1536275754,"path_taken":["M","?","?","?","?","R","M","R","T","M","M","R","M","$","R","BOSS","M","?","M","$","M","E","R","M","T","?","?","M","R","M","R","BOSS","M","?","$","M","M"],"build_version":"2018-09-06","purchased_purges":2,"victory":false,"max_hp_per_floor":[75,75,80,80,80,80,80,80,80,80,80,80,80,80,80,80,80,80,80,80,80,80,80,80,80,80,80,80,80,80,80,80,80,80,80,80,80,80,80],"card_choices":[{"not_picked":["Stack","Storm"],"picked":"FTL","floor":1},{"not_picked":["Compile Driver","Tempest"],"picked":"Sunder","floor":5},{"not_picked":["Compile Driver","Cold Snap"],"picked":"Ball Lightning","floor":7},{"not_picked":["Darkness","Redo"],"picked":"Self Repair","floor":10},{"not_picked":["Stack","Chaos","Barrage"],"picked":"SKIP","floor":11},{"not_picked":["Turbo","Scrape"],"picked":"Conserve Battery","floor":13},{"not_picked":["Amplify","Thunder Strike"],"picked":"Echo Form","floor":16},{"not_picked":["Capacitor"],"picked":"SKIP","floor":18},{"not_picked":["Recycle"],"picked":"SKIP","floor":20},{"not_picked":["Ball Lightning"],"picked":"SKIP","floor":22},{"not_picked":["Gash"],"picked":"SKIP","floor":23},{"not_picked":["Streamline"],"picked":"SKIP","floor":25},{"not_picked":["Turbo"],"picked":"SKIP","floor":29},{"not_picked":["Steam"],"picked":"SKIP","floor":31},{"not_picked":[],"picked":"Electrodynamics","floor":33},{"not_picked":[],"picked":"Melter","floor":35},{"not_picked":[],"picked":"Leap","floor":38}],"player_experience":304756,"relics_obtained":[{"floor":9,"key":"Tiny Chest"},{"floor":23,"key":"Regal Pillow"},{"floor":26,"key":"Juzu Bracelet"},{"floor":27,"key":"Nilry\u0027s Codex"}],"event_choices":[{"event_name":"Liars Game","player_choice":"disagreed","floor":2,"damage_taken":0},{"event_name":"Big Fish","player_choice":"Donut","floor":3,"damage_taken":0},{"event_name":"Living Wall","player_choice":"Forget","floor":4,"damage_taken":0},{"event_name":"The Mausoleum","player_choice":"Yes","floor":19,"damage_taken":0},{"event_name":"Cursed Tome","player_choice":"Obtained Book","floor":27,"damage_taken":0},{"event_name":"Masked Bandits","player_choice":"Paid Fearfully","floor":28,"damage_taken":0},{"event_name":"SensoryStone","player_choice":"Memory 1","floor":36,"damage_taken":0}],"is_beta":false,"boss_relics":[{"not_picked":["Astrolabe","Velvet Choker"],"picked":"Busted Crown"},{"not_picked":["Eternal Feather","Calling Bell"],"picked":"Fusion Hammer"}],"items_purged_floors":[14,37],"is_endless":false,"potions_floor_spawned":[1,5,11,13,16,18,23,25,38],"killed_by":"Transient","ascension_level":0}