{"gold_per_floor":[119,119,48,64,78,137,137,157,157,172,188,188,216,232,232,330,330,347,272,283,102,122,122,221,221,289,320,320,320,320,38,38,38],"floor_reached":33,"playtime":2930,"items_purged":["Defend_G","Strike_G","Decay"],"score":424,"play_id":"2ef81ea1-45d1-4f84-a698-cb67f19a3934","local_time":"20190924113542","is_ascension_mode":true,"campfire_choices":[{"data":"Storm of Steel","floor":7,"key":"SMITH"},{"floor":15,"key":"REST"},{"floor":23,"key":"REST"},{"data":"Accuracy","floor":25,"key":"SMITH"},{"floor":28,"key":"REST"},{"data":"Blade Dance","floor":32,"key":"SMITH"}],"neow_cost":"NONE","seed_source_timestamp":120782190560700,"circlet_count":0,"master_deck":["Strike_G","Strike_G","Strike_G","Defend_G","Defend_G","Defend_G","Defend_G","Survivor","Neutralize","Accuracy+1","Well Laid Plans","Cloak And Dagger","Cloak And Dagger","Storm of Steel+1","Cloak And Dagger","Blade Dance+1","Acrobatics","Infinite Blades","Cloak And Dagger","A Thousand Cuts","Bandage Up","Reflex+1","Cloak And Dagger+1","Accuracy+1"],"relics":["Ring of the Snake","Juzu Bracelet","Tiny Chest","Strawberry","Bottled Tornado","Matryoshka","Ancient Tea Set","Regal Pillow"],"potions_floor_usage":[6,13,16,16,18,22,27],"damage_taken":[{"damage":0,"enemies":"2 Louse","floor":1,"turns":2},{"damage":1,"enemies":"Small Slimes","floor":4,"turns":4},{"damage":0,"enemies":"Jaw Worm","floor":5,"turns":5},{"damage":21,"enemies":"3 Sentries","floor":6,"turns":14},{"damage":2,"enemies":"Red Slaver","floor":8,"turns":4},{"damage":0,"enemies":"Looter","floor":10,"turns":4},{"damage":3,"enemies":"Large Slime","floor":11,"turns":6},{"damage":13,"enemies":"Gremlin Nob","floor":13,"turns":3},{"damage":2,"enemies":"Blue Slaver","floor":14,"turns":4},{"damage":18,"enemies":"Slime Boss","floor":16,"turns":8},{"damage":4,"enemies":"3 Byrds","floor":18,"turns":5},{"damage":7,"enemies":"Shell Parasite","floor":20,"turns":7},{"damage":29,"enemies":"Snake Plant","floor":22,"turns":7},{"damage":34,"enemies":"Slavers","floor":27,"turns":7},{"damage":60,"enemies":"Automaton","floor":33,"turns":6}],"seed_played":"-8651497377048572775","potions_obtained":[{"floor":1,"key":"Energy Potion"},{"floor":5,"key":"Energy Potion"},{"floor":8,"key":"SkillPotion"},{"floor":11,"key":"GamblersBrew"},{"floor":14,"key":"Fire Potion"},{"floor":16,"key":"SteroidPotion"},{"floor":18,"key":"Weak Potion"},{"floor":22,"key":"Ancient Potion"}],"is_trial":false,"path_per_floor":["M","?","$","M","M","E","R","M","T","M","M","?","E","M","R","B",null,"M","$","M","$","M","R","?","R","T","E","R","?","?","$","R","B"],"character_chosen":"THE_SILENT","items_purchased":["Well Laid Plans","Bandage Up","Regal Pillow"],"campfire_rested":3,"item_purchase_floors":[3,21,31],"current_hp_per_floor":[63,68,68,67,67,46,46,44,51,51,48,41,28,26,50,32,70,66,66,59,59,34,58,58,58,58,28,52,52,52,52,52,0],"gold":38,"neow_bonus":"RANDOM_COMMON_RELIC","is_prod":false,"is_daily":false,"chose_seed":false,"campfire_upgraded":3,"win_rate":0,"timestamp":1569342942,"path_taken":["M","?","$","M","M","E","R","M","T","M","M","?","E","M","R","BOSS","M","$","M","$","M","R","?","R","T","E","R","?","?","?","R","BOSS"],"build_version":"2019-07-17","purchased_purges":3,"victory":false,"max_hp_per_floor":[70,75,75,75,75,75,75,75,82,82,82,82,82,82,82,82,82,82,82,82,82,82,82,82,82,82,82,82,82,82,82,82,82],"card_choices":[{"not_picked":["Bane","Distraction"],"picked":"Accuracy","floor":1},{"not_picked":["Slice","Deflect"],"picked":"Cloak And Dagger","floor":4},{"not_picked":["Bane","Expertise"],"picked":"Cloak And Dagger","floor":5},{"not_picked":["Dash","Endless Agony"],"picked":"Storm of Steel","floor":6},{"not_picked":["Sucker Punch","Tactician"],"picked":"Cloak And Dagger","floor":8},{"not_picked":["Acrobatics","Slice"],"picked":"Blade Dance","floor":10},{"not_picked":["Prepared","Malaise"],"picked":"Acrobatics","floor":11},{"not_picked":["Slice","Poisoned Stab"],"picked":"Infinite Blades","floor":13},{"not_picked":["Dodge and Roll","Deflect"],"picked":"Cloak And Dagger","floor":14},{"not_picked":["Grand Finale","Glass Knife"],"picked":"A Thousand Cuts","floor":16},{"not_picked":["Bouncing Flask","Slice","Deflect"],"picked":"SKIP","floor":18},{"not_picked":["PiercingWail+1","Outmaneuver","Backstab"],"picked":"SKIP","floor":20},{"not_picked":["PiercingWail+1","Outmaneuver+1"],"picked":"Reflex+1","floor":22},{"not_picked":["Distraction","Blade Dance"],"picked":"Cloak And Dagger+1","floor":27}],"player_experience":758110,"relics_obtained":[{"floor":6,"key":"Tiny Chest"},{"floor":9,"key":"Strawberry"},{"floor":13,"key":"Bottled Tornado"},{"floor":26,"key":"Matryoshka"},{"floor":27,"key":"Ancient Tea Set"}],"event_choices":[{"damage_healed":0,"gold_gain":0,"player_choice":"Donut","damage_taken":0,"max_hp_gain":5,"max_hp_loss":0,"event_name":"Big Fish","floor":2,"gold_loss":0},{"cards_removed":["Strike_G"],"damage_healed":0,"gold_gain":0,"player_choice":"Card Removal","damage_taken":7,"max_hp_gain":0,"max_hp_loss":0,"event_name":"Golden Wing","floor":12,"gold_loss":0},{"damage_healed":0,"gold_gain":99,"player_choice":"Stole From Cult","damage_taken":0,"max_hp_gain":0,"max_hp_loss":0,"event_name":"Nest","floor":24,"gold_loss":0},{"damage_healed":0,"gold_gain":0,"player_choice":"Smashed Altar","damage_taken":0,"max_hp_gain":0,"max_hp_loss":0,"event_name":"Forgotten Altar","floor":29,"gold_loss":0,"cards_obtained":["Decay"]},{"damage_healed":0,"gold_gain":0,"player_choice":"Copied","damage_taken":0,"max_hp_gain":0,"max_hp_loss":0,"event_name":"Duplicator","floor":30,"gold_loss":0,"cards_obtained":["Accuracy"]}],"is_beta":false,"boss_relics":[{"not_picked":["Velvet Choker","Runic Dome","HoveringKite"]}],"items_purged_floors":[19,21,31],"is_endless":false,"potions_floor_spawned":[1,5,8,11,14,16,18,22],"killed_by":"Automaton","ascension_level":9}