{"gold_per_floor":[116,116,127,127,137,168,185,250,277,277,277],"floor_reached":11,"playtime":713,"items_purged":[],"score":106,"play_id":"2870a64b-ef92-41d6-9068-a69955c0eb43","local_time":"20191013150323","is_ascension_mode":true,"campfire_choices":[{"data":"Zap","floor":10,"key":"SMITH"}],"neow_cost":"CURSE","seed_source_timestamp":301748617591200,"circlet_count":0,"master_deck":["Strike_B","Strike_B","Strike_B","Strike_B","Defend_B","Defend_B","Defend_B","Defend_B","Zap+1","Dualcast","Echo Form","Conserve Battery","Conserve Battery","Creative AI","Streamline"],"relics":["Cracked Core","Pen Nib","Anchor","Potion Belt"],"potions_floor_usage":[6,7,8],"damage_taken":[{"damage":6,"enemies":"2 Louse","floor":1,"turns":3},{"damage":4,"enemies":"Cultist","floor":3,"turns":4},{"damage":0,"enemies":"Small Slimes","floor":5,"turns":3},{"damage":26,"enemies":"3 Sentries","floor":6,"turns":14},{"damage":1,"enemies":"Blue Slaver","floor":7,"turns":3},{"damage":18,"enemies":"Gremlin Nob","floor":8,"turns":4},{"damage":26,"enemies":"Gremlin Nob","floor":11,"turns":3}],"seed_played":"751401736579641709","potions_obtained":[{"floor":2,"key":"Weak Potion"},{"floor":2,"key":"FearPotion"},{"floor":2,"key":"FairyPotion"},{"floor":3,"key":"AttackPotion"},{"floor":6,"key":"Weak Potion"}],"is_trial":false,"path_per_floor":["M","?","M","?","M","E","M","?","T","R","E"],"character_chosen":"DEFECT","items_purchased":[],"campfire_rested":0,"item_purchase_floors":[],"current_hp_per_floor":[62,62,58,51,51,25,24,6,6,6,0],"gold":277,"neow_bonus":"THREE_RARE_CARDS","is_prod":false,"is_daily":false,"chose_seed":false,"campfire_upgraded":1,"win_rate":0,"timestamp":1570997003,"path_taken":["M","?","?","?","M","E","M","?","T","R","E"],"build_version":"2019-07-17","purchased_purges":0,"victory":false,"max_hp_per_floor":[75,75,75,75,75,75,75,75,75,75,75],"card_choices":[{"not_picked":["Reboot","Amplify"],"picked":"Echo Form","floor":0},{"not_picked":["Tempest","Gash"],"picked":"Conserve Battery","floor":1},{"not_picked":["Lockon","Scrape","Steam"],"picked":"SKIP","floor":3},{"not_picked":["Stack","Compile Driver"],"picked":"Conserve Battery","floor":5},{"not_picked":["Reboot","All For One"],"picked":"Creative AI","floor":6},{"not_picked":["Steam Power","Aggregate","Static Discharge"],"picked":"SKIP","floor":7},{"not_picked":["Conserve Battery","Sweeping Beam"],"picked":"Streamline","floor":8}],"player_experience":832504,"relics_obtained":[{"floor":6,"key":"Pen Nib"},{"floor":8,"key":"Anchor"},{"floor":9,"key":"Potion Belt"}],"event_choices":[{"damage_healed":0,"gold_gain":0,"player_choice":"Got Potions","damage_taken":0,"max_hp_gain":0,"max_hp_loss":0,"event_name":"Lab","floor":2,"gold_loss":0},{"cards_removed":["Regret"],"damage_healed":0,"gold_gain":0,"player_choice":"Card Removal","damage_taken":7,"max_hp_gain":0,"max_hp_loss":0,"event_name":"Golden Wing","floor":4,"gold_loss":0},{"damage_healed":0,"gold_gain":0,"player_choice":"Searched \u00271\u0027 times","damage_taken":0,"max_hp_gain":0,"max_hp_loss":0,"event_name":"Dead Adventurer","floor":8,"gold_loss":0}],"is_beta":false,"boss_relics":[],"items_purged_floors":[],"is_endless":false,"potions_floor_spawned":[3,6],"killed_by":"Gremlin Nob","ascension_level":9}