{"gold_per_floor":[114,130,147,161,11,11,45,60,60,60,71,89,119,131,131,236,236,236,54,54,54,54,54,54,54,54,54,54,54,54],"floor_reached":30,"playtime":1934,"items_purged":["Strike_G","Strike_G"],"score":311,"play_id":"1bcbcd78-44f2-427e-b55e-3689c119c738","local_time":"20181010225726","is_ascension_mode":true,"campfire_choices":[{"data":"Defend_G","floor":6,"key":"SMITH"},{"data":"Backflip","floor":10,"key":"SMITH"},{"floor":15,"key":"REST"}],"neow_cost":"NONE","seed_source_timestamp":1831777079514500,"circlet_count":0,"master_deck":["Defend_G+1","Defend_G+1","Defend_G+1","Defend_G","Defend_G","Strike_G","Strike_G","Strike_G","Survivor+1","Neutralize","Blade Dance","Masterful Stab","Backstab","Infinite Blades","Backflip+1","Caltrops","Cloak And Dagger","Prepared","Dagger Throw","Well Laid Plans","Corpse Explosion","Accuracy+1","Escape Plan","Noxious Fumes"],"relics":["Ring of the Snake","Mummified Hand","Lantern","Dream Catcher","Ectoplasm","Paper Crane","War Paint"],"potions_floor_usage":[13,16,25,25,25,25,28,28,30],"damage_taken":[{"damage":0,"enemies":"2 Louse","floor":1,"turns":4},{"damage":0,"enemies":"Cultist","floor":2,"turns":4},{"damage":0,"enemies":"Small Slimes","floor":3,"turns":3},{"damage":1,"enemies":"Looter","floor":4,"turns":4},{"damage":29,"enemies":"Lagavulin","floor":7,"turns":8},{"damage":0,"enemies":"2 Fungi Beasts","floor":8,"turns":2},{"damage":0,"enemies":"Blue Slaver","floor":11,"turns":3},{"damage":0,"enemies":"3 Louse","floor":12,"turns":2},{"damage":25,"enemies":"Gremlin Nob","floor":13,"turns":3},{"damage":0,"enemies":"2 Fungi Beasts","floor":14,"turns":2},{"damage":18,"enemies":"Slime Boss","floor":16,"turns":10},{"damage":4,"enemies":"Spheric Guardian","floor":18,"turns":4},{"damage":0,"enemies":"3 Byrds","floor":21,"turns":2},{"damage":33,"enemies":"Book of Stabbing","floor":23,"turns":6},{"damage":0,"enemies":"3 Cultists","floor":24,"turns":3},{"damage":7,"enemies":"Snecko","floor":25,"turns":4},{"damage":16,"enemies":"Snake Plant","floor":27,"turns":4},{"damage":2,"enemies":"Centurion and Healer","floor":28,"turns":3},{"damage":4,"enemies":"Chosen and Byrds","floor":29,"turns":6},{"damage":4,"enemies":"Snake Plant","floor":30,"turns":2}],"seed_played":"-1180320743609762269","potions_obtained":[{"floor":3,"key":"Strength Potion"},{"floor":7,"key":"GamblersBrew"},{"floor":13,"key":"Strength Potion"},{"floor":14,"key":"EntropicBrew"},{"floor":23,"key":"Explosive Potion"},{"floor":25,"key":"AttackPotion"},{"floor":28,"key":"Weak Potion"}],"is_trial":false,"path_per_floor":["M","M","M","M","$","R","E","M","T","R","M","M","E","M","R","B",null,"M","$","?","M","?","E","M","M","T","M","M","M"],"character_chosen":"THE_SILENT","items_purchased":["Infinite Blades","Accuracy"],"campfire_rested":1,"item_purchase_floors":[5,19],"current_hp_per_floor":[70,70,70,69,69,69,40,40,40,40,40,40,15,15,36,18,70,66,66,66,66,66,33,33,26,26,10,8,4,0],"gold":54,"neow_bonus":"UPGRADE_CARD","is_prod":false,"is_daily":false,"chose_seed":false,"campfire_upgraded":2,"win_rate":0,"timestamp":1539230246,"path_taken":["M","M","M","M","$","R","E","M","T","R","M","M","E","M","R","BOSS","M","$","?","M","?","E","M","M","T","M","M","M","?"],"build_version":"2018-10-04v2","purchased_purges":2,"victory":false,"max_hp_per_floor":[70,70,70,70,70,70,70,70,70,70,70,70,70,70,70,70,70,70,70,70,70,70,70,70,70,70,70,70,70,70],"card_choices":[{"not_picked":["Acrobatics","Expertise"],"picked":"Blade Dance","floor":1},{"not_picked":["Distraction","Sucker Punch"],"picked":"Masterful Stab","floor":2},{"not_picked":["Quick Slash","Distraction","Sucker Punch"],"picked":"SKIP","floor":3},{"not_picked":["Dagger Spray","Dagger Throw"],"picked":"Backstab","floor":4},{"not_picked":["Glass Knife","Blur"],"picked":"Backflip","floor":7},{"not_picked":["Outmaneuver","Bane"],"picked":"Caltrops","floor":8},{"not_picked":["Dagger Throw","Crippling Poison"],"picked":"Cloak And Dagger","floor":11},{"not_picked":["Doppelganger","Acrobatics"],"picked":"Prepared","floor":12},{"not_picked":["Sucker Punch","Dagger Spray"],"picked":"Dagger Throw","floor":13},{"not_picked":["Escape Plan","Dagger Throw"],"picked":"Well Laid Plans","floor":14},{"not_picked":["Burst","Grand Finale"],"picked":"Corpse Explosion","floor":16},{"not_picked":["Dagger Throw","Backflip","Outmaneuver"],"picked":"SKIP","floor":18},{"not_picked":["PiercingWail+1","Prepared","Backstab"],"picked":"SKIP","floor":21},{"not_picked":["Tactician","Leg Sweep"],"picked":"Escape Plan","floor":23},{"not_picked":["Poisoned Stab+1","Eviscerate"],"picked":"Noxious Fumes","floor":24},{"not_picked":["Escape Plan","Sucker Punch","Dagger Throw"],"picked":"SKIP","floor":25},{"not_picked":["Riddle With Holes","Acrobatics+1","Flying Knee"],"picked":"SKIP","floor":27},{"not_picked":["Concentrate","Dagger Throw+1","Acrobatics"],"picked":"SKIP","floor":28},{"not_picked":["Acrobatics","Night Terror","Expertise"],"picked":"SKIP","floor":29}],"player_experience":428480,"relics_obtained":[{"floor":7,"key":"Mummified Hand"},{"floor":9,"key":"Lantern"},{"floor":13,"key":"Dream Catcher"},{"floor":23,"key":"Paper Crane"},{"floor":26,"key":"War Paint"}],"event_choices":[{"event_name":"Upgrade Shrine","player_choice":"Upgraded","floor":20,"damage_taken":0},{"event_name":"Cursed Tome","player_choice":"Ignored","floor":22,"damage_taken":0}],"is_beta":false,"boss_relics":[{"not_picked":["Busted Crown","Empty Cage"],"picked":"Ectoplasm"}],"items_purged_floors":[5,19],"is_endless":false,"potions_floor_spawned":[3,7,13,14,23,25,28],"killed_by":"Snake Plant","ascension_level":3}