{"gold_per_floor":[111,111,111,111,111,111,126,126,126,187,8,8,8,28,28,28],"floor_reached":16,"playtime":730,"items_purged":["Defend_G"],"score":139,"play_id":"c3892b34-ecc0-4d3f-a84e-dd0d85d1dac6","local_time":"20191007205623","is_ascension_mode":true,"campfire_choices":[{"data":"Neutralize","floor":6,"key":"SMITH"},{"data":"Escape Plan","floor":8,"key":"SMITH"},{"floor":12,"key":"REST"},{"data":"Venomology","floor":15,"key":"SMITH"}],"neow_cost":"TEN_PERCENT_HP_LOSS","seed_source_timestamp":327906219767500,"circlet_count":0,"master_deck":["Strike_G","Strike_G","Strike_G","Defend_G","Defend_G","Defend_G","Survivor","Neutralize+1","Blade Dance+1","Escape Plan+1","Venomology+1","Deadly Poison","Leg Sweep","Expertise"],"relics":["Ring of the Snake","Strawberry","The Specimen","Tiny Chest"],"potions_floor_usage":[16,16],"damage_taken":[{"damage":1,"enemies":"Cultist","floor":1,"turns":5},{"damage":2,"enemies":"2 Louse","floor":7,"turns":2},{"damage":48,"enemies":"Gremlin Nob","floor":10,"turns":6},{"damage":0,"enemies":"Small Slimes","floor":14,"turns":3},{"damage":57,"enemies":"Hexaghost","floor":16,"turns":16}],"seed_played":"-1720271949050067862","potions_obtained":[{"floor":10,"key":"FairyPotion"}],"is_trial":false,"path_per_floor":["M","?","?","?","?","R","M","R","T","E","$","R","$","M","R","B"],"character_chosen":"THE_SILENT","items_purchased":["Deadly Poison","Leg Sweep"],"campfire_rested":1,"item_purchase_floors":[11,11],"current_hp_per_floor":[62,55,55,55,59,59,57,57,57,9,9,30,30,30,30,0],"gold":28,"neow_bonus":"REMOVE_TWO","is_prod":false,"is_daily":false,"chose_seed":false,"campfire_upgraded":3,"win_rate":0,"timestamp":1570499783,"path_taken":["M","?","?","?","?","R","M","R","T","E","$","R","$","M","R","BOSS"],"build_version":"2019-07-17","purchased_purges":1,"victory":false,"max_hp_per_floor":[63,63,63,63,70,70,70,70,70,70,70,70,70,70,70,70],"card_choices":[{"not_picked":["Dodge and Roll","PiercingWail"],"picked":"Blade Dance","floor":1},{"not_picked":["Catalyst","Bane"],"picked":"Escape Plan","floor":7},{"not_picked":["Choke","Flying Knee"],"picked":"Venomology","floor":10},{"not_picked":["Bane","Deflect"],"picked":"Expertise","floor":14}],"player_experience":802320,"relics_obtained":[{"floor":9,"key":"The Specimen"},{"floor":10,"key":"Tiny Chest"}],"event_choices":[{"cards_removed":["Strike_G"],"damage_healed":0,"gold_gain":0,"player_choice":"Card Removal","damage_taken":7,"max_hp_gain":0,"max_hp_loss":0,"event_name":"Golden Wing","floor":2,"gold_loss":0},{"damage_healed":0,"gold_gain":0,"player_choice":"Ignored","damage_taken":0,"max_hp_gain":0,"max_hp_loss":0,"event_name":"Liars Game","floor":3,"gold_loss":0},{"damage_healed":0,"gold_gain":0,"player_choice":"Grow","damage_taken":0,"max_hp_gain":0,"max_hp_loss":0,"event_name":"Living Wall","floor":4,"gold_loss":0,"cards_upgraded":["Blade Dance"]},{"damage_healed":0,"gold_gain":0,"player_choice":"Success","damage_taken":3,"relics_obtained":["Strawberry"],"max_hp_gain":0,"max_hp_loss":0,"event_name":"Scrap Ooze","floor":5,"gold_loss":0}],"is_beta":false,"boss_relics":[],"items_purged_floors":[11],"is_endless":false,"potions_floor_spawned":[10],"killed_by":"Hexaghost","ascension_level":9}