{"gold_per_floor":[118,131,107,57,9,39,39,39,64,64,93,105,115,129,129,228,228,241,260,277,376,387,387,420,439,439,439,364,279,279,289,289,389,389,403,422,422,434,186,186,186],"floor_reached":41,"playtime":2725,"items_purged":[],"score":569,"play_id":"f3baa3f3-3271-4cb4-aec5-339df5966edd","local_time":"20181114004221","is_ascension_mode":true,"campfire_choices":[{"data":"Zap","floor":7,"key":"SMITH"},{"floor":10,"key":"REST"},{"floor":15,"key":"REST"},{"floor":23,"key":"REST"},{"floor":27,"key":"REST"},{"data":"Defragment","floor":30,"key":"SMITH"},{"data":"Defragment","floor":32,"key":"SMITH"},{"data":"Defragment","floor":40,"key":"SMITH"}],"neow_cost":"NONE","seed_source_timestamp":708020796747376,"circlet_count":0,"master_deck":["Strike_B","Strike_B","Defend_B","Defend_B","Zap+1","Dualcast+1","Loop","Glacier+1","Ball Lightning","Cold Snap","Chill","Blizzard","Darkness","Conserve Battery","Doom and Gloom","Compile Driver","Defragment+1","Ball Lightning","Core Surge","Defragment+1","Cold Snap+1","Leap","FTL","Glacier+1","Rainbow+1","Reinforced Body","Darkness+1","Electrodynamics","Conserve Battery+1","Defragment+1"],"relics":["FrozenCore","War Paint","Dream Catcher","Question Card","Lizard Tail","Mango","Pear","Smiling Mask","Letter Opener"],"potions_floor_usage":[33,35,36,41,41],"damage_taken":[{"damage":1,"enemies":"Cultist","floor":1,"turns":3},{"damage":2,"enemies":"Jaw Worm","floor":2,"turns":3},{"damage":25,"enemies":"3 Sentries","floor":6,"turns":7},{"damage":19,"enemies":"Gremlin Nob","floor":11,"turns":5},{"damage":0,"enemies":"2 Louse","floor":12,"turns":2},{"damage":18,"enemies":"Exordium Thugs","floor":13,"turns":4},{"damage":16,"enemies":"Large Slime","floor":14,"turns":4},{"damage":0,"enemies":"Slime Boss","floor":16,"turns":7},{"damage":3,"enemies":"Chosen","floor":18,"turns":4},{"damage":0,"enemies":"Spheric Guardian","floor":19,"turns":4},{"damage":13,"enemies":"Cultist and Chosen","floor":20,"turns":6},{"damage":11,"enemies":"Chosen and Byrds","floor":22,"turns":6},{"damage":39,"enemies":"Slavers","floor":24,"turns":8},{"damage":16,"enemies":"Snake Plant","floor":25,"turns":4},{"damage":0,"enemies":"Centurion and Healer","floor":31,"turns":4},{"damage":5,"enemies":"Collector","floor":33,"turns":12},{"damage":20,"enemies":"3 Shapes","floor":35,"turns":3},{"damage":8,"enemies":"Orb Walker","floor":36,"turns":4},{"damage":5,"enemies":"Maw","floor":38,"turns":8},{"damage":137,"enemies":"Giant Head","floor":41,"turns":10}],"seed_played":"3667506217054333790","potions_obtained":[{"floor":1,"key":"Poison Potion"},{"floor":13,"key":"Weak Potion"},{"floor":14,"key":"GamblersBrew"},{"floor":22,"key":"Energy Potion"},{"floor":25,"key":"Regen Potion"},{"floor":33,"key":"Energy Potion"},{"floor":36,"key":"Block Potion"},{"floor":38,"key":"Dexterity Potion"}],"is_trial":false,"path_per_floor":["M","M","?","?","$","E","R","?","T","R","E","M","M","M","R","B",null,"M","M","M","?","M","R","E","M","T","R","?","?","R","M","R","B",null,"M","M","?","M","$","R","E"],"character_chosen":"DEFECT","items_purchased":["Cold Snap","Letter Opener"],"campfire_rested":4,"item_purchase_floors":[5,39],"current_hp_per_floor":[74,72,72,72,72,47,47,47,47,69,50,50,32,16,38,38,75,72,72,59,59,48,70,45,29,39,68,68,68,68,68,68,63,99,79,71,71,66,66,66,0],"gold":186,"neow_bonus":"TRANSFORM_CARD","is_prod":false,"is_daily":false,"chose_seed":false,"campfire_upgraded":4,"win_rate":0,"timestamp":1542177741,"path_taken":["M","M","?","?","$","E","R","?","T","R","E","M","?","M","R","BOSS","M","M","M","?","M","R","E","M","T","R","?","?","R","M","R","BOSS","M","M","?","M","$","R","E"],"build_version":"2018-11-08","purchased_purges":0,"victory":false,"max_hp_per_floor":[75,75,75,75,75,75,75,75,75,75,75,75,75,75,75,75,75,75,75,75,75,75,75,89,89,99,99,99,99,99,99,99,99,99,99,99,99,99,99,99,99],"card_choices":[{"not_picked":["Leap","Beam Cell"],"picked":"Glacier","floor":1},{"not_picked":["Chaos","Undo"],"picked":"Ball Lightning","floor":2},{"not_picked":["Rebound","Storm"],"picked":"Chill","floor":6},{"not_picked":["Genetic Algorithm","Stack"],"picked":"Darkness","floor":10},{"not_picked":["Loop","Redo"],"picked":"Conserve Battery","floor":11},{"not_picked":["Hologram","Conserve Battery","Turbo"],"picked":"Doom and Gloom","floor":12},{"not_picked":["Coolheaded","Skim","Go for the Eyes"],"picked":"Compile Driver","floor":13},{"not_picked":["Biased Cognition","Redo","Darkness"],"picked":"Defragment","floor":14},{"not_picked":["Gash","Stack","Sweeping Beam"],"picked":"Ball Lightning","floor":15},{"not_picked":["All For One","Hyperbeam","Thunder Strike"],"picked":"Core Surge","floor":16},{"not_picked":["Consume","Ball Lightning","Stack"],"picked":"Defragment","floor":18},{"not_picked":["Gash","Static Discharge+1","Recycle"],"picked":"Cold Snap+1","floor":19},{"not_picked":["Barrage","Fusion+1","Cold Snap"],"picked":"Leap","floor":20},{"not_picked":["Barrage","Coolheaded","Turbo","Cold Snap"],"picked":"SKIP","floor":22},{"not_picked":["Ball Lightning","Capacitor+1","Go for the Eyes"],"picked":"FTL","floor":23},{"not_picked":["Redo","Loop+1","Hello World+1"],"picked":"Glacier+1","floor":24},{"not_picked":["Cold Snap","Blizzard","Gash"],"picked":"Rainbow","floor":25},{"not_picked":["Sweeping Beam","Static Discharge","Steam Power"],"picked":"Reinforced Body","floor":27},{"not_picked":["Loop+1","Stack+1","Coolheaded"],"picked":"Darkness+1","floor":31},{"not_picked":["Seek","Buffer","Rainbow"],"picked":"Electrodynamics","floor":33},{"not_picked":["Hologram+1","Go for the Eyes","Cold Snap"],"picked":"Conserve Battery+1","floor":35},{"not_picked":["Fusion","Leap+1","Gash"],"picked":"Defragment","floor":36},{"not_picked":["Coolheaded","Stack+1","Machine Learning","Sweeping Beam+1"],"picked":"SKIP","floor":38}],"player_experience":560361,"relics_obtained":[{"floor":6,"key":"War Paint"},{"floor":9,"key":"Dream Catcher"},{"floor":11,"key":"Question Card"},{"floor":24,"key":"Mango"},{"floor":26,"key":"Pear"}],"event_choices":[{"damage_healed":0,"gold_gain":0,"player_choice":"Left Gold","damage_taken":0,"max_hp_gain":0,"max_hp_loss":0,"event_name":"World of Goop","floor":3,"gold_loss":24},{"cards_removed":["Defend_B"],"damage_healed":0,"gold_gain":0,"player_choice":"Card Removal","damage_taken":0,"max_hp_gain":0,"max_hp_loss":0,"event_name":"The Cleric","floor":4,"gold_loss":50},{"damage_healed":0,"gold_gain":0,"cards_transformed":["Strike_B"],"player_choice":"Transformed","damage_taken":0,"max_hp_gain":0,"max_hp_loss":0,"event_name":"Transmorgrifier","floor":8,"gold_loss":0,"cards_obtained":["Blizzard"]},{"damage_healed":0,"gold_gain":99,"player_choice":"Stole From Cult","damage_taken":0,"max_hp_gain":0,"max_hp_loss":0,"event_name":"Nest","floor":21,"gold_loss":0},{"cards_removed":["Defend_B"],"damage_healed":0,"gold_gain":0,"player_choice":"Gave Gold","damage_taken":0,"max_hp_gain":0,"max_hp_loss":0,"event_name":"Beggar","floor":28,"gold_loss":75},{"damage_healed":0,"gold_gain":0,"player_choice":"Obtained Relic","damage_taken":0,"relics_obtained":["Smiling Mask"],"max_hp_gain":0,"max_hp_loss":0,"event_name":"Addict","floor":29,"gold_loss":85},{"damage_healed":0,"gold_gain":0,"player_choice":"Upgraded","damage_taken":0,"max_hp_gain":0,"max_hp_loss":0,"event_name":"Upgrade Shrine","floor":37,"gold_loss":0,"cards_upgraded":["Rainbow"]}],"is_beta":false,"boss_relics":[{"not_picked":["Snecko Eye","Busted Crown"],"picked":"Lizard Tail"},{"not_picked":["Velvet Choker","Inserter"],"picked":"FrozenCore"}],"items_purged_floors":[],"is_endless":false,"potions_floor_spawned":[1,13,14,18,22,25,33,36,38],"killed_by":"Giant Head","ascension_level":3}