{"gold_per_floor":[117,19,30,30,43,43,69,86,86,38,38,38,54,54,54,159,159,172,172,187,202,213,213,213,246,269,269,288,288,288,306,306,410,410,428,440,440,440,36,64,64,81,81,91,91,91,107,0,0,0],"floor_reached":50,"playtime":2858,"items_purged":["Writhe"],"score":664,"play_id":"2ecc0e6e-a6e8-467e-81e4-7db63cef68f4","local_time":"20190217144428","is_ascension_mode":true,"campfire_choices":[{"data":"Carnage","floor":6,"key":"SMITH"},{"data":"Body Slam","floor":11,"key":"SMITH"},{"data":"True Grit","floor":15,"key":"SMITH"},{"floor":23,"key":"REST"},{"floor":27,"key":"REST"},{"floor":29,"key":"RECALL"},{"floor":32,"key":"REST"},{"floor":41,"key":"REST"},{"floor":45,"key":"REST"},{"floor":49,"key":"REST"}],"neow_cost":"CURSE","seed_source_timestamp":73212591894284,"circlet_count":0,"master_deck":["Strike_R","Strike_R+1","Strike_R","Strike_R","Defend_R","Defend_R+1","Defend_R+1","Defend_R","Bash","True Grit+1","Body Slam+1","Battle Trance","Carnage+1","Shrug It Off","Seeing Red","Impervious","Iron Wave+1","Sentinel","Shrug It Off+1","Juggernaut","Infernal Blade","Demon Form","Inflame+1","Headbutt+1","Madness","Madness","Whirlwind+1","Parasite","Disarm+1","Doubt","True Grit+1"],"relics":["Burning Blood","Thread and Needle","Bronze Scales","Bottled Flame","CultistMask","Fusion Hammer","Incense Burner","Whetstone","Cursed Key","Mummified Hand","War Paint","Toxic Egg 2","Paper Frog","Ornamental Fan","Red Mask"],"potions_floor_usage":[7,16,18,22,22,28,36,50,50,50],"damage_taken":[{"damage":0,"enemies":"Jaw Worm","floor":1,"turns":5},{"damage":0,"enemies":"Cultist","floor":3,"turns":4},{"damage":0,"enemies":"2 Louse","floor":5,"turns":3},{"damage":19,"enemies":"Lagavulin","floor":7,"turns":7},{"damage":0,"enemies":"Red Slaver","floor":8,"turns":4},{"damage":0,"enemies":"3 Louse","floor":13,"turns":3},{"damage":30,"enemies":"Hexaghost","floor":16,"turns":8},{"damage":13,"enemies":"2 Thieves","floor":18,"turns":4},{"damage":0,"enemies":"Spheric Guardian","floor":20,"turns":4},{"damage":7,"enemies":"Shelled Parasite and Fungi","floor":21,"turns":6},{"damage":22,"enemies":"Cultist and Chosen","floor":22,"turns":7},{"damage":32,"enemies":"Slavers","floor":25,"turns":5},{"damage":0,"enemies":"Centurion and Healer","floor":28,"turns":5},{"damage":0,"enemies":"Snake Plant","floor":31,"turns":2},{"damage":61,"enemies":"Collector","floor":33,"turns":12},{"damage":5,"enemies":"3 Shapes","floor":35,"turns":3},{"damage":0,"enemies":"Orb Walker","floor":36,"turns":3},{"damage":20,"enemies":"Giant Head","floor":40,"turns":7},{"damage":13,"enemies":"4 Shapes","floor":42,"turns":3},{"damage":19,"enemies":"Maw","floor":44,"turns":6},{"damage":6,"enemies":"Spire Growth","floor":47,"turns":5},{"damage":105,"enemies":"Donu and Deca","floor":50,"turns":9}],"seed_played":"-9043819213272809103","potions_obtained":[{"floor":1,"key":"Energy Potion"},{"floor":3,"key":"FearPotion"},{"floor":7,"key":"PowerPotion"},{"floor":16,"key":"LiquidBronze"},{"floor":20,"key":"AttackPotion"},{"floor":22,"key":"Ancient Potion"},{"floor":25,"key":"Fire Potion"},{"floor":31,"key":"Strength Potion"},{"floor":42,"key":"Dexterity Potion"},{"floor":44,"key":"BloodPotion"}],"is_trial":false,"path_per_floor":["M","$","M","?","M","R","E","M","T","$","R","$","M","?","R","B",null,"M","T","M","M","M","R","?","E","T","R","M","R","?","M","R","B",null,"M","M","?","?","$","E","R","M","T","M","R","T","M","?","R","B"],"character_chosen":"IRONCLAD","items_purchased":["Body Slam","Shrug It Off","Mummified Hand","War Paint"],"campfire_rested":6,"item_purchase_floors":[2,10,39,39],"current_hp_per_floor":[78,78,80,80,80,80,67,73,73,73,73,73,79,79,79,55,74,67,67,73,72,56,80,80,54,54,78,80,80,80,80,80,25,66,67,73,73,63,63,49,73,66,66,53,77,77,77,77,80,0],"gold":0,"neow_bonus":"ONE_RARE_RELIC","is_prod":false,"is_daily":false,"chose_seed":false,"campfire_upgraded":3,"win_rate":0,"timestamp":1550436268,"path_taken":["M","$","M","?","M","R","E","M","T","?","R","$","M","?","R","BOSS","M","?","M","M","M","R","?","E","T","R","M","R","?","?","R","BOSS","M","?","?","?","$","E","R","M","T","M","R","?","M","?","R","BOSS"],"build_version":"2019-01-23","purchased_purges":1,"victory":false,"max_hp_per_floor":[80,80,80,80,80,80,80,80,80,80,80,80,80,80,80,80,80,80,80,80,80,80,80,80,80,80,80,80,80,80,80,80,80,80,80,80,80,80,80,80,80,80,80,80,80,80,80,80,80,80],"card_choices":[{"not_picked":["Inflame","Corruption"],"picked":"True Grit","floor":1},{"not_picked":["Clash","Body Slam"],"picked":"Battle Trance","floor":3},{"not_picked":["Infernal Blade","Cleave"],"picked":"Carnage","floor":5},{"not_picked":["Flex","Warcry"],"picked":"Dual Wield","floor":7},{"not_picked":["Sword Boomerang","Intimidate","Anger"],"picked":"SKIP","floor":8},{"not_picked":["Clothesline","Corruption"],"picked":"Seeing Red","floor":13},{"not_picked":["Berserk","Reaper"],"picked":"Impervious","floor":16},{"not_picked":["Headbutt+1","Reckless Charge"],"picked":"Iron Wave","floor":18},{"not_picked":["Sword Boomerang+1","Evolve"],"picked":"Sentinel","floor":20},{"not_picked":["Rupture","Twin Strike"],"picked":"Shrug It Off+1","floor":21},{"not_picked":["Wild Strike","Armaments","Body Slam"],"picked":"SKIP","floor":22},{"not_picked":["Cleave","Wild Strike"],"picked":"Juggernaut","floor":25},{"not_picked":["Evolve","Armaments","Heavy Blade+1"],"picked":"SKIP","floor":28},{"not_picked":["Warcry","Anger","Perfected Strike"],"picked":"SKIP","floor":31},{"not_picked":["Bludgeon","Limit Break"],"picked":"Demon Form","floor":33},{"not_picked":["Searing Blow","Anger+1"],"picked":"Inflame+1","floor":35},{"not_picked":["Havoc","Sword Boomerang"],"picked":"Headbutt+1","floor":36},{"not_picked":["Thunderclap+1","Flex"],"picked":"Whirlwind+1","floor":40},{"not_picked":["Wild Strike","Shockwave+1","Flex+1"],"picked":"SKIP","floor":42},{"not_picked":["True Grit+1","Dual Wield+1"],"picked":"Disarm+1","floor":44},{"not_picked":["Reckless Charge","Sever Soul+1"],"picked":"True Grit+1","floor":47}],"player_experience":711528,"relics_obtained":[{"floor":7,"key":"Bronze Scales"},{"floor":9,"key":"Bottled Flame"},{"floor":25,"key":"Incense Burner"},{"floor":26,"key":"Whetstone"},{"floor":40,"key":"Toxic Egg 2"},{"floor":43,"key":"Paper Frog"},{"floor":46,"key":"Ornamental Fan"}],"event_choices":[{"cards_removed":["Strike_R"],"damage_healed":0,"gold_gain":0,"player_choice":"Purged","damage_taken":0,"max_hp_gain":0,"max_hp_loss":0,"event_name":"Purifier","floor":4,"gold_loss":0},{"damage_healed":0,"gold_gain":0,"player_choice":"Trade","damage_taken":0,"relics_obtained":["CultistMask"],"max_hp_gain":0,"max_hp_loss":0,"event_name":"FaceTrader","floor":14,"gold_loss":0},{"damage_healed":0,"gold_gain":0,"player_choice":"Ignored","damage_taken":0,"max_hp_gain":0,"max_hp_loss":0,"event_name":"Ghosts","floor":24,"gold_loss":0},{"damage_healed":0,"gold_gain":0,"cards_transformed":["Dual Wield"],"player_choice":"Transformed","damage_taken":0,"max_hp_gain":0,"max_hp_loss":0,"event_name":"Transmorgrifier","floor":30,"gold_loss":0,"cards_obtained":["Infernal Blade"]},{"damage_healed":0,"gold_gain":0,"player_choice":"Ignored","damage_taken":0,"max_hp_gain":0,"max_hp_loss":0,"event_name":"Mysterious Sphere","floor":37,"gold_loss":0},{"damage_healed":0,"gold_gain":0,"player_choice":"Embrace Madness","damage_taken":10,"max_hp_gain":0,"max_hp_loss":0,"event_name":"Winding Halls","floor":38,"gold_loss":0,"cards_obtained":["Madness","Madness"]},{"damage_healed":0,"gold_gain":0,"player_choice":"Paid","damage_taken":0,"relics_obtained":["Red Mask"],"max_hp_gain":0,"max_hp_loss":0,"event_name":"Tomb of Lord Red Mask","floor":48,"gold_loss":107}],"is_beta":false,"boss_relics":[{"not_picked":["Runic Dome","Eternal Feather"],"picked":"Fusion Hammer"},{"not_picked":["Coffee Dripper","Black Star"],"picked":"Cursed Key"}],"items_purged_floors":[2],"is_endless":false,"potions_floor_spawned":[1,3,7,16,20,22,25,31,42,44],"killed_by":"Donu and Deca","ascension_level":7}