{"path_per_floor":["M","?","M","M","$","R","$","R","T","E","?","E","?","M","R","B",null,"M","M","?","$","M","R","M","M","T","R","?","M","R","?","R"],"character_chosen":"IRONCLAD","items_purchased":["Armaments","Self Forming Clay"],"gold_per_floor":[109,109,125,145,17,17,17,17,317,352,452,480,510,522,522,626,626,636,648,648,297,308,308,319,335,358,358,358,372,372,297,297],"floor_reached":33,"campfire_rested":2,"playtime":3999,"current_hp_per_floor":[76,81,77,70,70,70,70,70,70,73,73,53,53,56,81,11,85,85,85,76,76,74,74,55,55,55,80,59,59,59,59,59],"items_purged":["Defend_R","Bash"],"gold":297,"score":281,"play_id":"2fd88005-02d7-4f8b-b4fd-bda8e33c0fa8","local_time":"20180303203219","is_prod":false,"is_daily":false,"is_ascension_mode":false,"campfire_upgraded":5,"timestamp":1520130739,"path_taken":["M","?","M","M","$","R","$","R","T","E","?","E","?","M","R","BOSS","M","?","?","$","M","R","M","M","T","R","?","M","R","?","R","BOSS"],"build_version":"2018-03-01-PROD1","purchased_purges":2,"victory":false,"master_deck":["Defend_R","Defend_R","Whirlwind+1","Brutality","Bloodletting+1","Armaments","Armaments","Pommel Strike","Flame Barrier+1","Impervious","Power Through","Body Slam","Iron Wave+1","Shrug It Off+1","Bite+1","Bite","Bite","Bite","Bite","Iron Wave+1"],"max_hp_per_floor":[80,85,85,85,85,85,85,85,85,85,85,85,85,85,85,85,85,85,85,85,85,85,85,85,85,85,85,59,59,59,59,59],"relics":["Burning Blood","Old Coin","Orichalcum","Charon\u0027s Ashes","Velvet Choker","Self Forming Clay","Oddly Smooth Stone"],"card_choices":[{"not_picked":["Sever Soul","Cleave"],"picked":"Whirlwind"},{"not_picked":["Thunderclap","Headbutt"],"picked":"Brutality"},{"not_picked":["Blood for Blood","Iron Wave"],"picked":"Bloodletting"},{"not_picked":["Heavy Blade","Ghostly Armor"],"picked":"Armaments"},{"not_picked":["Impervious","Perfected Strike"],"picked":"Pommel Strike"},{"not_picked":["Anger","Inflame"],"picked":"Flame Barrier"},{"not_picked":["Feed","Demon Form"],"picked":"Impervious"},{"not_picked":["Searing Blow","Sever Soul"],"picked":"Power Through"},{"not_picked":["Shrug It Off","Dual Wield"],"picked":"Body Slam"},{"not_picked":["Thunderclap","Spot Weakness"],"picked":"Iron Wave"},{"not_picked":["Rupture","Clash"],"picked":"Shrug It Off"},{"not_picked":["Body Slam","Burning Pact"],"picked":"Iron Wave"}],"player_experience":27088,"potions_floor_usage":[16,16,24,24,33],"damage_taken":[{"damage":10,"enemies":"Jaw Worm","floor":1,"turns":5},{"damage":10,"enemies":"Small Slimes","floor":3,"turns":4},{"damage":13,"enemies":"Cultist","floor":4,"turns":4},{"damage":3,"enemies":"3 Sentries","floor":10,"turns":1},{"damage":26,"enemies":"Lagavulin","floor":12,"turns":5},{"damage":3,"enemies":"Red Slaver","floor":14,"turns":5},{"damage":76,"enemies":"The Guardian","floor":16,"turns":18},{"damage":0,"enemies":"Chosen","floor":18,"turns":5},{"damage":0,"enemies":"3 Byrds","floor":19,"turns":4},{"damage":8,"enemies":"3 Cultists","floor":22,"turns":6},{"damage":25,"enemies":"Snecko","floor":24,"turns":7},{"damage":6,"enemies":"Snake Plant","floor":25,"turns":5},{"damage":1,"enemies":"3 Cultists","floor":29,"turns":4},{"damage":124,"enemies":"Champ","floor":33,"turns":23}],"event_choices":[{"event_name":"Big Fish","player_choice":"Donut","floor":2,"damage_taken":0},{"event_name":"Golden Shrine","player_choice":"Pray","floor":11,"damage_taken":0},{"event_name":"Dead Adventurer","player_choice":"Searched \u00271\u0027 times","floor":13,"damage_taken":0},{"event_name":"Cursed Tome","player_choice":"Stopped","floor":20,"damage_taken":0},{"event_name":"Vampires","player_choice":"Became a vampire","floor":28,"damage_taken":0},{"event_name":"Beggar","player_choice":"Gave Gold","floor":31,"damage_taken":0}],"boss_relics":[{"not_picked":["Snecko Eye","White Beast Statue"],"picked":"Velvet Choker"}],"potions_floor_spawned":[4,14,18,22,29],"seed_played":"6100814566488156854","killed_by":"Champ","ascension_level":0,"is_trial":false}