{"path_per_floor":["M","M","M","?","M","E","R","M","T","M","R","M","R","M","R","B",null,"M","?","M","$"],"character_chosen":"IRONCLAD","items_purchased":["Oddly Smooth Stone","Ornamental Fan"],"gold_per_floor":[115,133,148,148,166,199,199,219,219,237,237,250,250,267,267,371,371,383,383,402,6,6],"floor_reached":22,"campfire_rested":1,"playtime":1714,"current_hp_per_floor":[78,80,80,80,80,57,57,57,57,56,56,62,62,54,78,39,80,40,25,9,9,0],"items_purged":[],"gold":6,"score":190,"play_id":"10bce372-eceb-4b35-b14d-e1152f3b62bb","local_time":"20180405210307","is_prod":false,"is_daily":false,"is_ascension_mode":false,"campfire_upgraded":3,"timestamp":1522980187,"path_taken":["M","M","M","?","M","E","R","M","T","M","R","M","R","M","R","BOSS","M","?","M","$","M"],"build_version":"2018-04-05","purchased_purges":1,"victory":false,"master_deck":["Strike_R","Strike_R","Strike_R","Strike_R","Strike_R","Defend_R","Defend_R","Defend_R","Defend_R","Bash","Armaments+1","Clothesline","Burning Pact","Spot Weakness+1","Dropkick","Flex+1","Clash+1","Demon Form","Heavy Blade"],"max_hp_per_floor":[80,80,80,80,80,80,80,80,80,80,80,80,80,80,80,80,80,80,85,85,85,85],"relics":["Burning Blood","Blue Candle","Kunai","Mark of Pain","Oddly Smooth Stone","Ornamental Fan"],"card_choices":[{"not_picked":["Cleave","Wild Strike"],"picked":"Armaments","floor":0},{"not_picked":["Sword Boomerang","Pommel Strike"],"picked":"Clothesline","floor":1},{"not_picked":["Dropkick","Sword Boomerang"],"picked":"Burning Pact","floor":3},{"not_picked":["Anger","Armaments"],"picked":"Spot Weakness","floor":6},{"not_picked":["Evolve","Second Wind"],"picked":"Dropkick","floor":8},{"not_picked":["Feel No Pain","Corruption"],"picked":"Flex","floor":10},{"not_picked":["Iron Wave","Thunderclap"],"picked":"Clash","floor":12},{"not_picked":["Brutality","Double Tap"],"picked":"Demon Form","floor":16},{"not_picked":["Carnage","Iron Wave"],"picked":"Heavy Blade","floor":18}],"player_experience":238579,"potions_floor_usage":[10,12,18,18],"damage_taken":[{"damage":8,"enemies":"Jaw Worm","floor":1,"turns":4},{"damage":1,"enemies":"Small Slimes","floor":2,"turns":4},{"damage":1,"enemies":"2 Louse","floor":3,"turns":3},{"damage":0,"enemies":"2 Fungi Beasts","floor":5,"turns":4},{"damage":29,"enemies":"Lagavulin","floor":6,"turns":7},{"damage":6,"enemies":"Blue Slaver","floor":8,"turns":4},{"damage":7,"enemies":"3 Louse","floor":10,"turns":3},{"damage":0,"enemies":"Exordium Wildlife","floor":12,"turns":3},{"damage":14,"enemies":"Gremlin Gang","floor":14,"turns":4},{"damage":45,"enemies":"Slime Boss","floor":16,"turns":15},{"damage":46,"enemies":"3 Byrds","floor":18,"turns":7},{"damage":22,"enemies":"Spheric Guardian","floor":20,"turns":4},{"damage":11,"enemies":"Snake Plant","floor":22,"turns":2}],"event_choices":[{"event_name":"Living Wall","player_choice":"Grow","floor":4,"damage_taken":0},{"event_name":"Forgotten Altar","player_choice":"Shed Blood","floor":19,"damage_taken":0}],"boss_relics":[{"not_picked":["Velvet Choker","Eternal Feather"],"picked":"Mark of Pain"}],"potions_floor_spawned":[2,6,10,14,20],"seed_played":"-2005178555662727849","killed_by":"Snake Plant","ascension_level":0,"is_trial":false}