{"gold_per_floor":[363,363,313,184,203,232,232,252,252,252,277,277,309,309,309,412,412,423,338,77,94,94,94,126,126,174,185,0,0,0,17,17,17],"floor_reached":33,"playtime":1960,"items_purged":["Strike_R","Parasite"],"score":402,"play_id":"fc72af50-dc90-4fc1-ac73-55193095a48c","local_time":"20190325233739","is_ascension_mode":true,"campfire_choices":[{"data":"Body Slam","floor":7,"key":"SMITH"},{"data":"Bash","floor":10,"key":"SMITH"},{"data":"Defend_R","floor":12,"key":"SMITH"},{"floor":15,"key":"RECALL"},{"data":"Pommel Strike","floor":23,"key":"SMITH"},{"floor":25,"key":"REST"},{"floor":32,"key":"REST"}],"neow_cost":"CURSE","seed_source_timestamp":79880945227083,"circlet_count":0,"master_deck":["Strike_R","Strike_R","Strike_R","Strike_R","Defend_R+1","Defend_R","Defend_R","Defend_R","Bash+1","Body Slam+1","True Grit+1","Shrug It Off+1","True Grit+1","Shrug It Off+1","Shrug It Off+1","Bludgeon","Parasite","Parasite","Twin Strike+1","Spot Weakness+1","Trip+1","Headbutt+1","Shrug It Off+1","Pommel Strike+1","Sword Boomerang","Body Slam+1","Infernal Blade+1"],"relics":["Burning Blood","Toxic Egg 2","Ancient Tea Set","Vajra","Bag of Marbles","Red Skull","Calling Bell","Happy Flower","Ornamental Fan","Prayer Wheel","Juzu Bracelet","Strawberry","Letter Opener"],"potions_floor_usage":[13,18],"damage_taken":[{"damage":9,"enemies":"Small Slimes","floor":1,"turns":4},{"damage":10,"enemies":"Jaw Worm","floor":5,"turns":4},{"damage":27,"enemies":"Gremlin Nob","floor":6,"turns":5},{"damage":0,"enemies":"2 Louse","floor":8,"turns":2},{"damage":11,"enemies":"3 Sentries","floor":13,"turns":16},{"damage":39,"enemies":"Slime Boss","floor":16,"turns":16},{"damage":20,"enemies":"Shell Parasite","floor":18,"turns":11},{"damage":17,"enemies":"3 Byrds","floor":21,"turns":7},{"damage":36,"enemies":"Book of Stabbing","floor":24,"turns":6},{"damage":18,"enemies":"Snecko","floor":27,"turns":4},{"damage":0,"enemies":"3 Cultists","floor":31,"turns":3},{"damage":67,"enemies":"Automaton","floor":33,"turns":8}],"seed_played":"3411923417835208488","potions_obtained":[{"floor":1,"key":"BloodPotion"},{"floor":5,"key":"Regen Potion"},{"floor":24,"key":"Ancient Potion"}],"is_trial":false,"path_per_floor":["M","?","?","$","M","E","R","M","T","R","T","R","E","?","R","B",null,"M","?","$","M","?","R","E","R","T","M","?","T","$","M","R","B"],"character_chosen":"IRONCLAD","items_purchased":["True Grit+1","Spot Weakness+1","Trip+1"],"campfire_rested":2,"item_purchase_floors":[4,20,20],"current_hp_per_floor":[69,66,66,66,62,41,41,47,47,47,47,47,57,57,57,24,64,57,57,57,46,46,46,23,47,47,35,35,35,35,41,65,0],"gold":17,"neow_bonus":"TWO_FIFTY_GOLD","is_prod":false,"is_daily":false,"chose_seed":false,"campfire_upgraded":4,"win_rate":0,"timestamp":1553575059,"path_taken":["M","?","?","$","M","E","R","M","T","R","?","R","E","?","R","BOSS","M","?","$","M","?","R","E","R","T","M","?","?","?","M","R","BOSS"],"build_version":"2019-01-23","purchased_purges":2,"victory":false,"max_hp_per_floor":[80,80,77,77,77,77,77,77,77,77,77,77,77,77,77,77,77,77,77,74,74,74,74,81,81,81,81,81,81,81,81,81,81],"card_choices":[{"not_picked":["Havoc","Heavy Blade"],"picked":"Body Slam","floor":1},{"not_picked":["Sword Boomerang","Pummel"],"picked":"Shrug It Off+1","floor":5},{"not_picked":["Dark Embrace","Wild Strike"],"picked":"True Grit+1","floor":6},{"not_picked":["Disarm+1","Hemokinesis"],"picked":"Shrug It Off+1","floor":8},{"not_picked":["Sword Boomerang","Reckless Charge"],"picked":"Shrug It Off+1","floor":13},{"not_picked":["Brutality","Reaper"],"picked":"Bludgeon","floor":16},{"not_picked":["Feel No Pain","Thunderclap"],"picked":"Twin Strike+1","floor":18},{"not_picked":["Havoc+1","Armaments+1","Warcry+1"],"picked":"SKIP","floor":18},{"not_picked":["Perfected Strike","Wild Strike+1"],"picked":"Headbutt+1","floor":21},{"not_picked":["Twin Strike","Dropkick+1"],"picked":"Shrug It Off+1","floor":21},{"not_picked":["Bludgeon","Clash","Havoc+1"],"picked":"SKIP","floor":24},{"not_picked":["Evolve","Anger"],"picked":"Sword Boomerang","floor":27},{"not_picked":["Battle Trance+1","Burning Pact+1"],"picked":"Body Slam+1","floor":27},{"not_picked":["Perfected Strike+1","Combust"],"picked":"Infernal Blade+1","floor":31},{"not_picked":["Body Slam","Thunderclap+1","Twin Strike"],"picked":"SKIP","floor":31}],"player_experience":742337,"relics_obtained":[{"floor":6,"key":"Ancient Tea Set"},{"floor":9,"key":"Vajra"},{"floor":11,"key":"Bag of Marbles"},{"floor":13,"key":"Red Skull"},{"floor":17,"key":"Happy Flower"},{"floor":17,"key":"Ornamental Fan"},{"floor":17,"key":"Prayer Wheel"},{"floor":24,"key":"Strawberry"},{"floor":29,"key":"Letter Opener"}],"event_choices":[{"damage_healed":0,"gold_gain":0,"player_choice":"Success","damage_taken":3,"relics_obtained":["Toxic Egg 2"],"max_hp_gain":0,"max_hp_loss":0,"event_name":"Scrap Ooze","floor":2,"gold_loss":0},{"cards_removed":["Parasite"],"damage_healed":0,"gold_gain":0,"player_choice":"Card Removal","damage_taken":0,"max_hp_gain":0,"max_hp_loss":0,"event_name":"The Cleric","floor":3,"gold_loss":50},{"damage_healed":0,"gold_gain":0,"player_choice":"Ignored","damage_taken":0,"max_hp_gain":0,"max_hp_loss":0,"event_name":"Liars Game","floor":14,"gold_loss":0},{"damage_healed":0,"gold_gain":0,"player_choice":"Obtained Relic","damage_taken":0,"relics_obtained":["Juzu Bracelet"],"max_hp_gain":0,"max_hp_loss":0,"event_name":"Addict","floor":19,"gold_loss":85},{"damage_healed":0,"gold_gain":0,"player_choice":"Read","damage_taken":0,"max_hp_gain":0,"max_hp_loss":0,"event_name":"The Library","floor":22,"gold_loss":0,"cards_obtained":["Pommel Strike"]},{"damage_healed":0,"gold_gain":0,"player_choice":"Paid Fearfully","damage_taken":0,"max_hp_gain":0,"max_hp_loss":0,"event_name":"Masked Bandits","floor":28,"gold_loss":185}],"is_beta":false,"boss_relics":[{"not_picked":["Eternal Feather","Fusion Hammer"],"picked":"Calling Bell"}],"items_purged_floors":[4,20],"is_endless":false,"potions_floor_spawned":[1,5,24],"killed_by":"Automaton","ascension_level":8}