{"path_per_floor":["M","$","M","M","?","?","R","?","T","M","R","M","R","E","R","B",null,"M","$","?","M","?"],"character_chosen":"IRONCLAD","items_purchased":["Inflame","Ornamental Fan"],"gold_per_floor":[112,41,57,70,70,70,70,70,97,115,115,132,132,160,160,257,257,273,24,24,41,141,141],"floor_reached":23,"campfire_rested":1,"playtime":1233,"current_hp_per_floor":[80,80,80,80,80,64,64,64,64,62,80,79,79,79,79,51,80,67,67,67,61,61,0],"items_purged":[],"gold":141,"score":189,"play_id":"53c69435-85ec-484c-9e0b-f1c364d92824","local_time":"20180322234808","is_prod":false,"is_daily":false,"is_ascension_mode":false,"campfire_upgraded":3,"timestamp":1521780488,"path_taken":["M","$","M","M","?","?","R","?","T","?","R","M","R","E","R","BOSS","M","$","?","M","?","E"],"build_version":"2018-03-22","purchased_purges":0,"victory":false,"master_deck":["Strike_R","Strike_R","Strike_R","Strike_R","Strike_R","Defend_R","Defend_R","Defend_R+1","Defend_R","Bash","Limit Break+1","Flex+1","Inflame+1","Clash+1","Bludgeon","Impervious+1","Double Tap","Twin Strike+1"],"max_hp_per_floor":[80,80,80,80,80,80,80,80,80,80,80,80,80,80,80,80,80,82,82,82,82,82,82],"relics":["Black Blood","Vajra","Singing Bowl","Ornamental Fan"],"card_choices":[{"not_picked":["Infernal Blade","Armaments"],"picked":"Flex"},{"not_picked":["Anger","Cleave"],"picked":"Uppercut","floor":3},{"not_picked":["Whirlwind","Shrug It Off"],"picked":"Clash","floor":10},{"not_picked":["Pommel Strike","Battle Trance"],"picked":"Bludgeon","floor":12},{"not_picked":["Entrench","Sword Boomerang"],"picked":"Impervious","floor":14},{"not_picked":["Offering","Feed"],"picked":"Double Tap","floor":16},{"not_picked":["Thunderclap","Searing Blow"],"picked":"Twin Strike","floor":21}],"player_experience":215402,"potions_floor_usage":[],"damage_taken":[{"damage":1.0,"enemies":"Jaw Worm","floor":1.0,"turns":3.0},{"damage":6,"enemies":"Cultist","floor":3,"turns":3},{"damage":2,"enemies":"Small Slimes","floor":4,"turns":3},{"damage":8,"enemies":"Exordium Wildlife","floor":10,"turns":4},{"damage":7,"enemies":"Gremlin Gang","floor":12,"turns":4},{"damage":6,"enemies":"Gremlin Nob","floor":14,"turns":3},{"damage":34,"enemies":"The Guardian","floor":16,"turns":9},{"damage":25,"enemies":"Spheric Guardian","floor":18,"turns":4},{"damage":16,"enemies":"Chosen","floor":21,"turns":5},{"damage":61,"enemies":"Gremlin Leader","floor":23,"turns":5}],"event_choices":[{"event_name":"Bonfire Elementals","player_choice":"UNCOMMON","floor":5,"damage_taken":0},{"event_name":"Shining Light","player_choice":"Entered Light","floor":6,"damage_taken":0},{"event_name":"Living Wall","player_choice":"Grow","floor":8,"damage_taken":0},{"event_name":"Vampires","player_choice":"Ignored","floor":20,"damage_taken":0},{"event_name":"Golden Shrine","player_choice":"Pray","floor":22,"damage_taken":0}],"boss_relics":[{"not_picked":["Question Card","Calling Bell"],"picked":"Black Blood"}],"potions_floor_spawned":[1,12,14,18],"seed_played":"5411326331732699555","killed_by":"Gremlin Leader","ascension_level":0,"is_trial":false}