{"gold_per_floor":[111,122,122,136,86,86,117,129,129,156,156,169,189,46,46,151,181,181,381,398,411,4,4,4,24,104,22,22],"floor_reached":28,"playtime":1772,"items_purged":["Strike_R","Normality"],"score":420,"play_id":"9fdafb22-982a-404b-a581-44804f3cffa4","local_time":"20191018201710","is_ascension_mode":true,"campfire_choices":[{"data":"Armaments","floor":6,"key":"SMITH"},{"data":"Pommel Strike","floor":11,"key":"SMITH"},{"floor":15,"key":"REST"},{"data":"Doubt","floor":23,"key":"PURGE"}],"neow_cost":"NONE","seed_source_timestamp":345424559981300,"circlet_count":0,"master_deck":["AscendersBane","Strike_R","Strike_R","Strike_R","Strike_R","Defend_R","Defend_R+1","Defend_R+1","Bash","Rampage","Armaments+1","Intimidate","True Grit","Metallicize","Pommel Strike+1","True Grit","Metallicize","Immolate","Injury","Inflame+1","Rage+1","Master of Strategy","Sentinel","Limit Break"],"relics":["Burning Blood","War Paint","Bag of Preparation","Mercury Hourglass","Peace Pipe","Calling Bell","Tiny Chest","Letter Opener","Ice Cream","Omamori","Question Card"],"potions_floor_usage":[16,16,18,28],"damage_taken":[{"damage":0,"enemies":"Small Slimes","floor":1,"turns":3},{"damage":0,"enemies":"2 Louse","floor":2,"turns":4},{"damage":0,"enemies":"Jaw Worm","floor":4,"turns":4},{"damage":34,"enemies":"3 Sentries","floor":7,"turns":9},{"damage":9,"enemies":"Large Slime","floor":8,"turns":7},{"damage":22,"enemies":"Lagavulin","floor":10,"turns":8},{"damage":8,"enemies":"Lots of Slimes","floor":12,"turns":3},{"damage":4,"enemies":"Looter","floor":13,"turns":4},{"damage":0,"enemies":"The Guardian","floor":16,"turns":10},{"damage":4,"enemies":"3 Byrds","floor":18,"turns":2},{"damage":24,"enemies":"Spheric Guardian","floor":20,"turns":5},{"damage":26,"enemies":"Snecko","floor":21,"turns":7},{"damage":28,"enemies":"Centurion and Healer","floor":25,"turns":9},{"damage":21,"enemies":"Snake Plant","floor":28,"turns":4}],"seed_played":"7363154243059198127","potions_obtained":[{"floor":1,"key":"SpeedPotion"},{"floor":4,"key":"SmokeBomb"},{"floor":10,"key":"Poison Potion"},{"floor":12,"key":"Fire Potion"},{"floor":20,"key":"Dexterity Potion"},{"floor":21,"key":"Strength Potion"}],"is_trial":false,"path_per_floor":["M","M","?","M","?","R","E","M","T","E","R","M","M","$","R","B",null,"M","?","M","M","$","R","?","M","T","$","M"],"character_chosen":"IRONCLAD","items_purchased":["Metallicize","Master of Strategy","Omamori","Limit Break"],"campfire_rested":1,"item_purchase_floors":[14,22,22,27],"current_hp_per_floor":[78,80,80,80,80,80,52,49,49,33,33,31,33,33,57,63,76,78,78,60,40,40,40,40,18,18,18,0],"gold":22,"neow_bonus":"RANDOM_COMMON_RELIC","is_prod":false,"is_daily":false,"chose_seed":false,"campfire_upgraded":2,"win_rate":0,"timestamp":1571447830,"path_taken":["M","M","?","M","?","R","E","M","T","E","R","M","M","?","R","BOSS","M","?","M","?","$","R","?","M","T","$","M"],"build_version":"2019-07-17","purchased_purges":2,"victory":false,"max_hp_per_floor":[80,80,80,80,80,80,80,80,80,80,80,80,80,80,80,80,80,80,80,80,80,80,80,80,80,80,80,80],"card_choices":[{"not_picked":["Bloodletting","Cleave"],"picked":"Rampage","floor":1},{"not_picked":["Cleave","Searing Blow"],"picked":"Armaments","floor":2},{"not_picked":["Fire Breathing","Evolve"],"picked":"Intimidate","floor":4},{"not_picked":["Clothesline","Sword Boomerang"],"picked":"True Grit","floor":7},{"not_picked":["Disarm","True Grit"],"picked":"Metallicize","floor":8},{"not_picked":["Evolve","Clash"],"picked":"Pommel Strike","floor":10},{"not_picked":["Rupture","Hemokinesis"],"picked":"True Grit","floor":12},{"not_picked":["Wild Strike","Searing Blow","Twin Strike"],"picked":"SKIP","floor":13},{"not_picked":["Bludgeon","Feed"],"picked":"Immolate","floor":16},{"not_picked":["Havoc","Anger+1"],"picked":"Inflame+1","floor":20},{"not_picked":["Flex","Havoc"],"picked":"Rage+1","floor":21},{"not_picked":["Body Slam","Wild Strike"],"picked":"Sentinel","floor":25}],"player_experience":879748,"relics_obtained":[{"floor":7,"key":"Bag of Preparation"},{"floor":9,"key":"Mercury Hourglass"},{"floor":10,"key":"Peace Pipe"},{"floor":17,"key":"Tiny Chest"},{"floor":17,"key":"Letter Opener"},{"floor":17,"key":"Ice Cream"},{"floor":26,"key":"Question Card"}],"event_choices":[{"damage_healed":0,"gold_gain":0,"player_choice":"Ignored","damage_taken":0,"max_hp_gain":0,"max_hp_loss":0,"event_name":"Liars Game","floor":3,"gold_loss":0},{"cards_removed":["Defend_R"],"damage_healed":0,"gold_gain":0,"player_choice":"Card Removal","damage_taken":0,"max_hp_gain":0,"max_hp_loss":0,"event_name":"The Cleric","floor":5,"gold_loss":50},{"damage_healed":0,"gold_gain":200,"player_choice":"Gold","damage_taken":0,"max_hp_gain":0,"max_hp_loss":0,"event_name":"Wheel of Change","floor":19,"gold_loss":0},{"damage_healed":0,"gold_gain":0,"player_choice":"Ignored","damage_taken":0,"max_hp_gain":0,"max_hp_loss":0,"event_name":"Cursed Tome","floor":24,"gold_loss":0}],"is_beta":false,"boss_relics":[{"not_picked":["Runic Cube","Black Star"],"picked":"Calling Bell"}],"items_purged_floors":[14,22],"is_endless":false,"potions_floor_spawned":[1,4,10,12,13,20,21],"killed_by":"Snake Plant","ascension_level":10}