{"gold_per_floor":[119,69,80,5,15,15,25,25,25,52,52,52,52,72,72,167,167,181,181,197],"floor_reached":20,"playtime":1436,"items_purged":["Defend_G"],"score":183,"play_id":"44fff584-7037-4075-890e-f4c84beef51c","local_time":"20181001212434","is_ascension_mode":true,"campfire_choices":[{"data":"Defend_G","floor":6,"key":"SMITH"},{"data":"Defend_G","floor":8,"key":"SMITH"},{"data":"Neutralize","floor":15,"key":"SMITH"}],"neow_cost":"NONE","seed_source_timestamp":1049065158829890,"circlet_count":0,"master_deck":["Defend_G+1","Defend_G+1","Defend_G+1","Defend_G","Strike_G","Strike_G","Strike_G","Survivor","Neutralize+1","Poisoned Stab","Backstab","Underhanded Strike","Burst","Crippling Poison+1"],"relics":["Ring of the Snake","Bottled Lightning","Singing Bowl","Meat on the Bone","Lizard Tail"],"potions_floor_usage":[3,10,19],"damage_taken":[{"damage":0,"enemies":"Small Slimes","floor":1,"turns":4},{"damage":0,"enemies":"2 Louse","floor":3,"turns":2},{"damage":0,"enemies":"Cultist","floor":5,"turns":3},{"damage":0,"enemies":"Blue Slaver","floor":7,"turns":5},{"damage":14,"enemies":"Lagavulin","floor":10,"turns":8},{"damage":0,"enemies":"Looter","floor":14,"turns":3},{"damage":39,"enemies":"The Guardian","floor":16,"turns":18},{"damage":22,"enemies":"Spheric Guardian","floor":18,"turns":11},{"damage":16,"enemies":"Colosseum Slavers","floor":19,"turns":8},{"damage":2,"enemies":"Shell Parasite","floor":20,"turns":8}],"seed_played":"7074995923760309523","potions_obtained":[{"floor":1,"key":"Fire Potion"},{"floor":7,"key":"Block Potion"},{"floor":16,"key":"Swift Potion"},{"floor":18,"key":"Swift Potion"}],"is_trial":false,"path_per_floor":["M","?","M","$","M","R","M","R","T","E","?","?","T","M","R","B",null,"M","?"],"character_chosen":"THE_SILENT","items_purchased":[],"campfire_rested":0,"item_purchase_floors":[],"current_hp_per_floor":[70,70,70,70,70,70,70,70,70,58,63,63,63,63,63,36,77,55,39,51],"gold":197,"neow_bonus":"REMOVE_CARD","is_prod":false,"is_daily":false,"chose_seed":false,"campfire_upgraded":3,"win_rate":0,"timestamp":1538447074,"path_taken":["M","?","M","$","M","R","M","R","T","E","?","?","?","M","R","BOSS","M","?","M"],"build_version":"2018-09-27","purchased_purges":1,"victory":false,"max_hp_per_floor":[70,70,70,70,70,70,70,70,70,72,77,77,77,77,77,77,77,77,77,79],"card_choices":[{"not_picked":["PiercingWail","Dash"],"picked":"Poisoned Stab","floor":1},{"not_picked":["Quick Slash","Concentrate","Slice"],"picked":"SKIP","floor":3},{"not_picked":["Endless Agony","Slice","Outmaneuver"],"picked":"SKIP","floor":5},{"not_picked":["Acrobatics","Sucker Punch"],"picked":"Backstab","floor":7},{"not_picked":["Tactician","Outmaneuver","Malaise"],"picked":"Singing Bowl","floor":10},{"not_picked":["Outmaneuver","Dagger Throw"],"picked":"Underhanded Strike","floor":14},{"not_picked":["Adrenaline","Tools of the Trade"],"picked":"Burst","floor":16},{"not_picked":["Dodge and Roll","Backflip+1"],"picked":"Crippling Poison+1","floor":18},{"not_picked":["Skewer","Caltrops","Bouncing Flask"],"picked":"Singing Bowl","floor":20}],"player_experience":345098,"relics_obtained":[{"floor":9,"key":"Bottled Lightning"},{"floor":10,"key":"Singing Bowl"},{"floor":13,"key":"Meat on the Bone"}],"event_choices":[{"event_name":"The Cleric","player_choice":"Card Removal","floor":2,"damage_taken":0},{"event_name":"Big Fish","player_choice":"Donut","floor":11,"damage_taken":0},{"event_name":"Upgrade Shrine","player_choice":"Upgraded","floor":12,"damage_taken":0},{"event_name":"Colosseum","player_choice":"Fight","floor":19,"damage_taken":0},{"event_name":"Colosseum","player_choice":"Fled From Nobs","floor":19,"damage_taken":0}],"is_beta":false,"boss_relics":[{"not_picked":["Fusion Hammer","Astrolabe"],"picked":"Lizard Tail"}],"items_purged_floors":[4],"is_endless":false,"potions_floor_spawned":[1,7,16,18,19],"killed_by":"Shell Parasite","ascension_level":1}