{"gold_per_floor":[115,115,290,314,314,314,355,376,423,439,166,189,189,223,223,223],"floor_reached":16,"playtime":1202,"items_purged":["Doubt"],"score":165,"play_id":"cb96db15-6083-4d13-bbf5-1fdf8e010d78","local_time":"20191020210115","is_ascension_mode":true,"campfire_choices":[{"data":"Leg Sweep","floor":6,"key":"SMITH"},{"floor":13,"key":"REST"},{"floor":15,"key":"REST"}],"neow_cost":"NONE","seed_source_timestamp":521461394364900,"circlet_count":0,"master_deck":["AscendersBane","Strike_G","Strike_G","Strike_G","Strike_G","Strike_G","Defend_G","Defend_G","Defend_G+1","Defend_G","Defend_G","Survivor","Neutralize","Dagger Spray","Leg Sweep+1","All Out Attack+1","Backflip+1","Cloak And Dagger","Adrenaline","Backstab+1","Poisoned Stab+1","Bullet Time"],"relics":["Ring of the Snake","Golden Idol","Anchor","Molten Egg 2","War Paint","Potion Belt"],"potions_floor_usage":[7,10,16],"damage_taken":[{"damage":4,"enemies":"Small Slimes","floor":1,"turns":3},{"damage":6,"enemies":"Jaw Worm","floor":4,"turns":8},{"damage":44,"enemies":"Gremlin Nob","floor":7,"turns":6},{"damage":2,"enemies":"Cultist","floor":8,"turns":4},{"damage":0,"enemies":"Exordium Thugs","floor":10,"turns":4},{"damage":0,"enemies":"Large Slime","floor":12,"turns":5},{"damage":18,"enemies":"3 Sentries","floor":14,"turns":7},{"damage":30,"enemies":"Slime Boss","floor":16,"turns":10}],"seed_played":"8725226423553495160","potions_obtained":[{"floor":4,"key":"SteroidPotion"},{"floor":8,"key":"Explosive Potion"},{"floor":14,"key":"Energy Potion"}],"is_trial":false,"path_per_floor":["M","?","?","M","?","R","E","M","T","M","$","M","R","E","R","B"],"character_chosen":"THE_SILENT","items_purchased":["Adrenaline","Backstab+1"],"campfire_rested":2,"item_purchase_floors":[11,11],"current_hp_per_floor":[66,66,66,60,48,48,4,2,2,2,2,2,23,5,26,0],"gold":223,"neow_bonus":"TEN_PERCENT_HP_BONUS","is_prod":false,"is_daily":false,"chose_seed":false,"campfire_upgraded":1,"win_rate":0,"timestamp":1571623275,"path_taken":["M","?","?","M","?","R","E","M","T","M","$","M","R","E","R","BOSS"],"build_version":"2019-07-17","purchased_purges":1,"victory":false,"max_hp_per_floor":[77,71,71,71,71,71,71,71,71,71,71,71,71,71,71,71],"card_choices":[{"not_picked":["Deflect","Acrobatics"],"picked":"Dagger Spray","floor":1},{"not_picked":["Outmaneuver","Prepared"],"picked":"Leg Sweep","floor":4},{"not_picked":["Venomology","Flechettes"],"picked":"All Out Attack","floor":7},{"not_picked":["Cloak And Dagger","Backstab+1"],"picked":"Backflip","floor":8},{"not_picked":["Leg Sweep","Predator+1"],"picked":"Cloak And Dagger","floor":10},{"not_picked":["Deflect","Tactician"],"picked":"Poisoned Stab+1","floor":12},{"not_picked":["Dodge and Roll","Backflip"],"picked":"Bullet Time","floor":14}],"player_experience":903366,"relics_obtained":[{"floor":7,"key":"Molten Egg 2"},{"floor":9,"key":"War Paint"},{"floor":14,"key":"Potion Belt"}],"event_choices":[{"damage_healed":0,"gold_gain":0,"player_choice":"Lose Max HP","damage_taken":0,"relics_obtained":["Golden Idol"],"max_hp_gain":0,"max_hp_loss":6,"event_name":"Golden Idol","floor":2,"gold_loss":0},{"damage_healed":0,"gold_gain":175,"player_choice":"AGREE","damage_taken":0,"max_hp_gain":0,"max_hp_loss":0,"event_name":"Liars Game","floor":3,"gold_loss":0,"cards_obtained":["Doubt"]},{"damage_healed":0,"gold_gain":0,"player_choice":"Success","damage_taken":12,"relics_obtained":["Anchor"],"max_hp_gain":0,"max_hp_loss":0,"event_name":"Scrap Ooze","floor":5,"gold_loss":0}],"is_beta":false,"boss_relics":[],"items_purged_floors":[11],"is_endless":false,"potions_floor_spawned":[4,8,14],"killed_by":"Slime Boss","ascension_level":10}