{"gold_per_floor":[115,42,42,58,70,70,103,103,103,103,25,25,25,40,40,40],"floor_reached":16,"playtime":946,"items_purged":[],"score":118,"play_id":"6fa5bc25-e65b-47d9-99f8-34a49006c4d4","local_time":"20181122164828","is_ascension_mode":true,"campfire_choices":[{"data":"True Grit","floor":6,"key":"SMITH"},{"floor":10,"key":"REST"},{"data":"Rage","floor":13,"key":"SMITH"},{"data":"Flame Barrier","floor":15,"key":"SMITH"}],"neow_cost":"NONE","seed_source_timestamp":11623206177034,"circlet_count":0,"master_deck":["Strike_R","Strike_R","Strike_R","Strike_R","Defend_R","Defend_R","Defend_R","Defend_R","Bash","Shockwave+1","True Grit+1","Rage+1","Shrug It Off","Shrug It Off","Flame Barrier+1","Pommel Strike"],"relics":["Burning Blood","Ice Cream","Pear"],"potions_floor_usage":[],"damage_taken":[{"damage":0,"enemies":"Small Slimes","floor":1,"turns":3},{"damage":2,"enemies":"Jaw Worm","floor":4,"turns":5},{"damage":0,"enemies":"2 Louse","floor":5,"turns":3},{"damage":53,"enemies":"Gremlin Nob","floor":7,"turns":6},{"damage":1,"enemies":"Blue Slaver","floor":14,"turns":5},{"damage":78,"enemies":"Hexaghost","floor":16,"turns":16}],"seed_played":"-2306446719236426085","potions_obtained":[{"floor":4,"key":"Dexterity Potion"},{"floor":7,"key":"Explosive Potion"},{"floor":14,"key":"Strength Potion"}],"is_trial":false,"path_per_floor":["M","$","?","M","M","R","E","T","T","R","$","?","R","M","R","B"],"character_chosen":"IRONCLAD","items_purchased":["Rage","Flame Barrier"],"campfire_rested":1,"item_purchase_floors":[2,11],"current_hp_per_floor":[80,80,80,80,80,80,33,33,43,70,70,70,70,75,75,0],"gold":40,"neow_bonus":"TRANSFORM_CARD","is_prod":false,"is_daily":false,"chose_seed":false,"campfire_upgraded":3,"win_rate":0,"timestamp":1542926908,"path_taken":["M","$","?","M","M","R","E","?","T","R","?","?","R","M","R","BOSS"],"build_version":"2018-11-15","purchased_purges":0,"victory":false,"max_hp_per_floor":[80,80,80,80,80,80,80,80,90,90,90,90,90,90,90,90],"card_choices":[{"not_picked":["Sword Boomerang","Headbutt"],"picked":"True Grit","floor":1},{"not_picked":["Entrench","Clash"],"picked":"Shrug It Off","floor":4},{"not_picked":["Clothesline","Bloodletting"],"picked":"Shrug It Off","floor":5},{"not_picked":["Hemokinesis","Shrug It Off","Entrench"],"picked":"SKIP","floor":7},{"not_picked":["Dual Wield","Entrench"],"picked":"Pommel Strike","floor":14}],"player_experience":621216,"relics_obtained":[{"floor":7,"key":"Ice Cream"},{"floor":9,"key":"Pear"}],"event_choices":[{"damage_healed":0,"gold_gain":0,"player_choice":"Ignored","damage_taken":0,"max_hp_gain":0,"max_hp_loss":0,"event_name":"Golden Idol","floor":3,"gold_loss":0},{"damage_healed":0,"gold_gain":0,"player_choice":"Grow","damage_taken":0,"max_hp_gain":0,"max_hp_loss":0,"event_name":"Living Wall","floor":12,"gold_loss":0,"cards_upgraded":["Shockwave"]}],"is_beta":false,"boss_relics":[],"items_purged_floors":[],"is_endless":false,"potions_floor_spawned":[4,7,14],"killed_by":"Hexaghost","ascension_level":4}