{"gold_per_floor":[114,66,15,35,51,51,0,0,24,24,49,49,67,79,79,180,180,180,180,180,32,32,32,32,32,32,32,32,32,32,32,32,32],"floor_reached":33,"playtime":2665,"items_purged":["Decay"],"score":421,"play_id":"97ca1930-f929-4259-a2ba-5a701999b3a0","local_time":"20191009224136","is_ascension_mode":true,"campfire_choices":[{"data":"Buffer","floor":6,"key":"SMITH"},{"data":"Zap","floor":8,"key":"SMITH"},{"data":"Dualcast","floor":12,"key":"SMITH"},{"data":"Coolheaded","floor":15,"key":"SMITH"},{"data":"White Noise","floor":23,"key":"SMITH"},{"data":"Thunder Strike","floor":29,"key":"SMITH"},{"data":"Heatsinks","floor":32,"key":"SMITH"}],"neow_cost":"TEN_PERCENT_HP_LOSS","seed_source_timestamp":505077404346900,"circlet_count":0,"master_deck":["Strike_B+1","Strike_B+1","Strike_B+1","Strike_B+1","Defend_B+1","Defend_B+1","Defend_B+1","Defend_B+1","Zap+1","Dualcast+1","Buffer+1","Sweeping Beam","Cold Snap","Ball Lightning","Thunder Strike+1","Coolheaded+1","Electrodynamics","Heatsinks+1","White Noise+1","Reinforced Body+1","Leap"],"relics":["Cracked Core","PreservedInsect","Juzu Bracelet","Ectoplasm","Omamori","Pocketwatch"],"potions_floor_usage":[16,16,33,33,33,33,33,33],"damage_taken":[{"damage":0,"enemies":"Cultist","floor":1,"turns":3},{"damage":0,"enemies":"2 Louse","floor":4,"turns":2},{"damage":5,"enemies":"Jaw Worm","floor":5,"turns":4},{"damage":0,"enemies":"Gremlin Nob","floor":11,"turns":3},{"damage":0,"enemies":"Exordium Wildlife","floor":13,"turns":3},{"damage":7,"enemies":"Exordium Thugs","floor":14,"turns":4},{"damage":19,"enemies":"The Guardian","floor":16,"turns":9},{"damage":0,"enemies":"3 Byrds","floor":18,"turns":2},{"damage":0,"enemies":"Chosen","floor":24,"turns":6},{"damage":12,"enemies":"Book of Stabbing","floor":27,"turns":4},{"damage":0,"enemies":"Centurion and Healer","floor":28,"turns":5},{"damage":2,"enemies":"Shelled Parasite and Fungi","floor":30,"turns":5},{"damage":0,"enemies":"Snecko","floor":31,"turns":3},{"damage":59,"enemies":"Champ","floor":33,"turns":10}],"seed_played":"-5684529116044112607","potions_obtained":[{"floor":5,"key":"Fire Potion"},{"floor":14,"key":"GamblersBrew"},{"floor":16,"key":"Explosive Potion"},{"floor":18,"key":"EntropicBrew"},{"floor":30,"key":"Regen Potion"}],"is_trial":false,"path_per_floor":["M","?","$","M","M","R","$","R","T","?","E","R","M","M","R","B",null,"M","?","?","$","?","R","M","?","T","E","M","R","M","M","R","B"],"character_chosen":"DEFECT","items_purchased":["PowerPotion","Ball Lightning","Heatsinks"],"campfire_rested":0,"item_purchase_floors":[3,7,21],"current_hp_per_floor":[68,68,68,68,63,63,63,63,63,49,49,49,49,42,42,23,57,57,57,57,57,57,57,57,57,57,45,45,45,43,43,43,0],"gold":32,"neow_bonus":"THREE_RARE_CARDS","is_prod":false,"is_daily":false,"chose_seed":false,"campfire_upgraded":7,"win_rate":0,"timestamp":1570678896,"path_taken":["M","?","$","M","M","R","$","R","T","?","E","R","M","M","R","BOSS","M","?","?","$","?","R","M","?","T","E","M","R","M","M","R","BOSS"],"build_version":"2019-07-17","purchased_purges":1,"victory":false,"max_hp_per_floor":[68,68,68,68,68,68,68,68,68,68,68,68,68,68,68,68,68,68,68,68,68,68,68,68,68,68,68,68,68,68,68,68,68],"card_choices":[{"not_picked":["Reboot","Rainbow"],"picked":"Buffer","floor":0},{"not_picked":["Gash","BootSequence"],"picked":"Sweeping Beam","floor":1},{"not_picked":["Storm","Lockon"],"picked":"Cold Snap","floor":4},{"not_picked":["Melter","Gash","Redo"],"picked":"SKIP","floor":5},{"not_picked":["Redo","Melter"],"picked":"Thunder Strike","floor":11},{"not_picked":["Compile Driver","Sweeping Beam"],"picked":"Coolheaded","floor":13},{"not_picked":["Compile Driver","Stack","Go for the Eyes"],"picked":"SKIP","floor":14},{"not_picked":["Meteor Strike","Seek"],"picked":"Electrodynamics","floor":16},{"not_picked":["Steam Power+1","Sweeping Beam","Compile Driver"],"picked":"SKIP","floor":18},{"not_picked":["Ball Lightning","Rebound"],"picked":"Reinforced Body+1","floor":24},{"not_picked":["Blizzard+1","Turbo","Barrage"],"picked":"SKIP","floor":27},{"not_picked":["Heatsinks","Rebound","Turbo"],"picked":"SKIP","floor":28},{"not_picked":["Rainbow","Heatsinks","Stack"],"picked":"SKIP","floor":30},{"not_picked":["Auto Shields","Stack+1"],"picked":"Leap","floor":31}],"player_experience":814316,"relics_obtained":[{"floor":9,"key":"PreservedInsect"},{"floor":11,"key":"Juzu Bracelet"},{"floor":26,"key":"Omamori"},{"floor":27,"key":"Pocketwatch"}],"event_choices":[{"damage_healed":0,"gold_gain":0,"player_choice":"Left Gold","damage_taken":0,"max_hp_gain":0,"max_hp_loss":0,"event_name":"World of Goop","floor":2,"gold_loss":48},{"damage_healed":0,"gold_gain":0,"player_choice":"Entered Light","damage_taken":14,"max_hp_gain":0,"max_hp_loss":0,"event_name":"Shining Light","floor":10,"gold_loss":0,"cards_upgraded":["Strike_B","Defend_B"]},{"damage_healed":0,"gold_gain":0,"player_choice":"Ignored","damage_taken":0,"max_hp_gain":0,"max_hp_loss":0,"event_name":"Cursed Tome","floor":19,"gold_loss":0},{"damage_healed":0,"gold_gain":0,"player_choice":"Smashed Altar","damage_taken":0,"max_hp_gain":0,"max_hp_loss":0,"event_name":"Forgotten Altar","floor":20,"gold_loss":0,"cards_obtained":["Decay"]},{"damage_healed":0,"gold_gain":0,"player_choice":"Read","damage_taken":0,"max_hp_gain":0,"max_hp_loss":0,"event_name":"The Library","floor":22,"gold_loss":0,"cards_obtained":["White Noise"]},{"damage_healed":0,"gold_gain":0,"player_choice":"Simplicity","damage_taken":0,"max_hp_gain":0,"max_hp_loss":0,"event_name":"Back to Basics","floor":25,"gold_loss":0,"cards_upgraded":["Strike_B","Strike_B","Strike_B","Defend_B","Defend_B","Defend_B"]}],"is_beta":false,"boss_relics":[{"not_picked":["Calling Bell","Runic Pyramid"],"picked":"Ectoplasm"}],"items_purged_floors":[21],"is_endless":false,"potions_floor_spawned":[5,14,16,18,30],"killed_by":"Champ","ascension_level":9}