{"gold_per_floor":[111,80,97,97,108,108,134,160,160,160,185,201,218,49,49,145,195,214,214,214,214,214,214,214],"floor_reached":24,"playtime":1243,"items_purged":[],"score":308,"play_id":"ae223649-94ed-47b9-8532-cb6d976e96e7","local_time":"20191007113004","is_ascension_mode":true,"campfire_choices":[{"data":"Fusion","floor":6,"key":"SMITH"},{"data":"Zap","floor":10,"key":"SMITH"},{"floor":15,"key":"REST"},{"data":"Defragment","floor":23,"key":"SMITH"}],"neow_cost":"NONE","seed_source_timestamp":293409957710000,"circlet_count":0,"master_deck":["Defend_B+1","Defend_B+1","Defend_B+1","Defend_B+1","Zap+1","Dualcast","Fusion+1","Gash+1","Coolheaded","Defragment+1","Ball Lightning","Rebound","Reinforced Body","Flash of Steel","FTL","Thunder Strike","Defragment","Capacitor","Bite","Bite","Bite","Bite","Bite"],"relics":["Cracked Core","Bag of Preparation","Lantern","Gremlin Horn","Meat on the Bone","Tiny House","MutagenicStrength"],"potions_floor_usage":[7,16,18],"damage_taken":[{"damage":2,"enemies":"2 Louse","floor":1,"turns":2},{"damage":2,"enemies":"Jaw Worm","floor":3,"turns":3},{"damage":0,"enemies":"Small Slimes","floor":5,"turns":3},{"damage":24,"enemies":"Gremlin Nob","floor":7,"turns":5},{"damage":19,"enemies":"3 Sentries","floor":11,"turns":11},{"damage":0,"enemies":"2 Fungi Beasts","floor":12,"turns":3},{"damage":1,"enemies":"Large Slime","floor":13,"turns":4},{"damage":22,"enemies":"Hexaghost","floor":16,"turns":9},{"damage":5,"enemies":"Chosen","floor":18,"turns":5},{"damage":85,"enemies":"Gremlin Leader","floor":24,"turns":6}],"seed_played":"4993667565060117425","potions_obtained":[{"floor":1,"key":"Poison Potion"},{"floor":3,"key":"Strength Potion"},{"floor":13,"key":"PowerPotion"},{"floor":16,"key":"Weak Potion"},{"floor":17,"key":"FairyPotion"}],"is_trial":false,"path_per_floor":["M","?","M","?","M","R","E","T","T","R","E","M","M","$","R","B",null,"M","?","?","?","?","R","E"],"character_chosen":"DEFECT","items_purchased":["Flash of Steel","FTL"],"campfire_rested":1,"item_purchase_floors":[14,14],"current_hp_per_floor":[66,66,64,49,49,49,25,25,25,25,6,18,29,29,51,41,72,67,67,56,56,56,56,0],"gold":214,"neow_bonus":"REMOVE_CARD","is_prod":false,"is_daily":false,"chose_seed":false,"campfire_upgraded":3,"win_rate":0,"timestamp":1570465804,"path_taken":["M","?","M","?","M","R","E","?","T","R","E","M","M","$","R","BOSS","M","?","?","?","?","R","E"],"build_version":"2019-07-17","purchased_purges":0,"victory":false,"max_hp_per_floor":[75,75,75,75,75,75,75,75,75,75,75,75,75,75,75,75,80,80,80,56,56,56,56,56],"card_choices":[{"not_picked":["Barrage","Tempest"],"picked":"Fusion","floor":1},{"not_picked":["Stack","Tempest"],"picked":"Gash","floor":3},{"not_picked":["Force Field","Tempest"],"picked":"Coolheaded","floor":5},{"not_picked":["Rebound","Fission"],"picked":"Defragment","floor":7},{"not_picked":["Recycle","Tempest"],"picked":"Ball Lightning","floor":11},{"not_picked":["Force Field","Go for the Eyes"],"picked":"Rebound","floor":12},{"not_picked":["Lockon","Rip and Tear"],"picked":"Reinforced Body","floor":13},{"not_picked":["Rainbow","Buffer"],"picked":"Thunder Strike","floor":16},{"not_picked":["Skim","Ball Lightning"],"picked":"Defragment","floor":17},{"not_picked":["Compile Driver","Rebound"],"picked":"Capacitor","floor":18}],"player_experience":801077,"relics_obtained":[{"floor":7,"key":"Bag of Preparation"},{"floor":8,"key":"Lantern"},{"floor":9,"key":"Gremlin Horn"},{"floor":11,"key":"Meat on the Bone"}],"event_choices":[{"damage_healed":0,"gold_gain":0,"player_choice":"Left Gold","damage_taken":0,"max_hp_gain":0,"max_hp_loss":0,"event_name":"World of Goop","floor":2,"gold_loss":31},{"damage_healed":0,"gold_gain":0,"player_choice":"Entered Light","damage_taken":15,"max_hp_gain":0,"max_hp_loss":0,"event_name":"Shining Light","floor":4,"gold_loss":0,"cards_upgraded":["Defend_B","Defend_B"]},{"damage_healed":0,"gold_gain":0,"player_choice":"Ignored","damage_taken":0,"max_hp_gain":0,"max_hp_loss":0,"event_name":"Ghosts","floor":19,"gold_loss":0},{"damage_healed":0,"gold_gain":0,"player_choice":"Became a vampire","damage_taken":0,"max_hp_gain":0,"max_hp_loss":24,"event_name":"Vampires","floor":20,"gold_loss":0,"cards_obtained":["Bite","Bite","Bite","Bite","Bite"]},{"damage_healed":0,"gold_gain":0,"player_choice":"Inject Mutagens","damage_taken":0,"relics_obtained":["MutagenicStrength"],"max_hp_gain":0,"max_hp_loss":0,"event_name":"Drug Dealer","floor":21,"gold_loss":0},{"damage_healed":0,"gold_gain":0,"player_choice":"Simplicity","damage_taken":0,"max_hp_gain":0,"max_hp_loss":0,"event_name":"Back to Basics","floor":22,"gold_loss":0,"cards_upgraded":["Defend_B","Defend_B"]}],"is_beta":false,"boss_relics":[{"not_picked":["White Beast Statue","Astrolabe"],"picked":"Tiny House"}],"items_purged_floors":[],"is_endless":false,"potions_floor_spawned":[1,3,13,16],"killed_by":"Gremlin Leader","ascension_level":8}