{"gold_per_floor":[109,34,46,46,63,63,97,97,121,155,174,204,204,204,204,302,302,313,313,327,227,240,240,268,268,293,325,343,343,362,377,377,480,480,494,369,369,93,103,103,103,103,103,133,143,154,165,184,184,184],"floor_reached":51,"playtime":4176,"items_purged":["Strike_G","Strike_G","Strike_G"],"score":848,"play_id":"cf1dd6eb-eef5-42e7-8bad-8627910ca5d5","local_time":"20181030192534","is_ascension_mode":true,"campfire_choices":[{"data":"Dash","floor":6.0,"key":"SMITH"},{"data":"Skewer","floor":8.0,"key":"SMITH"},{"floor":15.0,"key":"REST"},{"data":"Footwork","floor":23.0,"key":"SMITH"},{"floor":29.0,"key":"REST"},{"floor":32,"key":"REST"},{"data":"Madness","floor":40,"key":"SMITH"},{"data":"Catalyst","floor":42,"key":"SMITH"},{"floor":49,"key":"REST"}],"neow_cost":"NONE","seed_source_timestamp":0,"circlet_count":0,"master_deck":["Defend_G","Defend_G","Defend_G","Defend_G","Defend_G","Strike_G","Strike_G","Survivor","Neutralize","Bane","Dash+1","Skewer+1","Flying Knee","Backflip","Corpse Explosion","Deadly Poison","Deflect","Footwork+1","Catalyst+1","Backstab+1","Envenom","Outmaneuver+1","Madness+1","Good Instincts","Footwork+1","Concentrate","Caltrops","Escape Plan+1","Infinite Blades+1"],"special_seed":0,"relics":["Ring of the Snake","Oddly Smooth Stone","Bag of Marbles","Omamori","Incense Burner","Regal Pillow","PreservedInsect","Anchor","Runic Pyramid","MutagenicStrength","Strawberry","Blood Vial","Dodecahedron","Eternal Feather","DollysMirror","Boot","Centennial Puzzle"],"potions_floor_usage":[50,50,50,50],"damage_taken":[{"damage":6.0,"enemies":"Jaw Worm","floor":1.0,"turns":6.0},{"damage":0.0,"enemies":"2 Louse","floor":3.0,"turns":3.0},{"damage":0.0,"enemies":"Cultist","floor":5.0,"turns":3.0},{"damage":19.0,"enemies":"3 Sentries","floor":7.0,"turns":11.0},{"damage":2.0,"enemies":"Lagavulin","floor":10.0,"turns":5.0},{"damage":2.0,"enemies":"Exordium Thugs","floor":11.0,"turns":5.0},{"damage":10.0,"enemies":"3 Sentries","floor":12.0,"turns":7.0},{"damage":29.0,"enemies":"Slime Boss","floor":16.0,"turns":15.0},{"damage":9.0,"enemies":"Shell Parasite","floor":18.0,"turns":7.0},{"damage":2.0,"enemies":"2 Thieves","floor":20.0,"turns":3.0},{"damage":4.0,"enemies":"Shelled Parasite and Fungi","floor":22.0,"turns":5.0},{"damage":10.0,"enemies":"Slavers","floor":24.0,"turns":2.0},{"damage":0.0,"enemies":"Colosseum Slavers","floor":25.0,"turns":3.0},{"damage":55.0,"enemies":"Gremlin Leader","floor":27.0,"turns":7.0},{"damage":0.0,"enemies":"Cultist and Chosen","floor":28.0,"turns":8.0},{"damage":0,"enemies":"Centurion and Healer","floor":30,"turns":5},{"damage":0,"enemies":"Shelled Parasite and Fungi","floor":31,"turns":7},{"damage":34,"enemies":"Collector","floor":33,"turns":11},{"damage":0,"enemies":"3 Shapes","floor":35,"turns":2},{"damage":17,"enemies":"3 Darklings","floor":39,"turns":4},{"damage":0,"enemies":"Nemesis","floor":44,"turns":5},{"damage":38,"enemies":"Writhing Mass","floor":45,"turns":7},{"damage":19,"enemies":"Spire Growth","floor":46,"turns":8},{"damage":1,"enemies":"Sphere and 2 Shapes","floor":47,"turns":6},{"damage":12,"enemies":"Transient","floor":48,"turns":5},{"damage":40,"enemies":"Donu and Deca","floor":50,"turns":10}],"seed_played":"1116598021855554013","potions_obtained":[{"floor":3.0,"key":"Strength Potion"},{"floor":11.0,"key":"SpeedPotion"},{"floor":12.0,"key":"Dexterity Potion"},{"floor":16.0,"key":"Weak Potion"},{"floor":18.0,"key":"SneckoOil"},{"floor":22.0,"key":"Fire Potion"},{"floor":31,"key":"Strength Potion"},{"floor":44,"key":"EntropicBrew"}],"is_trial":false,"path_per_floor":["M","$","M","?","M","R","E","R","T","E","M","E","T","?","R","B",null,"M","?","M","$","M","R","E","?","T","E","M","R","M","M","R","B",null,"M","$","?","$","M","R","?","R","T","E","M","M","M","M","R","B"],"character_chosen":"THE_SILENT","items_purchased":["DollysMirror","Concentrate"],"campfire_rested":4,"item_purchase_floors":[38,38],"current_hp_per_floor":[71,71,71,64,64,64,45,45,45,43,41,31,31,31,69,40,77,68,68,66,66,62,62,59,59,59,6,8,48,50,52,84,50,84,84,84,79,79,64,79,79,84,84,84,46,29,30,20,75,37],"gold":184,"neow_bonus":"TEN_PERCENT_HP_BONUS","is_prod":false,"is_daily":false,"chose_seed":false,"campfire_upgraded":5,"win_rate":0,"timestamp":1540945534,"path_taken":["M","$","M","?","?","R","E","R","T","E","M","E","?","?","R","BOSS","M","?","?","$","M","R","E","?","T","E","M","R","M","M","R","BOSS","M","$","?","$","M","R","?","R","T","E","M","M","M","?","R","BOSS"],"build_version":"2018-10-25v2","purchased_purges":3,"victory":true,"max_hp_per_floor":[77,77,77,77,77,77,77,77,77,77,77,77,77,77,77,77,77,77,77,77,77,77,77,84,84,84,84,84,84,84,84,84,84,84,84,84,84,84,84,84,84,84,84,84,84,84,84,84,84,84],"card_choices":[{"not_picked":["Reflex","Sucker Punch"],"picked":"Bane","floor":1.0},{"not_picked":["Deflect","Infinite Blades"],"picked":"Dash","floor":3.0},{"not_picked":["Endless Agony","Underhanded Strike","Acrobatics"],"picked":"SKIP","floor":5.0},{"not_picked":["Escape Plan","Endless Agony"],"picked":"Skewer","floor":7.0},{"not_picked":["Outmaneuver","Bane"],"picked":"Adrenaline","floor":10.0},{"not_picked":["Accuracy","Concentrate"],"picked":"Flying Knee","floor":11.0},{"not_picked":["Dagger Spray","Acrobatics"],"picked":"Backflip","floor":12.0},{"not_picked":["Tools of the Trade","Night Terror"],"picked":"Corpse Explosion","floor":16.0},{"not_picked":["Backstab","Sucker Punch+1"],"picked":"Deadly Poison","floor":18.0},{"not_picked":["Backflip+1","Deadly Poison"],"picked":"Deflect","floor":20.0},{"not_picked":["Venomology","Dodge and Roll"],"picked":"Footwork","floor":22.0},{"not_picked":["Skewer","Backflip","Cloak And Dagger"],"picked":"SKIP","floor":24.0},{"not_picked":["Flying Knee","Bouncing Flask","Prepared"],"picked":"SKIP","floor":27.0},{"not_picked":["Blade Dance","Dodge and Roll"],"picked":"Catalyst","floor":28.0},{"not_picked":["PiercingWail","Setup"],"picked":"Backstab+1","floor":30},{"not_picked":["Reflex","Bane","Deadly Poison"],"picked":"SKIP","floor":31},{"not_picked":["Venomology","Grand Finale"],"picked":"Envenom","floor":33},{"not_picked":["Cloak And Dagger","Sucker Punch"],"picked":"Outmaneuver+1","floor":35},{"not_picked":["Dramatic Entrance","Transmutation"],"picked":"Madness","floor":37},{"not_picked":["Finesse","Purity"],"picked":"Good Instincts","floor":37},{"not_picked":["Dodge and Roll+1","PiercingWail","Heel Hook"],"picked":"SKIP","floor":39},{"not_picked":["Bouncing Flask+1","Accuracy","Outmaneuver+1"],"picked":"SKIP","floor":44},{"not_picked":["PiercingWail+1","Blur+1"],"picked":"Caltrops","floor":45},{"not_picked":["Backflip","Acrobatics"],"picked":"Escape Plan+1","floor":46},{"not_picked":["PiercingWail","Cloak And Dagger"],"picked":"Infinite Blades+1","floor":47},{"not_picked":["Poisoned Stab","Deadly Poison","Flying Knee"],"picked":"SKIP","floor":48}],"player_experience":459293,"relics_obtained":[{"floor":7.0,"key":"Bag of Marbles"},{"floor":9.0,"key":"Omamori"},{"floor":10.0,"key":"Incense Burner"},{"floor":12.0,"key":"Regal Pillow"},{"floor":13.0,"key":"PreservedInsect"},{"floor":24.0,"key":"Strawberry"},{"floor":26.0,"key":"Blood Vial"},{"floor":27.0,"key":"Dodecahedron"},{"floor":43,"key":"Boot"},{"floor":44,"key":"Centennial Puzzle"}],"event_choices":[{"damage_healed":0.0,"max_hp_gain":0.0,"max_hp_loss":0.0,"gold_gain":0.0,"event_name":"Scrap Ooze","player_choice":"Success","floor":4.0,"gold_loss":0.0,"damage_taken":7.0,"relics_obtained":["Oddly Smooth Stone"]},{"damage_healed":0.0,"max_hp_gain":0.0,"max_hp_loss":0.0,"gold_gain":0.0,"event_name":"WeMeetAgain","player_choice":"Gave Potion","floor":14.0,"gold_loss":0.0,"damage_taken":0.0,"relics_obtained":["Anchor"]},{"damage_healed":0.0,"max_hp_gain":0.0,"max_hp_loss":0.0,"gold_gain":0.0,"event_name":"Drug Dealer","player_choice":"Inject Mutagens","floor":19.0,"gold_loss":0.0,"damage_taken":0.0,"relics_obtained":["MutagenicStrength"]},{"damage_healed":0.0,"max_hp_gain":0.0,"max_hp_loss":0.0,"gold_gain":0.0,"event_name":"Colosseum","player_choice":"Fight","floor":25.0,"gold_loss":0.0,"damage_taken":0.0},{"damage_healed":0.0,"max_hp_gain":0.0,"max_hp_loss":0.0,"gold_gain":0.0,"event_name":"Colosseum","player_choice":"Fled From Nobs","floor":25.0,"gold_loss":0.0,"damage_taken":0.0},{"damage_healed":0,"gold_gain":0,"player_choice":"Memory 2","damage_taken":5,"max_hp_gain":0,"max_hp_loss":0,"event_name":"SensoryStone","floor":37,"gold_loss":0},{"cards_removed":["Adrenaline"],"damage_healed":0,"gold_gain":0,"player_choice":"Removed Skill","damage_taken":0,"max_hp_gain":0,"max_hp_loss":0,"event_name":"Falling","floor":41,"gold_loss":0}],"is_beta":false,"boss_relics":[{"not_picked":["Astrolabe","Busted Crown"],"picked":"Runic Pyramid"},{"not_picked":["Pandora\u0027s Box","Coffee Dripper"],"picked":"Eternal Feather"}],"items_purged_floors":[2,21,36],"is_endless":false,"potions_floor_spawned":[3,11,12,16,18,20,22,31,44,45],"ascension_level":3}