{"path_per_floor":["M","M","?","M","?","E","R","M","T","M","?","$","R","M","R","B",null,"M","?","?","M","$","?","R","?","T","R","?","R","M","M","R","B",null,"M","?","?","M","M","R"],"character_chosen":"THE_SILENT","items_purchased":["Noxious Fumes","Finesse","Noxious Fumes","Orichalcum"],"gold_per_floor":[115,125,300,318,318,343,343,360,360,379,379,135,135,146,146,245,245,261,261,176,196,6,6,6,6,6,6,6,6,16,31,31,128,128,140,0,0,17,29,29],"floor_reached":41,"campfire_rested":4,"playtime":3280,"current_hp_per_floor":[70,70,70,66,66,43,64,54,54,64,64,64,64,64,64,51,70,62,62,62,62,62,62,62,62,62,62,49,71,54,51,73,16,75,56,56,75,40,38,70],"items_purged":["Strike_G"],"gold":29,"score":341,"play_id":"c71ca41d-1041-4228-a570-21f8817e5eca","local_time":"20180305224340","is_prod":false,"is_daily":false,"is_ascension_mode":false,"campfire_upgraded":4,"timestamp":1520311420,"path_taken":["M","M","?","M","?","E","R","M","T","M","?","?","R","M","R","BOSS","M","?","?","M","$","?","R","?","T","R","?","R","M","M","R","BOSS","M","?","?","M","M","R","E"],"build_version":"2018-03-01-PROD1","purchased_purges":1,"victory":false,"master_deck":["Defend_G","Defend_G","Defend_G","Defend_G","Defend_G","Strike_G","Strike_G","Strike_G","Strike_G","Survivor","Neutralize","Poisoned Stab","Noxious Fumes+1","Poisoned Stab","Dodge and Roll","Backflip","Noxious Fumes+1","Finesse","Deflect","Deadly Poison","Noxious Fumes+1","Catalyst+1","Deflect+1","Bouncing Flask","Writhe","Dodge and Roll+1"],"max_hp_per_floor":[70,70,70,70,70,70,70,70,70,70,70,70,70,70,70,70,70,70,70,70,70,70,70,70,70,70,70,75,75,75,75,75,75,75,75,75,75,75,75,75],"relics":["Ring of the Snake","Unceasing Top","Juzu Bracelet","Tingsha","Velvet Choker","Torii","Orichalcum","Frozen Eye","Eternal Feather","Red Mask"],"card_choices":[{"not_picked":["Riddle With Holes","Bane"],"picked":"Poisoned Stab"},{"not_picked":["Slice","Deadly Poison"],"picked":"Noxious Fumes"},{"not_picked":["Flechettes","Deflect"],"picked":"Poisoned Stab"},{"not_picked":["Tactician","Footwork"],"picked":"Dodge and Roll"},{"not_picked":["Acrobatics","Outmaneuver"],"picked":"Backflip"},{"not_picked":["Caltrops","Sucker Punch"],"picked":"Deflect"},{"not_picked":["Slice","Expertise"],"picked":"Deadly Poison"},{"not_picked":["Sucker Punch","Slice"],"picked":"Deflect"},{"not_picked":["Expertise","Dash"],"picked":"Bouncing Flask"},{"not_picked":["Sucker Punch","Bane"],"picked":"Dodge and Roll"}],"player_experience":60818,"potions_floor_usage":[10,16,30,35,41],"damage_taken":[{"damage":0,"enemies":"2 Louse","floor":1,"turns":3},{"damage":0,"enemies":"Small Slimes","floor":2,"turns":4},{"damage":4,"enemies":"Cultist","floor":4,"turns":5},{"damage":23,"enemies":"Gremlin Nob","floor":6,"turns":5},{"damage":10,"enemies":"Large Slime","floor":8,"turns":8},{"damage":5,"enemies":"2 Fungi Beasts","floor":10,"turns":5},{"damage":0,"enemies":"Red Slaver","floor":14,"turns":4},{"damage":28,"enemies":"Slime Boss","floor":16,"turns":10},{"damage":8,"enemies":"3 Byrds","floor":18,"turns":5},{"damage":0,"enemies":"Chosen","floor":21,"turns":5},{"damage":17,"enemies":"Slaver and Parasite","floor":30,"turns":4},{"damage":3,"enemies":"Centurion and Healer","floor":31,"turns":5},{"damage":57,"enemies":"Champ","floor":33,"turns":9},{"damage":19,"enemies":"3 Shapes","floor":35,"turns":5},{"damage":35,"enemies":"3 Darklings","floor":38,"turns":5},{"damage":2,"enemies":"Maw","floor":39,"turns":7},{"damage":71,"enemies":"2 Orb Walkers","floor":41,"turns":4}],"event_choices":[{"event_name":"Liars Game","player_choice":"agreed","floor":3,"damage_taken":0},{"event_name":"Wheel of Change","player_choice":"Relic","floor":5,"damage_taken":0},{"event_name":"Purifier","player_choice":"One Purge","floor":11,"damage_taken":0},{"event_name":"Cursed Tome","player_choice":"Ignored","floor":19,"damage_taken":0},{"event_name":"Addict","player_choice":"Obtained Relic","floor":20,"damage_taken":0},{"event_name":"Beggar","player_choice":"Ignored","floor":23,"damage_taken":0},{"event_name":"The Library","player_choice":"Read","floor":25,"damage_taken":0},{"event_name":"Forgotten Altar","player_choice":"Shed Blood","floor":28,"damage_taken":0},{"event_name":"Tomb of Lord Red Mask","player_choice":"Paid","floor":36,"damage_taken":0},{"event_name":"Winding Halls","player_choice":"Writhe","floor":37,"damage_taken":0}],"boss_relics":[{"not_picked":["Lizard Tail","White Beast Statue"],"picked":"Velvet Choker"},{"not_picked":["Calling Bell","Philosopher\u0027s Stone"],"picked":"Eternal Feather"}],"potions_floor_spawned":[1,10,21,33,38],"seed_played":"-773312904538681478","killed_by":"2 Orb Walkers","ascension_level":0,"is_trial":false}