{"path_per_floor":["M","$","M","M","M","R","M","?","T","M","?","R","M","M","R","B",null,"M","M","?","$","M","R","M","R","T","M","M","R","E","M","R","B",null,"M","?","$","M","M","R","M"],"character_chosen":"THE_SILENT","items_purchased":["Adrenaline","Bottled Tornado","Noxious Fumes","Happy Flower"],"gold_per_floor":[109,34,51,61,76,76,95,95,95,108,108,108,128,147,147,243,243,257,275,275,17,27,27,43,43,43,58,69,69,102,112,112,215,215,229,229,1,16,32,32,52],"floor_reached":42,"campfire_rested":5,"playtime":4237,"current_hp_per_floor":[77,77,77,77,77,77,77,77,91,90,95,95,95,94,94,76,96,82,74,74,74,44,72,51,79,79,52,40,68,61,42,70,13,96,44,44,44,34,11,39,7],"items_purged":[],"gold":52,"score":443,"play_id":"d27aa4c1-bcc2-4ea4-8f71-585ef053c3fd","local_time":"20180311222731","is_prod":false,"is_daily":false,"is_ascension_mode":false,"campfire_upgraded":3,"timestamp":1520825251,"path_taken":["M","?","M","M","M","R","M","?","T","M","?","R","M","?","R","BOSS","M","?","?","$","M","R","M","R","T","M","M","R","E","M","R","BOSS","M","?","$","M","M","R","M","E"],"build_version":"2018-03-09","purchased_purges":1,"victory":false,"master_deck":["Defend_G","Defend_G","Defend_G","Defend_G","Defend_G","Strike_G","Strike_G","Strike_G","Survivor","Neutralize","Dagger Spray","Adrenaline+1","Deadly Poison","Noxious Fumes+1","Leg Sweep+1","Cloak And Dagger","Infinite Blades","Escape Plan","Adrenaline","Cloak And Dagger","Heel Hook","Deadly Poison","Terror+1","Poisoned Stab+1","Bullet Time","Concentrate+1","Noxious Fumes+1"],"max_hp_per_floor":[77,77,77,77,77,77,77,77,91,91,96,96,96,96,96,96,96,96,96,96,96,96,96,96,96,96,96,96,96,96,96,96,96,96,96,96,96,96,96,96,96],"relics":["Ring of the Snake","Mango","Black Star","Bottled Tornado","Frozen Egg 2","Girya","Bird Faced Urn","Lizard Tail","Happy Flower"],"card_choices":[{"not_picked":["Sucker Punch","Dodge and Roll"],"picked":"Dagger Spray"},{"not_picked":["Slice","Crippling Poison"],"picked":"Deadly Poison"},{"not_picked":["Poisoned Stab","Outmaneuver"],"picked":"Noxious Fumes"},{"not_picked":["Accuracy","Acrobatics"],"picked":"Leg Sweep"},{"not_picked":["Dodge and Roll","Backflip"],"picked":"Cloak And Dagger"},{"not_picked":["After Image","Deflect"],"picked":"Infinite Blades"},{"not_picked":["Quick Slash","Calculated Gamble"],"picked":"Escape Plan"},{"not_picked":["Storm of Steel","Corpse Explosion"],"picked":"Adrenaline"},{"not_picked":["All Out Attack","Quick Slash"],"picked":"Cloak And Dagger"},{"not_picked":["Backflip","Underhanded Strike"],"picked":"Heel Hook"},{"not_picked":["Outmaneuver","Dodge and Roll"],"picked":"Deadly Poison"},{"not_picked":["Caltrops","Distraction"],"picked":"Terror"},{"not_picked":["Dagger Spray","Flechettes"],"picked":"Poisoned Stab"},{"not_picked":["Phantasmal Killer","Storm of Steel"],"picked":"Bullet Time"},{"not_picked":["Well Laid Plans","Dagger Throw"],"picked":"Concentrate"}],"player_experience":136449,"potions_floor_usage":[22,30,31,33,33,42],"damage_taken":[{"damage":0,"enemies":"Cultist","floor":1,"turns":3},{"damage":0,"enemies":"2 Louse","floor":3,"turns":2},{"damage":0,"enemies":"Small Slimes","floor":4,"turns":3},{"damage":0,"enemies":"Looter","floor":5,"turns":4},{"damage":0,"enemies":"2 Fungi Beasts","floor":7,"turns":4},{"damage":1,"enemies":"Blue Slaver","floor":10,"turns":4},{"damage":0,"enemies":"Exordium Wildlife","floor":13,"turns":5},{"damage":1,"enemies":"Lots of Slimes","floor":14,"turns":3},{"damage":18,"enemies":"Hexaghost","floor":16,"turns":10},{"damage":14,"enemies":"Chosen","floor":18,"turns":6},{"damage":8,"enemies":"Shell Parasite","floor":19,"turns":7},{"damage":42,"enemies":"3 Cultists","floor":22,"turns":6},{"damage":21,"enemies":"Chosen and Byrds","floor":24,"turns":6},{"damage":27,"enemies":"Centurion and Healer","floor":27,"turns":8},{"damage":12,"enemies":"Snake Plant","floor":28,"turns":6},{"damage":7,"enemies":"Book of Stabbing","floor":30,"turns":7},{"damage":23,"enemies":"Cultist and Chosen","floor":31,"turns":5},{"damage":61,"enemies":"Collector","floor":33,"turns":10},{"damage":54,"enemies":"3 Darklings","floor":35,"turns":6},{"damage":16,"enemies":"3 Shapes","floor":38,"turns":6},{"damage":29,"enemies":"Maw","floor":39,"turns":8},{"damage":38,"enemies":"Sphere and 2 Shapes","floor":41,"turns":5},{"damage":92,"enemies":"Nemesis","floor":42,"turns":7}],"event_choices":[{"event_name":"Living Wall","player_choice":"Forget","floor":8,"damage_taken":0},{"event_name":"Big Fish","player_choice":"Donut","floor":11,"damage_taken":0},{"event_name":"The Lab","player_choice":"Got Potions","floor":20,"damage_taken":0}],"boss_relics":[{"not_picked":["Cursed Key","Question Card"],"picked":"Black Star"},{"not_picked":["Philosopher\u0027s Stone","Eternal Feather"],"picked":"Lizard Tail"}],"potions_floor_spawned":[5,7,13,16,18,24,27,30,38],"seed_played":"5122753642763900539","killed_by":"Nemesis","ascension_level":0,"is_trial":false}