{"gold_per_floor":[117,117,42,42,16,41,41,55,82,114,114,114,82,96,96,194,194,204,204,217,100,113,113,113],"floor_reached":24,"playtime":862,"items_purged":[],"score":297,"play_id":"27f01cf3-62c7-4a5a-88f3-0ef936a2bd08","local_time":"20181110230547","is_ascension_mode":true,"campfire_choices":[{"data":"Noxious Fumes","floor":7,"key":"SMITH"},{"floor":15,"key":"REST"},{"floor":23,"key":"REST"}],"neow_cost":"NONE","seed_source_timestamp":444892389295956,"circlet_count":0,"master_deck":["Defend_G","Defend_G","Defend_G","Defend_G","Defend_G","Survivor","Neutralize","Backflip","Infinite Blades","Crippling Poison","Deadly Poison","Noxious Fumes+1","Footwork","Poisoned Stab","After Image","Bane","Bite","Bite","Bite","Bite","Bite","Dodge and Roll","Accuracy"],"relics":["Ring of the Snake","NeowsBlessing","Boot","Gremlin Horn","Potion Belt","Letter Opener","Philosopher\u0027s Stone"],"potions_floor_usage":[10],"damage_taken":[{"damage":0,"enemies":"Small Slimes","floor":1,"turns":1},{"damage":0,"enemies":"3 Sentries","floor":6,"turns":2},{"damage":0,"enemies":"Jaw Worm","floor":8,"turns":1},{"damage":20,"enemies":"Lagavulin","floor":10,"turns":5},{"damage":0,"enemies":"Cultist","floor":14,"turns":4},{"damage":6,"enemies":"Hexaghost","floor":16,"turns":9},{"damage":28,"enemies":"3 Byrds","floor":18,"turns":4},{"damage":21,"enemies":"2 Thieves","floor":20,"turns":4},{"damage":25,"enemies":"Shelled Parasite and Fungi","floor":22,"turns":5},{"damage":0,"enemies":"Sentry and Sphere","floor":24,"turns":1}],"seed_played":"-2968170089052303333","potions_obtained":[{"floor":6,"key":"Fire Potion"},{"floor":10,"key":"Poison Potion"}],"is_trial":false,"path_per_floor":["M","?","$","?","$","E","R","M","T","E","?","?","?","M","R","B",null,"M","?","M","$","M","R","M"],"character_chosen":"THE_SILENT","items_purchased":["Infinite Blades","Deadly Poison","Dodge and Roll","Accuracy"],"campfire_rested":2,"item_purchase_floors":[3,5,21,21],"current_hp_per_floor":[70,58,58,58,58,58,58,58,58,38,38,38,38,38,59,53,70,42,42,29,29,8,22,22],"gold":113,"neow_bonus":"THREE_ENEMY_KILL","is_prod":false,"is_daily":false,"chose_seed":false,"campfire_upgraded":1,"win_rate":0,"timestamp":1541912747,"path_taken":["M","?","$","?","$","E","R","?","T","E","?","?","?","M","R","BOSS","M","?","M","$","M","R","M"],"build_version":"2018-11-08","purchased_purges":0,"victory":false,"max_hp_per_floor":[70,70,70,70,70,70,70,70,70,70,70,70,70,70,70,70,70,70,49,49,49,49,49,49],"card_choices":[{"not_picked":["Flying Knee","Leg Sweep"],"picked":"Backflip","floor":1},{"not_picked":["Sucker Punch","Dodge and Roll"],"picked":"Noxious Fumes","floor":6},{"not_picked":["Deadly Poison","Quick Slash","Sucker Punch"],"picked":"SKIP","floor":8},{"not_picked":["PiercingWail","Grand Finale"],"picked":"Footwork","floor":10},{"not_picked":["Dagger Throw","All Out Attack"],"picked":"Poisoned Stab","floor":14},{"not_picked":["Venomology","Night Terror"],"picked":"After Image","floor":16},{"not_picked":["Dagger Throw","Blade Dance"],"picked":"Bane","floor":18},{"not_picked":["Outmaneuver","Finisher","Eviscerate"],"picked":"SKIP","floor":20},{"not_picked":["Slice","Flechettes+1","Endless Agony"],"picked":"SKIP","floor":22}],"player_experience":551947,"relics_obtained":[{"floor":6,"key":"Gremlin Horn"},{"floor":9,"key":"Potion Belt"},{"floor":10,"key":"Letter Opener"}],"event_choices":[{"damage_healed":0,"gold_gain":0,"player_choice":"Success","damage_taken":12,"relics_obtained":["Boot"],"max_hp_gain":0,"max_hp_loss":0,"event_name":"Scrap Ooze","floor":2,"gold_loss":0},{"damage_healed":0,"gold_gain":0,"cards_transformed":["Strike_G"],"player_choice":"Transformed","damage_taken":0,"max_hp_gain":0,"max_hp_loss":0,"event_name":"Transmorgrifier","floor":4,"gold_loss":0,"cards_obtained":["Crippling Poison"]},{"damage_healed":0,"gold_gain":0,"player_choice":"Ignored","damage_taken":0,"max_hp_gain":0,"max_hp_loss":0,"event_name":"Shining Light","floor":11,"gold_loss":0},{"damage_healed":0,"gold_gain":0,"player_choice":"Ignored","damage_taken":0,"max_hp_gain":0,"max_hp_loss":0,"event_name":"Golden Wing","floor":12,"gold_loss":0},{"damage_healed":0,"gold_gain":0,"player_choice":"Left Gold","damage_taken":0,"max_hp_gain":0,"max_hp_loss":0,"event_name":"World of Goop","floor":13,"gold_loss":32},{"damage_healed":0,"gold_gain":0,"player_choice":"Became a vampire","damage_taken":0,"max_hp_gain":0,"max_hp_loss":21,"event_name":"Vampires","floor":19,"gold_loss":0,"cards_obtained":["Bite","Bite","Bite","Bite","Bite"]}],"is_beta":false,"boss_relics":[{"not_picked":["Empty Cage","Coffee Dripper"],"picked":"Philosopher\u0027s Stone"}],"items_purged_floors":[],"is_endless":false,"potions_floor_spawned":[6,10],"killed_by":"Sentry and Sphere","ascension_level":4}