{"gold_per_floor":[119,135,0,13,32,32,52,87,87,87,87,12,12,12,12,12],"floor_reached":16,"playtime":797,"items_purged":["Injury"],"score":110,"play_id":"4c3840ce-4dd1-4a25-927a-699fe0596ab9","local_time":"20181107192541","is_ascension_mode":true,"campfire_choices":[{"data":"Zap","floor":6,"key":"SMITH"},{"floor":10,"key":"REST"},{"data":"Madness","floor":15,"key":"SMITH"}],"neow_cost":"NONE","seed_source_timestamp":172553200105955,"circlet_count":0,"master_deck":["Strike_B","Strike_B","Strike_B","Strike_B","Defend_B","Defend_B","Defend_B","Defend_B","Zap+1","Dualcast","Amplify","Redo","Stack","Heatsinks","Madness+1","Gash+1","Self Repair","Conserve Battery+1","Aggregate","Parasite"],"relics":["Cracked Core","Anchor","Meat on the Bone","Golden Idol"],"potions_floor_usage":[16,16],"damage_taken":[{"damage":2,"enemies":"2 Louse","floor":1,"turns":3},{"damage":7,"enemies":"Jaw Worm","floor":2,"turns":3},{"damage":5,"enemies":"Small Slimes","floor":4,"turns":3},{"damage":5,"enemies":"3 Louse","floor":5,"turns":4},{"damage":11,"enemies":"Looter","floor":7,"turns":3},{"damage":32,"enemies":"Lagavulin","floor":8,"turns":7},{"damage":65,"enemies":"Slime Boss","floor":16,"turns":11}],"seed_played":"-73379044663228839","potions_obtained":[{"floor":4,"key":"Poison Potion"},{"floor":7,"key":"Swift Potion"},{"floor":8,"key":"Strength Potion"}],"is_trial":false,"path_per_floor":["M","M","$","M","M","R","M","E","T","R","?","$","?","?","R","B"],"character_chosen":"DEFECT","items_purchased":["Heatsinks","Madness"],"campfire_rested":1,"item_purchase_floors":[3,3],"current_hp_per_floor":[73,66,66,61,56,56,45,27,27,49,49,49,34,52,52,0],"gold":12,"neow_bonus":"ONE_RANDOM_RARE_CARD","is_prod":false,"is_daily":false,"chose_seed":false,"campfire_upgraded":2,"win_rate":0,"timestamp":1541640341,"path_taken":["M","M","$","M","M","R","M","E","T","R","?","$","?","?","R","BOSS"],"build_version":"2018-11-01","purchased_purges":1,"victory":false,"max_hp_per_floor":[75,75,75,75,75,75,75,75,75,75,75,75,75,75,75,75],"card_choices":[{"not_picked":["Barrage","Sweeping Beam"],"picked":"Redo","floor":1},{"not_picked":["Compile Driver","Hologram"],"picked":"Stack","floor":2},{"not_picked":["Cold Snap","Reprogram"],"picked":"Gash","floor":4},{"not_picked":["Beam Cell","Turbo"],"picked":"Self Repair","floor":5},{"not_picked":["Leap","Ball Lightning"],"picked":"Conserve Battery","floor":7},{"not_picked":["Streamline","Turbo"],"picked":"Aggregate","floor":8}],"player_experience":523022,"relics_obtained":[{"floor":8,"key":"Anchor"},{"floor":9,"key":"Meat on the Bone"}],"event_choices":[{"damage_healed":0,"gold_gain":0,"player_choice":"Take Wound","damage_taken":0,"relics_obtained":["Golden Idol"],"max_hp_gain":0,"max_hp_loss":0,"event_name":"Golden Idol","floor":11,"gold_loss":0,"cards_obtained":["Injury"]},{"damage_healed":0,"gold_gain":0,"player_choice":"Entered Light","damage_taken":15,"max_hp_gain":0,"max_hp_loss":0,"event_name":"Shining Light","floor":13,"gold_loss":0,"cards_upgraded":["Gash","Conserve Battery"]},{"damage_healed":18,"gold_gain":0,"player_choice":"Healed and dodged fight","damage_taken":0,"max_hp_gain":0,"max_hp_loss":0,"event_name":"Mushrooms","floor":14,"gold_loss":0,"cards_obtained":["Parasite"]}],"is_beta":false,"boss_relics":[],"items_purged_floors":[12],"is_endless":false,"potions_floor_spawned":[4,7,8],"killed_by":"Slime Boss","ascension_level":2}