{"gold_per_floor":[13,13,32,55,5,46,46,46,46,46,60,73,73,104,104,234,234,258,258,273,188,203,203,203,203,226,244,279,303,319,319,319,319],"floor_reached":33,"playtime":2390,"items_purged":[],"score":419,"play_id":"4c1b1148-27cd-4951-8256-be7f90014785","local_time":"20191016114419","is_ascension_mode":true,"campfire_choices":[{"data":"Dualcast","floor":7,"key":"SMITH"},{"floor":10,"key":"REST"},{"data":"Undo","floor":15,"key":"SMITH"},{"data":"Zap","floor":23,"key":"SMITH"},{"floor":25,"key":"REST"},{"floor":32,"key":"REST"}],"neow_cost":"NO_GOLD","seed_source_timestamp":141229177305500,"circlet_count":0,"master_deck":["AscendersBane","Strike_B","Strike_B","Strike_B","Defend_B","Defend_B","Defend_B","Defend_B+1","Zap+1","Dualcast+1","Rebound+1","Coolheaded","Cold Snap","Redo","Ball Lightning","Leap","Undo+1","All For One","Conserve Battery+1","Melter","Defragment+1","Redo+1","Ball Lightning+1","Conserve Battery"],"relics":["FrozenCore","Torii","Golden Idol","Calipers","Pen Nib","Sundial","Nloth\u0027s Gift","Strawberry","Symbiotic Virus"],"potions_floor_usage":[14,16,28,28,31,33],"damage_taken":[{"damage":6,"enemies":"2 Louse","floor":1,"turns":3},{"damage":8,"enemies":"Jaw Worm","floor":3,"turns":3},{"damage":0,"enemies":"Small Slimes","floor":4,"turns":2},{"damage":26,"enemies":"Lagavulin","floor":6,"turns":7},{"damage":2,"enemies":"Exordium Wildlife","floor":11,"turns":4},{"damage":8,"enemies":"3 Louse","floor":12,"turns":3},{"damage":16,"enemies":"Gremlin Nob","floor":14,"turns":3},{"damage":17,"enemies":"Slime Boss","floor":16,"turns":18},{"damage":22,"enemies":"3 Byrds","floor":18,"turns":8},{"damage":3,"enemies":"Shell Parasite","floor":20,"turns":7},{"damage":2,"enemies":"Centurion and Healer","floor":22,"turns":9},{"damage":2,"enemies":"Shelled Parasite and Fungi","floor":27,"turns":6},{"damage":17,"enemies":"Slavers","floor":28,"turns":9},{"damage":15,"enemies":"Snake Plant","floor":29,"turns":4},{"damage":12,"enemies":"3 Cultists","floor":30,"turns":6},{"damage":0,"enemies":"Shelled Parasite and Fungi","floor":31,"turns":1},{"damage":92,"enemies":"Automaton","floor":33,"turns":12}],"seed_played":"4266800800728718423","potions_obtained":[{"floor":1,"key":"FairyPotion"},{"floor":6,"key":"Dexterity Potion"},{"floor":11,"key":"AttackPotion"},{"floor":16,"key":"Energy Potion"},{"floor":18,"key":"Dexterity Potion"},{"floor":27,"key":"Block Potion"},{"floor":28,"key":"Energy Potion"},{"floor":29,"key":"SmokeBomb"}],"is_trial":false,"path_per_floor":["M","?","M","M","?","E","R","?","T","R","M","M","?","E","R","B",null,"M","?","M","?","M","R","?","R","T","M","E","M","M","M","R","B"],"character_chosen":"DEFECT","items_purchased":[],"campfire_rested":3,"item_purchase_floors":[],"current_hp_per_floor":[62,62,54,54,54,28,28,14,14,34,32,24,47,31,31,14,55,33,33,30,30,28,28,28,48,55,53,36,21,9,9,31,0],"gold":319,"neow_bonus":"ONE_RARE_RELIC","is_prod":false,"is_daily":false,"chose_seed":false,"campfire_upgraded":3,"win_rate":0,"timestamp":1571244259,"path_taken":["M","?","M","M","?","E","R","?","T","R","?","M","?","E","R","BOSS","M","?","M","?","M","R","?","R","T","M","E","M","?","M","R","BOSS"],"build_version":"2019-07-17","purchased_purges":0,"victory":false,"max_hp_per_floor":[75,69,69,69,69,69,69,69,69,69,69,69,69,69,69,69,69,69,69,69,69,69,69,69,69,76,76,76,76,76,76,76,76],"card_choices":[{"not_picked":["Reprogram","Turbo"],"picked":"Rebound","floor":1},{"not_picked":["Fusion","Recycle"],"picked":"Coolheaded","floor":3},{"not_picked":["Hologram","Static Discharge"],"picked":"Cold Snap","floor":4},{"not_picked":["Meteor Strike","Electrodynamics"],"picked":"Redo","floor":6},{"not_picked":["Sunder","Sweeping Beam"],"picked":"Ball Lightning","floor":11},{"not_picked":["Go for the Eyes","Streamline"],"picked":"Leap","floor":12},{"not_picked":["Ball Lightning","Leap"],"picked":"Undo","floor":14},{"not_picked":["Electrodynamics","Hyperbeam"],"picked":"All For One","floor":16},{"not_picked":["Turbo","Go for the Eyes+1"],"picked":"Conserve Battery+1","floor":18},{"not_picked":["Lockon","Sunder"],"picked":"Melter","floor":20},{"not_picked":["Redo","Lockon","Ball Lightning"],"picked":"SKIP","floor":22},{"not_picked":["Rebound","Turbo+1"],"picked":"Defragment+1","floor":27},{"not_picked":["Capacitor","Go for the Eyes"],"picked":"Redo+1","floor":28},{"not_picked":["Darkness","Double Energy"],"picked":"Ball Lightning+1","floor":29},{"not_picked":["Sweeping Beam","Force Field"],"picked":"Conserve Battery","floor":30}],"player_experience":854094,"relics_obtained":[{"floor":6,"key":"Calipers"},{"floor":9,"key":"Girya"},{"floor":14,"key":"Pen Nib"},{"floor":26,"key":"Strawberry"},{"floor":28,"key":"Symbiotic Virus"}],"event_choices":[{"damage_healed":0,"gold_gain":0,"player_choice":"Lose Max HP","damage_taken":0,"relics_obtained":["Golden Idol"],"max_hp_gain":0,"max_hp_loss":6,"event_name":"Golden Idol","floor":2,"gold_loss":0},{"cards_removed":["Strike_B"],"damage_healed":0,"gold_gain":0,"player_choice":"Card Removal","damage_taken":0,"max_hp_gain":0,"max_hp_loss":0,"event_name":"The Cleric","floor":5,"gold_loss":50},{"damage_healed":0,"gold_gain":0,"player_choice":"Entered Light","damage_taken":14,"max_hp_gain":0,"max_hp_loss":0,"event_name":"Shining Light","floor":8,"gold_loss":0,"cards_upgraded":["Defend_B","Rebound"]},{"damage_healed":23,"gold_gain":0,"player_choice":"Banana","damage_taken":0,"max_hp_gain":0,"max_hp_loss":0,"event_name":"Big Fish","floor":13,"gold_loss":0},{"damage_healed":0,"gold_gain":0,"player_choice":"Ignored","damage_taken":0,"max_hp_gain":0,"max_hp_loss":0,"event_name":"Ghosts","floor":19,"gold_loss":0},{"damage_healed":0,"gold_gain":0,"player_choice":"Obtained Relic","damage_taken":0,"relics_obtained":["Sundial"],"max_hp_gain":0,"max_hp_loss":0,"event_name":"Addict","floor":21,"gold_loss":85},{"damage_healed":0,"gold_gain":0,"player_choice":"Traded Relic","damage_taken":0,"relics_obtained":["Nloth\u0027s Gift"],"max_hp_gain":0,"max_hp_loss":0,"event_name":"N\u0027loth","floor":24,"relics_lost":["Girya"],"gold_loss":0}],"is_beta":false,"boss_relics":[{"not_picked":["Snecko Eye","Eternal Feather"],"picked":"FrozenCore"}],"items_purged_floors":[],"is_endless":false,"potions_floor_spawned":[1,6,11,16,18,27,28,29,31],"killed_by":"Automaton","ascension_level":10}