{"gold_per_floor":[218,218,218,135,146,146,165,191,191,191,211,246,259,105,105,202,202,213,312,237,237,64,64,77,9,9,28,46,58,86,113,113,208,208,218,218,55,0,14,14,41,41,68,84,84,13,13,33,33,33],"floor_reached":50,"playtime":3248,"items_purged":["Strike_G","Strike_G","Defend_G"],"score":658,"play_id":"d8dd7778-ec29-4620-8db9-ed215e4b9add","local_time":"20181107003732","is_ascension_mode":true,"campfire_choices":[{"data":"Caltrops","floor":6,"key":"SMITH"},{"floor":10,"key":"REST"},{"data":"Dash","floor":15,"key":"SMITH"},{"data":"Footwork","floor":23,"key":"SMITH"},{"floor":32,"key":"REST"},{"data":"A Thousand Cuts","floor":40,"key":"SMITH"},{"floor":45,"key":"REST"},{"data":"Caltrops","floor":47,"key":"SMITH"},{"floor":49,"key":"REST"}],"neow_cost":"NONE","seed_source_timestamp":102412352177916,"circlet_count":0,"master_deck":["Defend_G","Defend_G","Defend_G","Defend_G","Survivor+1","Neutralize","Backstab","Finisher","Blade Dance","Caltrops+1","Deflect","Footwork+1","Leg Sweep","Dash+1","Corpse Explosion","Caltrops+1","A Thousand Cuts+1","Backflip","Infinite Blades","Accuracy","Flechettes","Infinite Blades","Bullet Time+1","Caltrops+1","Cloak And Dagger","Accuracy","Blade Dance","Parasite","Cloak And Dagger+1","Footwork+1"],"relics":["Ring of the Snake","Meat on the Bone","Matryoshka","Dream Catcher","Bronze Scales","Bird Faced Urn","Sozu","Oddly Smooth Stone","Snake Skull","Juzu Bracelet","Strawberry","Astrolabe","Centennial Puzzle","Red Mask","Frozen Egg 2","Blood Vial"],"potions_floor_usage":[12,12,30,33,50],"damage_taken":[{"damage":1,"enemies":"2 Louse","floor":1,"turns":5},{"damage":0,"enemies":"Small Slimes","floor":5,"turns":2},{"damage":0,"enemies":"Cultist","floor":7,"turns":3},{"damage":20,"enemies":"Gremlin Nob","floor":8,"turns":4},{"damage":9,"enemies":"Lots of Slimes","floor":11,"turns":2},{"damage":0,"enemies":"3 Sentries","floor":12,"turns":5},{"damage":0,"enemies":"Looter","floor":13,"turns":3},{"damage":6,"enemies":"The Guardian","floor":16,"turns":10},{"damage":7,"enemies":"Shell Parasite","floor":18,"turns":4},{"damage":15,"enemies":"2 Thieves","floor":24,"turns":3},{"damage":0,"enemies":"Shelled Parasite and Fungi","floor":27,"turns":4},{"damage":14,"enemies":"Centurion and Healer","floor":28,"turns":5},{"damage":5,"enemies":"Snake Plant","floor":29,"turns":4},{"damage":17,"enemies":"Gremlin Leader","floor":30,"turns":8},{"damage":61,"enemies":"Collector","floor":33,"turns":10},{"damage":0,"enemies":"3 Shapes","floor":35,"turns":4},{"damage":9,"enemies":"3 Darklings","floor":39,"turns":3},{"damage":30,"enemies":"Giant Head","floor":41,"turns":8},{"damage":36,"enemies":"Writhing Mass","floor":44,"turns":6},{"damage":41,"enemies":"Jaw Worm Horde","floor":48,"turns":4},{"damage":86,"enemies":"Time Eater","floor":50,"turns":5}],"seed_played":"-5248025170880661358","potions_obtained":[{"floor":8,"key":"AttackPotion"},{"floor":11,"key":"AttackPotion"},{"floor":12,"key":"SpeedPotion"},{"floor":13,"key":"SpeedPotion"},{"floor":16,"key":"Strength Potion"}],"is_trial":false,"path_per_floor":["M","?","?","$","M","R","M","E","T","R","M","E","M","$","R","B",null,"M","?","?","?","$","R","M","$","T","M","M","M","E","T","R","B",null,"M","?","$","?","M","R","E","?","T","M","R","$","R","M","R","B"],"character_chosen":"THE_SILENT","items_purchased":["Finisher","Blade Dance","Caltrops","Infinite Blades","Accuracy","Accuracy","Footwork+1"],"campfire_rested":4,"item_purchase_floors":[4,4,14,22,25,37,46],"current_hp_per_floor":[69,51,51,51,51,51,51,43,43,64,55,55,59,59,59,59,70,63,63,63,63,63,63,54,54,54,64,58,59,52,59,77,34,77,77,77,77,77,74,74,50,50,50,46,69,69,69,42,65,0],"gold":33,"neow_bonus":"HUNDRED_GOLD","is_prod":false,"is_daily":false,"chose_seed":false,"campfire_upgraded":5,"win_rate":0,"timestamp":1541572652,"path_taken":["M","?","?","$","?","R","M","E","T","R","M","E","M","?","R","BOSS","M","?","?","?","$","R","M","$","T","M","M","M","E","?","R","BOSS","M","?","$","?","M","R","E","?","T","M","R","?","R","M","R","BOSS"],"build_version":"2018-11-01","purchased_purges":3,"victory":false,"max_hp_per_floor":[70,70,70,70,70,70,70,70,70,70,70,70,70,70,70,70,70,70,70,70,70,70,70,70,70,70,70,70,70,70,77,77,77,77,77,77,77,77,77,77,77,77,77,77,77,77,77,77,77,77],"card_choices":[{"not_picked":["Bane","Flying Knee"],"picked":"Backstab","floor":1},{"not_picked":["Bouncing Flask","Eviscerate"],"picked":"Caltrops","floor":5},{"not_picked":["Blade Dance","All Out Attack"],"picked":"Deflect","floor":7},{"not_picked":["Dagger Spray","Heel Hook"],"picked":"Footwork","floor":8},{"not_picked":["Underhanded Strike","Dagger Throw"],"picked":"Deadly Poison","floor":10},{"not_picked":["Poisoned Stab","Prepared"],"picked":"Leg Sweep","floor":11},{"not_picked":["PiercingWail","Sucker Punch"],"picked":"Dash","floor":12},{"not_picked":["Flying Knee","Well Laid Plans"],"picked":"Corpse Explosion","floor":13},{"not_picked":["After Image","Corpse Explosion"],"picked":"A Thousand Cuts","floor":16},{"not_picked":["Dagger Spray","Tactician+1"],"picked":"Backflip","floor":18},{"not_picked":["Reflex","PiercingWail","Bane"],"picked":"SKIP","floor":24},{"not_picked":["PiercingWail","Acrobatics+1","Quick Slash"],"picked":"SKIP","floor":27},{"not_picked":["Acrobatics+1","Crippling Poison+1","Dagger Spray"],"picked":"SKIP","floor":28},{"not_picked":["Blur+1","Deflect+1"],"picked":"Flechettes","floor":29},{"not_picked":["Dodge and Roll","Eviscerate","Underhanded Strike+1"],"picked":"SKIP","floor":30},{"not_picked":["Crippling Poison","Slice"],"picked":"Infinite Blades","floor":32},{"not_picked":["Crippling Poison+1","Backflip+1"],"picked":"Cloak And Dagger","floor":35},{"not_picked":["PiercingWail","Dagger Spray"],"picked":"Blade Dance","floor":39},{"not_picked":["Poisoned Stab+1","PiercingWail+1","Skewer+1"],"picked":"SKIP","floor":41},{"not_picked":["Backflip+1","Dagger Spray+1","Bullet Time"],"picked":"SKIP","floor":44},{"not_picked":["Flechettes+1","Sucker Punch"],"picked":"Cloak And Dagger+1","floor":45},{"not_picked":["Outmaneuver+1","Riddle With Holes+1","Sucker Punch"],"picked":"SKIP","floor":48}],"player_experience":519748,"relics_obtained":[{"floor":8,"key":"Matryoshka"},{"floor":9,"key":"Dream Catcher"},{"floor":9,"key":"Bronze Scales"},{"floor":12,"key":"Bird Faced Urn"},{"floor":26,"key":"Oddly Smooth Stone"},{"floor":26,"key":"Snake Skull"},{"floor":30,"key":"Juzu Bracelet"},{"floor":31,"key":"Strawberry"},{"floor":36,"key":"Centennial Puzzle"},{"floor":41,"key":"Frozen Egg 2"},{"floor":43,"key":"Blood Vial"}],"event_choices":[{"damage_healed":0,"gold_gain":0,"player_choice":"Success","damage_taken":18,"relics_obtained":["Meat on the Bone"],"max_hp_gain":0,"max_hp_loss":0,"event_name":"Scrap Ooze","floor":2,"gold_loss":0},{"damage_healed":0,"gold_gain":0,"player_choice":"Forge","damage_taken":0,"max_hp_gain":0,"max_hp_loss":0,"event_name":"Accursed Blacksmith","floor":3,"gold_loss":0,"cards_upgraded":["Survivor"]},{"damage_healed":0,"gold_gain":99,"player_choice":"Stole From Cult","damage_taken":0,"max_hp_gain":0,"max_hp_loss":0,"event_name":"Nest","floor":19,"gold_loss":0},{"cards_removed":["Strike_G"],"damage_healed":0,"gold_gain":0,"player_choice":"Gave Gold","damage_taken":0,"max_hp_gain":0,"max_hp_loss":0,"event_name":"Beggar","floor":20,"gold_loss":75},{"damage_healed":0,"gold_gain":0,"player_choice":"Ignored","damage_taken":0,"max_hp_gain":0,"max_hp_loss":0,"event_name":"Cursed Tome","floor":21,"gold_loss":0},{"damage_healed":0,"gold_gain":0,"player_choice":"Relic","damage_taken":0,"max_hp_gain":0,"max_hp_loss":0,"event_name":"Wheel of Change","floor":36,"gold_loss":0},{"damage_healed":0,"gold_gain":0,"player_choice":"Paid","damage_taken":0,"relics_obtained":["Red Mask"],"max_hp_gain":0,"max_hp_loss":0,"event_name":"Tomb of Lord Red Mask","floor":38,"gold_loss":55},{"cards_removed":["Die Die Die"],"damage_healed":0,"gold_gain":0,"player_choice":"Removed Attack","damage_taken":0,"max_hp_gain":0,"max_hp_loss":0,"event_name":"Falling","floor":42,"gold_loss":0}],"is_beta":false,"boss_relics":[{"not_picked":["Busted Crown","Tiny House"],"picked":"Sozu"},{"not_picked":["Philosopher\u0027s Stone","White Beast Statue"],"picked":"Astrolabe"}],"items_purged_floors":[14,22,37],"is_endless":false,"potions_floor_spawned":[8,11,12,13,16,28,29,41,44,48],"killed_by":"Time Eater","ascension_level":4}