{"gold_per_floor":[117,130,141,155,166,166,196,196,196,196,211,222,147,164,164,263,313,325,325,340,340,340,340,340,340,340,340,350,350,364,364,364,460,460,475,490,10,25,35,35,55,73,73,85],"floor_reached":44,"playtime":3174,"items_purged":["Strike_R"],"score":499,"play_id":"86551fb9-a8af-439b-97af-f7adbe0d2f67","local_time":"20181122005402","is_ascension_mode":true,"campfire_choices":[{"data":"Clash","floor":6,"key":"SMITH"},{"data":"Body Slam","floor":8,"key":"SMITH"},{"data":"Headbutt","floor":10,"key":"SMITH"},{"data":"True Grit","floor":15,"key":"SMITH"},{"data":"Barricade","floor":23,"key":"SMITH"},{"floor":25,"key":"REST"},{"data":"Demon Form","floor":27,"key":"SMITH"},{"data":"Clash","floor":29,"key":"SMITH"},{"floor":32,"key":"REST"},{"floor":40,"key":"REST"}],"neow_cost":"NONE","seed_source_timestamp":1399543221788532,"circlet_count":0,"master_deck":["Strike_R+1","Strike_R+1","Strike_R+1","Strike_R+1","Defend_R+1","Defend_R+1","Defend_R+1","Defend_R+1","Bash+1","Body Slam+1","Headbutt+1","Clash+1","Twin Strike+1","Dual Wield+1","Inflame","True Grit+1","Disarm","Barricade+1","Clash+1","Ghostly Armor+1","Demon Form+1","RitualDagger","Limit Break","Shrug It Off","True Grit+1","Clash","Shrug It Off+1","Parasite","Iron Wave","Bludgeon","Parasite"],"relics":["Burning Blood","Meat on the Bone","Bronze Scales","Tiny House","Question Card","Fusion Hammer","War Paint","Gremlin Horn","MawBank"],"potions_floor_usage":[7,11,28,30,33,35,42,44],"damage_taken":[{"damage":1,"enemies":"Cultist","floor":1,"turns":3},{"damage":11,"enemies":"Small Slimes","floor":2,"turns":5},{"damage":6,"enemies":"2 Louse","floor":3,"turns":3},{"damage":13,"enemies":"Large Slime","floor":4,"turns":3},{"damage":1,"enemies":"2 Fungi Beasts","floor":5,"turns":3},{"damage":4,"enemies":"Gremlin Nob","floor":7,"turns":3},{"damage":5,"enemies":"Gremlin Gang","floor":11,"turns":4},{"damage":6,"enemies":"Exordium Thugs","floor":12,"turns":4},{"damage":1,"enemies":"Looter","floor":14,"turns":2},{"damage":35,"enemies":"Hexaghost","floor":16,"turns":9},{"damage":5,"enemies":"3 Byrds","floor":18,"turns":4},{"damage":22,"enemies":"Chosen","floor":20,"turns":6},{"damage":27,"enemies":"Colosseum Slavers","floor":21,"turns":6},{"damage":24,"enemies":"Snecko","floor":28,"turns":5},{"damage":37,"enemies":"3 Cultists","floor":30,"turns":6},{"damage":28,"enemies":"Champ","floor":33,"turns":8},{"damage":24,"enemies":"3 Darklings","floor":35,"turns":5},{"damage":3,"enemies":"3 Shapes","floor":36,"turns":7},{"damage":19,"enemies":"Spire Growth","floor":38,"turns":5},{"damage":19,"enemies":"Writhing Mass","floor":39,"turns":5},{"damage":26,"enemies":"Maw","floor":41,"turns":7},{"damage":27,"enemies":"Transient","floor":42,"turns":5},{"damage":74,"enemies":"Writhing Mass","floor":44,"turns":6}],"seed_played":"5313254504207577402","potions_obtained":[{"floor":1,"key":"Block Potion"},{"floor":2,"key":"SteroidPotion"},{"floor":5,"key":"Fire Potion"},{"floor":17,"key":"Dexterity Potion"},{"floor":20,"key":"Ancient Potion"},{"floor":28,"key":"Block Potion"},{"floor":35,"key":"Explosive Potion"},{"floor":42,"key":"SpeedPotion"}],"is_trial":false,"path_per_floor":["M","M","M","M","M","R","E","R","T","R","M","M","$","M","R","B",null,"M","?","M","?","?","R","?","R","T","R","M","R","M","?","R","B",null,"M","M","$","M","M","R","M","M","T","M"],"character_chosen":"IRONCLAD","items_purchased":["True Grit","War Paint","Gremlin Horn","Clash"],"campfire_rested":3,"item_purchase_floors":[37,37,37,37],"current_hp_per_floor":[88,83,83,76,81,81,83,83,83,83,84,84,84,88,88,59,93,93,93,77,56,56,56,50,77,77,77,59,59,40,40,67,57,93,75,78,78,65,64,91,71,62,62,0],"gold":85,"neow_bonus":"TEN_PERCENT_HP_BONUS","is_prod":false,"is_daily":false,"chose_seed":false,"campfire_upgraded":7,"win_rate":0,"timestamp":1542869642,"path_taken":["M","M","?","M","?","R","E","R","T","R","M","M","?","M","R","BOSS","M","?","M","?","?","R","?","R","T","R","M","R","M","?","R","BOSS","M","M","$","?","M","R","M","M","T","?"],"build_version":"2018-11-15","purchased_purges":1,"victory":false,"max_hp_per_floor":[88,88,88,88,88,88,88,88,88,88,88,88,88,88,88,88,93,93,93,93,93,93,93,93,93,93,93,93,93,93,93,93,93,93,93,93,93,93,93,93,93,93,93,93],"card_choices":[{"not_picked":["Havoc","Burning Pact"],"picked":"Body Slam","floor":1},{"not_picked":["Armaments","Pommel Strike"],"picked":"Headbutt","floor":2},{"not_picked":["Armaments","Power Through"],"picked":"Clash","floor":3},{"not_picked":["Pommel Strike","Combust"],"picked":"Twin Strike","floor":4},{"not_picked":["Sever Soul","Shockwave","Whirlwind"],"picked":"SKIP","floor":5},{"not_picked":["Pummel","Flex"],"picked":"Dual Wield","floor":7},{"not_picked":["Havoc","Thunderclap"],"picked":"Inflame","floor":11},{"not_picked":["Clothesline","Bludgeon"],"picked":"True Grit","floor":12},{"not_picked":["Pommel Strike","Cleave"],"picked":"Disarm","floor":14},{"not_picked":["Juggernaut","Brutality"],"picked":"Barricade","floor":16},{"not_picked":["Warcry","Twin Strike"],"picked":"Clash","floor":17},{"not_picked":["Shockwave","Clash"],"picked":"Ghostly Armor+1","floor":18},{"not_picked":["Dropkick","Clothesline"],"picked":"Demon Form","floor":20},{"not_picked":["Corruption+1","Havoc","Cleave","Evolve"],"picked":"SKIP","floor":28},{"not_picked":["Sever Soul","Infernal Blade","Reckless Charge","Blood for Blood"],"picked":"SKIP","floor":30},{"not_picked":["Fiend Fire","Immolate","Brutality"],"picked":"Limit Break","floor":33},{"not_picked":["Pommel Strike","Sentinel+1","Shockwave","Warcry"],"picked":"SKIP","floor":35},{"not_picked":["Combust","Clash","Iron Wave"],"picked":"Shrug It Off","floor":36},{"not_picked":["Cleave+1","Perfected Strike","Entrench+1"],"picked":"Shrug It Off+1","floor":38},{"not_picked":["Burning Pact","Body Slam","True Grit"],"picked":"Iron Wave","floor":39},{"not_picked":["Blood for Blood","Burning Pact+1","Cleave+1"],"picked":"Bludgeon","floor":41},{"not_picked":["Anger+1","Reckless Charge","Havoc+1","Iron Wave"],"picked":"SKIP","floor":42}],"player_experience":613018,"relics_obtained":[{"floor":7,"key":"Meat on the Bone"},{"floor":9,"key":"Bronze Scales"},{"floor":26,"key":"Question Card"},{"floor":43,"key":"MawBank"}],"event_choices":[{"damage_healed":0,"gold_gain":0,"player_choice":"Simplicity","damage_taken":0,"max_hp_gain":0,"max_hp_loss":0,"event_name":"Back to Basics","floor":19,"gold_loss":0,"cards_upgraded":["Strike_R","Strike_R","Strike_R","Strike_R","Defend_R","Defend_R","Defend_R","Defend_R"]},{"damage_healed":0,"gold_gain":0,"player_choice":"Fight","damage_taken":0,"max_hp_gain":0,"max_hp_loss":0,"event_name":"Colosseum","floor":21,"gold_loss":0},{"damage_healed":0,"gold_gain":0,"player_choice":"Fled From Nobs","damage_taken":0,"max_hp_gain":0,"max_hp_loss":0,"event_name":"Colosseum","floor":21,"gold_loss":0},{"damage_healed":0,"gold_gain":0,"player_choice":"Ignored","damage_taken":0,"max_hp_gain":0,"max_hp_loss":0,"event_name":"Vampires","floor":22,"gold_loss":0},{"damage_healed":0,"gold_gain":0,"player_choice":"Joined the Cult","damage_taken":6,"max_hp_gain":0,"max_hp_loss":0,"event_name":"Nest","floor":24,"gold_loss":0,"cards_obtained":["RitualDagger"]},{"damage_healed":0,"gold_gain":0,"player_choice":"Forge","damage_taken":0,"max_hp_gain":0,"max_hp_loss":0,"event_name":"Accursed Blacksmith","floor":31,"gold_loss":0,"cards_upgraded":["Bash"]}],"is_beta":false,"boss_relics":[{"not_picked":["Astrolabe","Black Star"],"picked":"Tiny House"},{"not_picked":["White Beast Statue","Calling Bell"],"picked":"Fusion Hammer"}],"items_purged_floors":[13],"is_endless":false,"potions_floor_spawned":[1,2,5,20,21,28,35,42],"killed_by":"Writhing Mass","ascension_level":4}