{"gold_per_floor":[117,117,31,56,70,104,34,209,232,250,268,333,333,350,350,350],"floor_reached":16,"playtime":1003,"items_purged":[],"score":160,"play_id":"bf2270c8-b28e-4d3d-855e-fb379d17e5e4","local_time":"20191003143321","is_ascension_mode":true,"campfire_choices":[{"data":"Bullet Time","floor":13,"key":"SMITH"},{"data":"Dash","floor":15,"key":"SMITH"}],"neow_cost":"NONE","seed_source_timestamp":1041628781599,"circlet_count":0,"master_deck":["Strike_G","Strike_G","Strike_G","Strike_G","Defend_G","Defend_G","Defend_G","Defend_G","Defend_G","Survivor","Neutralize","Bullet Time+1","Poisoned Stab","Backflip","Blur","Deadly Poison","Riddle With Holes","Dash+1","Doubt","Setup","Noxious Fumes","Escape Plan","Crippling Poison"],"relics":["Ring of the Snake","Bag of Marbles","Oddly Smooth Stone","Happy Flower","Tiny Chest"],"potions_floor_usage":[6,12,14],"damage_taken":[{"damage":0,"enemies":"2 Louse","floor":1,"turns":5},{"damage":0,"enemies":"Cultist","floor":5,"turns":4},{"damage":24,"enemies":"Lagavulin","floor":6,"turns":7},{"damage":0,"enemies":"Jaw Worm","floor":10,"turns":3},{"damage":0,"enemies":"Looter","floor":11,"turns":2},{"damage":5,"enemies":"3 Sentries","floor":12,"turns":8},{"damage":6,"enemies":"Exordium Thugs","floor":14,"turns":5},{"damage":60,"enemies":"Slime Boss","floor":16,"turns":6}],"seed_played":"8696741206248992276","potions_obtained":[{"floor":1,"key":"Weak Potion"},{"floor":10,"key":"Regen Potion"},{"floor":12,"key":"AttackPotion"}],"is_trial":false,"path_per_floor":["M","?","$","T","M","E","$","?","T","M","M","E","R","M","R","B"],"character_chosen":"THE_SILENT","items_purchased":["Backflip","Blur","Dash"],"campfire_rested":0,"item_purchase_floors":[3,3,7],"current_hp_per_floor":[63,63,63,63,63,39,39,39,39,39,39,49,49,43,43,0],"gold":350,"neow_bonus":"ONE_RANDOM_RARE_CARD","is_prod":false,"is_daily":false,"chose_seed":false,"campfire_upgraded":2,"win_rate":0,"timestamp":1570131201,"path_taken":["M","?","$","?","M","E","?","?","T","M","?","E","R","M","R","BOSS"],"build_version":"2019-07-17","purchased_purges":0,"victory":false,"max_hp_per_floor":[70,70,70,70,70,70,70,70,70,70,70,70,70,70,70,70],"card_choices":[{"not_picked":["Escape Plan","Bane"],"picked":"Poisoned Stab","floor":1},{"not_picked":["Escape Plan","Blur"],"picked":"Deadly Poison","floor":5},{"not_picked":["Reflex","Sucker Punch"],"picked":"Riddle With Holes","floor":6},{"not_picked":["Heel Hook","Deflect"],"picked":"Setup","floor":10},{"not_picked":["Acrobatics","Outmaneuver"],"picked":"Noxious Fumes","floor":11},{"not_picked":["Dodge and Roll","Dagger Throw"],"picked":"Escape Plan","floor":12},{"not_picked":["Deadly Poison","Quick Slash"],"picked":"Crippling Poison","floor":14}],"player_experience":778179,"relics_obtained":[{"floor":4,"key":"Bag of Marbles"},{"floor":6,"key":"Oddly Smooth Stone"},{"floor":9,"key":"Happy Flower"},{"floor":12,"key":"Tiny Chest"}],"event_choices":[{"cards_removed":["Strike_G"],"damage_healed":0,"gold_gain":0,"player_choice":"Offered Basic","damage_taken":0,"max_hp_gain":0,"max_hp_loss":0,"event_name":"Bonfire Elementals","floor":2,"gold_loss":0},{"damage_healed":0,"gold_gain":175,"player_choice":"AGREE","damage_taken":0,"max_hp_gain":0,"max_hp_loss":0,"event_name":"Liars Game","floor":8,"gold_loss":0,"cards_obtained":["Doubt"]}],"is_beta":false,"boss_relics":[],"items_purged_floors":[],"is_endless":false,"potions_floor_spawned":[1,10,12],"killed_by":"Slime Boss","ascension_level":9}