{"gold_per_floor":[116,133,150,150,165,165,177,102,102,102,102,11,11,29,29,106,106,118,118,137,137],"floor_reached":21,"playtime":1148,"items_purged":[],"score":333,"play_id":"5d5c1db0-d1e4-40e0-af3c-4f5631b5238c","local_time":"20190507091219","is_ascension_mode":true,"campfire_choices":[{"data":"Body Slam","floor":6,"key":"SMITH"},{"data":"Pommel Strike","floor":10,"key":"SMITH"},{"floor":15,"key":"REST"}],"neow_cost":"NONE","seed_source_timestamp":1373025984393581,"circlet_count":0,"master_deck":["AscendersBane","Strike_R+1","Strike_R","Defend_R+1","Defend_R","Defend_R","Defend_R","Bash","Cleave","Body Slam+1","Armaments+1","Pommel Strike+1","Spot Weakness","Madness","Reaper","Evolve","True Grit"],"relics":["Burning Blood","NeowsBlessing","Bottled Flame","Sozu"],"potions_floor_usage":[7,16,21],"damage_taken":[{"damage":0,"enemies":"Cultist","floor":1,"turns":1},{"damage":0,"enemies":"Small Slimes","floor":2,"turns":1},{"damage":0,"enemies":"Jaw Worm","floor":3,"turns":1},{"damage":14,"enemies":"2 Fungi Beasts","floor":5,"turns":4},{"damage":1,"enemies":"Looter","floor":7,"turns":3},{"damage":9,"enemies":"Red Slaver","floor":14,"turns":4},{"damage":62,"enemies":"Hexaghost","floor":16,"turns":10},{"damage":41,"enemies":"Chosen","floor":18,"turns":6},{"damage":30,"enemies":"Spheric Guardian","floor":20,"turns":5},{"damage":44,"enemies":"Cultist and Chosen","floor":21,"turns":5}],"seed_played":"-6826861122939175618","potions_obtained":[{"floor":5,"key":"FairyPotion"},{"floor":7,"key":"Fruit Juice"},{"floor":14,"key":"Dexterity Potion"},{"floor":16,"key":"PowerPotion"}],"is_trial":false,"path_per_floor":["M","M","M","?","M","R","M","?","T","R","?","$","?","M","R","B",null,"M","?","M","M"],"character_chosen":"IRONCLAD","items_purchased":["Madness"],"campfire_rested":1,"item_purchase_floors":[12],"current_hp_per_floor":[74,75,75,68,60,60,70,70,70,70,70,70,46,43,67,11,63,33,33,9,0],"gold":137,"neow_bonus":"THREE_ENEMY_KILL","is_prod":false,"is_daily":false,"chose_seed":false,"campfire_upgraded":2,"win_rate":0,"timestamp":1557238339,"path_taken":["M","M","M","?","M","R","M","?","T","R","?","$","?","M","R","BOSS","M","?","?","M"],"build_version":"2019-01-23","purchased_purges":0,"victory":false,"max_hp_per_floor":[75,75,75,75,75,75,80,80,80,80,80,80,80,80,80,80,80,80,80,80,80],"card_choices":[{"not_picked":["Sword Boomerang","Twin Strike"],"picked":"Cleave","floor":1},{"not_picked":["Sword Boomerang","Sentinel"],"picked":"Body Slam","floor":2},{"not_picked":["Power Through","Seeing Red"],"picked":"Armaments","floor":3},{"not_picked":["Flex","Twin Strike"],"picked":"Pommel Strike","floor":5},{"not_picked":["Searing Blow","Heavy Blade"],"picked":"Spot Weakness","floor":7},{"not_picked":["Body Slam","Blood for Blood","Warcry"],"picked":"SKIP","floor":14},{"not_picked":["Double Tap","Brutality"],"picked":"Reaper","floor":16},{"not_picked":["Heavy Blade","True Grit"],"picked":"Evolve","floor":18},{"not_picked":["Sever Soul","Warcry"],"picked":"True Grit","floor":20}],"player_experience":613899,"relics_obtained":[{"floor":9,"key":"Bottled Flame"}],"event_choices":[{"cards_removed":["Strike_R"],"damage_healed":0,"gold_gain":0,"player_choice":"Card Removal","damage_taken":7,"max_hp_gain":0,"max_hp_loss":0,"event_name":"Golden Wing","floor":4,"gold_loss":0},{"cards_removed":["Strike_R"],"damage_healed":0,"gold_gain":0,"player_choice":"Card Removal","damage_taken":0,"max_hp_gain":0,"max_hp_loss":0,"event_name":"The Cleric","floor":8,"gold_loss":75},{"damage_healed":0,"gold_gain":0,"player_choice":"Grow","damage_taken":0,"max_hp_gain":0,"max_hp_loss":0,"event_name":"Living Wall","floor":11,"gold_loss":0,"cards_upgraded":["Armaments"]},{"damage_healed":0,"gold_gain":0,"player_choice":"Entered Light","damage_taken":24,"max_hp_gain":0,"max_hp_loss":0,"event_name":"Shining Light","floor":13,"gold_loss":0,"cards_upgraded":["Strike_R","Defend_R"]},{"cards_removed":["Strike_R"],"damage_healed":0,"gold_gain":0,"player_choice":"Offered Basic","damage_taken":0,"max_hp_gain":0,"max_hp_loss":0,"event_name":"Bonfire Elementals","floor":19,"gold_loss":0}],"is_beta":false,"boss_relics":[{"not_picked":["Cursed Key","Eternal Feather"],"picked":"Sozu"}],"items_purged_floors":[],"is_endless":false,"potions_floor_spawned":[5,7,14,16,18,20],"killed_by":"Cultist and Chosen","ascension_level":19}