{"gold_per_floor":[110,120,139,289,308,308,320,320,320,320,339,6,41,41,41,41],"floor_reached":16,"playtime":632,"items_purged":["Doubt"],"score":199,"play_id":"4cb1c90f-f916-4609-962e-c024e80732a7","local_time":"20190505234547","is_ascension_mode":true,"campfire_choices":[{"data":"Pommel Strike","floor":6,"key":"SMITH"},{"data":"Bash","floor":8,"key":"SMITH"},{"data":"Whirlwind","floor":10,"key":"SMITH"},{"floor":15,"key":"REST"}],"neow_cost":"NONE","seed_source_timestamp":1253151254683395,"circlet_count":0,"master_deck":["AscendersBane","Strike_R","Strike_R","Strike_R","Strike_R","Strike_R","Defend_R","Defend_R","Defend_R","Defend_R","Bash+1","Pommel Strike+1","Whirlwind+1","Burning Pact","Infernal Blade","Perfected Strike","Warcry","Inflame","Juggernaut"],"relics":["Burning Blood","NeowsBlessing","Sundial","Bronze Scales","Potion Belt"],"potions_floor_usage":[13,16,16],"damage_taken":[{"damage":0,"enemies":"2 Louse","floor":1,"turns":1},{"damage":0,"enemies":"Small Slimes","floor":2,"turns":1},{"damage":0,"enemies":"Cultist","floor":3,"turns":1},{"damage":30,"enemies":"Red Slaver","floor":5,"turns":4},{"damage":12,"enemies":"Gremlin Gang","floor":7,"turns":5},{"damage":6,"enemies":"2 Fungi Beasts","floor":11,"turns":3},{"damage":35,"enemies":"Lagavulin","floor":13,"turns":5},{"damage":54,"enemies":"Hexaghost","floor":16,"turns":7}],"seed_played":"708502580623763251","potions_obtained":[{"floor":3,"key":"Poison Potion"},{"floor":5,"key":"Regen Potion"},{"floor":13,"key":"SkillPotion"}],"is_trial":false,"path_per_floor":["M","M","M","?","M","R","M","R","T","R","M","$","E","$","R","B"],"character_chosen":"IRONCLAD","items_purchased":["Bronze Scales","Inflame"],"campfire_rested":1,"item_purchase_floors":[12,12],"current_hp_per_floor":[74,75,75,75,51,51,45,45,45,45,45,45,28,28,50,0],"gold":41,"neow_bonus":"THREE_ENEMY_KILL","is_prod":false,"is_daily":false,"chose_seed":false,"campfire_upgraded":3,"win_rate":0,"timestamp":1557117947,"path_taken":["M","M","M","?","M","R","M","R","T","R","M","$","E","$","R","BOSS"],"build_version":"2019-01-23","purchased_purges":1,"victory":false,"max_hp_per_floor":[75,75,75,75,75,75,75,75,75,75,75,75,75,75,75,75],"card_choices":[{"not_picked":["Sword Boomerang","Sever Soul"],"picked":"Pommel Strike","floor":1},{"not_picked":["Havoc","Entrench"],"picked":"Whirlwind","floor":2},{"not_picked":["Second Wind","Iron Wave"],"picked":"Burning Pact","floor":3},{"not_picked":["Heavy Blade","Pummel"],"picked":"Infernal Blade","floor":5},{"not_picked":["Sever Soul","Body Slam"],"picked":"Perfected Strike","floor":7},{"not_picked":["Second Wind","Bloodletting"],"picked":"Warcry","floor":11},{"not_picked":["Headbutt","Evolve"],"picked":"Juggernaut","floor":13}],"player_experience":606279,"relics_obtained":[{"floor":9,"key":"Sundial"},{"floor":13,"key":"Potion Belt"}],"event_choices":[{"damage_healed":0,"gold_gain":150,"player_choice":"AGREE","damage_taken":0,"max_hp_gain":0,"max_hp_loss":0,"event_name":"Liars Game","floor":4,"gold_loss":0,"cards_obtained":["Doubt"]}],"is_beta":false,"boss_relics":[],"items_purged_floors":[12],"is_endless":false,"potions_floor_spawned":[3,5,11,13],"killed_by":"Hexaghost","ascension_level":19}