{"gold_per_floor":[111,130,142,142,142,142,142,142,168,196,23,23,35,49,49,120,120,135,135,150,150,163,163,195,195,220,145,145,145,145,60,60,139,139,155,165,178,231,331,331,364,364,417,417,449,49,49,81,93,105],"floor_reached":51,"playtime":5182,"items_purged":["Strike_R"],"score":1436,"play_id":"a44cf59f-ceba-4b1e-8f27-47da1db54161","local_time":"20191018160004","is_ascension_mode":true,"campfire_choices":[{"data":"Iron Wave","floor":6.0,"key":"SMITH"},{"data":"Bash","floor":8.0,"key":"SMITH"},{"data":"Limit Break","floor":12.0,"key":"SMITH"},{"data":"Clothesline","floor":15.0,"key":"SMITH"},{"floor":23.0,"key":"REST"},{"data":"Whirlwind","floor":25.0,"key":"SMITH"},{"floor":32.0,"key":"REST"},{"data":"Entrench","floor":40.0,"key":"SMITH"},{"data":"Metallicize","floor":42.0,"key":"SMITH"},{"data":"Shrug It Off","floor":47.0,"key":"SMITH"},{"data":"Burning Pact","floor":49.0,"key":"SMITH"}],"neow_cost":"NONE","seed_source_timestamp":130824293545500,"circlet_count":0,"master_deck":["AscendersBane","Strike_R","Defend_R","Defend_R+1","Defend_R+1","Defend_R","Bash+1","Iron Wave+1","Limit Break+1","Clothesline+1","Pommel Strike","Reaper","Thunderclap","Necronomicurse","Whirlwind+1","J.A.X.","Metallicize+1","Barricade","Shrug It Off+1","Entrench+1","Spot Weakness","Shockwave","Ghostly Armor","Burning Pact+1"],"special_seed":0,"relics":["Black Blood","Juzu Bracelet","Potion Belt","Happy Flower","PreservedInsect","Vajra","Necronomicon","Paper Frog","War Paint","Dream Catcher","Philosopher\u0027s Stone","Incense Burner","Shovel","Bottled Lightning","Strawberry","Lantern","Ice Cream","MawBank"],"potions_floor_usage":[50,50,50],"damage_taken":[{"damage":1.0,"enemies":"Small Slimes","floor":1.0,"turns":4.0},{"damage":6.0,"enemies":"Jaw Worm","floor":2.0,"turns":5.0},{"damage":0.0,"enemies":"2 Louse","floor":3.0,"turns":2.0},{"damage":23.0,"enemies":"Lagavulin","floor":10.0,"turns":6.0},{"damage":14.0,"enemies":"Large Slime","floor":13.0,"turns":8.0},{"damage":16.0,"enemies":"2 Fungi Beasts","floor":14.0,"turns":5.0},{"damage":27.0,"enemies":"Hexaghost","floor":16.0,"turns":11.0},{"damage":2.0,"enemies":"Chosen","floor":18.0,"turns":5.0},{"damage":37.0,"enemies":"Shell Parasite","floor":20.0,"turns":8.0},{"damage":29.0,"enemies":"Cultist and Chosen","floor":22.0,"turns":6.0},{"damage":39.0,"enemies":"Gremlin Leader","floor":24.0,"turns":5.0},{"damage":40.0,"enemies":"Champ","floor":33.0,"turns":6.0},{"damage":43.0,"enemies":"3 Shapes","floor":35.0,"turns":18.0},{"damage":8.0,"enemies":"Orb Walker","floor":36.0,"turns":4.0},{"damage":56.0,"enemies":"Maw","floor":37.0,"turns":7.0},{"damage":3.0,"enemies":"2 Orb Walkers","floor":38.0,"turns":1.0},{"damage":3.0,"enemies":"Mind Bloom Boss Battle","floor":39.0,"turns":14.0},{"damage":18.0,"enemies":"Nemesis","floor":41.0,"turns":3.0},{"damage":69.0,"enemies":"Reptomancer","floor":45.0,"turns":7.0},{"damage":43.0,"enemies":"Nemesis","floor":48.0,"turns":9.0},{"damage":9,"enemies":"Awakened One","floor":50,"turns":97}],"seed_played":"-4249495744149427485","potions_obtained":[{"floor":1.0,"key":"Poison Potion"},{"floor":2.0,"key":"AttackPotion"},{"floor":16.0,"key":"Explosive Potion"},{"floor":20.0,"key":"SneckoOil"},{"floor":30.0,"key":"Ancient Potion"},{"floor":30.0,"key":"GamblersBrew"},{"floor":36.0,"key":"Swift Potion"},{"floor":38.0,"key":"EssenceOfSteel"},{"floor":39.0,"key":"PowerPotion"},{"floor":45.0,"key":"SpeedPotion"}],"is_trial":false,"path_per_floor":["M","M","M","?","?","R","?","R","T","E","$","R","M","M","R","B",null,"M","?","M","?","M","R","E","R","T","?","?","?","?","?","R","B",null,"M","M","M","?","?","R","E","R","T","?","E","$","R","E","R","B",null],"character_chosen":"IRONCLAD","items_purchased":["Vajra","Ice Cream"],"campfire_rested":2,"item_purchase_floors":[11,46],"current_hp_per_floor":[73,73,75,68,68,68,68,68,68,51,51,51,43,33,33,12,59,67,67,40,19,22,44,41,41,41,41,20,20,20,20,44,56,74,80,80,60,67,80,80,72,72,79,79,87,87,87,87,87,87],"gold":117,"neow_bonus":"RANDOM_COMMON_RELIC","is_prod":false,"is_daily":false,"chose_seed":false,"campfire_upgraded":9,"win_rate":0,"timestamp":1571428804,"path_taken":["M","M","M","?","?","R","?","R","T","E","$","R","M","M","R","BOSS","M","?","M","?","M","R","E","R","T","?","?","?","?","?","R","BOSS","BOSS","M","M","M","?","?","R","E","R","T","?","E","?","R","E","R","BOSS"],"build_version":"2019-07-17","purchased_purges":1,"victory":true,"max_hp_per_floor":[75,75,75,75,75,75,75,75,75,75,75,75,75,75,75,75,75,75,75,75,75,75,75,75,75,75,75,80,80,80,80,80,80,80,80,80,80,80,80,80,80,80,87,87,87,87,87,87,87,87],"card_choices":[{"not_picked":["Seeing Red","Carnage"],"picked":"Iron Wave","floor":1.0},{"not_picked":["Flex","Blood for Blood","Anger"],"picked":"SKIP","floor":2.0},{"not_picked":["Clash","Warcry","Flex"],"picked":"SKIP","floor":3.0},{"not_picked":["Body Slam","True Grit"],"picked":"Limit Break","floor":10.0},{"not_picked":["Perfected Strike","Ghostly Armor"],"picked":"Clothesline","floor":13.0},{"not_picked":["Thunderclap","Sever Soul"],"picked":"Pommel Strike","floor":14.0},{"not_picked":["Bludgeon","Offering"],"picked":"Reaper","floor":16.0},{"not_picked":["Body Slam","Cleave"],"picked":"Thunderclap","floor":18.0},{"not_picked":["Anger","Wild Strike","Clash"],"picked":"SKIP","floor":20.0},{"not_picked":["Flex","Armaments"],"picked":"Whirlwind","floor":22.0},{"not_picked":["Cleave","Dark Embrace","Clothesline+1"],"picked":"SKIP","floor":24.0},{"not_picked":["Clash","Cleave"],"picked":"Metallicize","floor":32.0},{"not_picked":["Exhume","Double Tap"],"picked":"Barricade","floor":33.0},{"not_picked":["True Grit","Uppercut"],"picked":"Shrug It Off","floor":35.0},{"not_picked":["Wild Strike+1","Rampage"],"picked":"Entrench","floor":36.0},{"not_picked":["Berserk","Infernal Blade"],"picked":"Spot Weakness","floor":37.0},{"not_picked":["Pommel Strike","Wild Strike"],"picked":"Shockwave","floor":41.0},{"not_picked":["Sword Boomerang+1","Heavy Blade"],"picked":"Ghostly Armor","floor":45.0},{"not_picked":["Body Slam+1","Corruption"],"picked":"Burning Pact","floor":48.0}],"player_experience":841540,"relics_obtained":[{"floor":9.0,"key":"Happy Flower"},{"floor":10.0,"key":"PreservedInsect"},{"floor":21.0,"key":"Necronomicon"},{"floor":24.0,"key":"Paper Frog"},{"floor":26.0,"key":"War Paint"},{"floor":38.0,"key":"Incense Burner"},{"floor":39.0,"key":"Shovel"},{"floor":41.0,"key":"Bottled Lightning"},{"floor":43.0,"key":"Strawberry"},{"floor":45.0,"key":"Lantern"},{"floor":48.0,"key":"MawBank"}],"event_choices":[{"cards_removed":["Strike_R"],"damage_healed":0.0,"max_hp_gain":0.0,"max_hp_loss":0.0,"gold_gain":0.0,"event_name":"Golden Wing","player_choice":"Card Removal","floor":4.0,"gold_loss":0.0,"damage_taken":7.0},{"damage_healed":0.0,"max_hp_gain":0.0,"max_hp_loss":0.0,"gold_gain":0.0,"event_name":"Big Fish","player_choice":"Box","floor":5.0,"gold_loss":0.0,"damage_taken":0.0,"relics_obtained":["Potion Belt"],"cards_obtained":["Regret"]},{"cards_removed":["Regret"],"damage_healed":0.0,"max_hp_gain":0.0,"max_hp_loss":0.0,"gold_gain":0.0,"event_name":"Living Wall","player_choice":"Forget","floor":7.0,"gold_loss":0.0,"damage_taken":0.0},{"damage_healed":0.0,"max_hp_gain":0.0,"max_hp_loss":0.0,"gold_gain":0.0,"event_name":"Ghosts","player_choice":"Ignored","floor":19.0,"gold_loss":0.0,"damage_taken":0.0},{"damage_healed":0.0,"max_hp_gain":0.0,"max_hp_loss":0.0,"gold_gain":0.0,"event_name":"Cursed Tome","player_choice":"Obtained Book","floor":21.0,"gold_loss":0.0,"damage_taken":21.0},{"cards_removed":["Strike_R"],"damage_healed":0.0,"max_hp_gain":0.0,"max_hp_loss":0.0,"gold_gain":0.0,"event_name":"Beggar","player_choice":"Gave Gold","floor":27.0,"gold_loss":75.0,"damage_taken":0.0},{"damage_healed":0.0,"max_hp_gain":5.0,"max_hp_loss":0.0,"gold_gain":0.0,"event_name":"Forgotten Altar","player_choice":"Shed Blood","floor":28.0,"gold_loss":0.0,"damage_taken":26.0},{"damage_healed":0.0,"max_hp_gain":0.0,"max_hp_loss":0.0,"gold_gain":0.0,"event_name":"Drug Dealer","player_choice":"Obtain J.A.X.","floor":29.0,"gold_loss":0.0,"damage_taken":0.0,"cards_obtained":["J.A.X."]},{"damage_healed":0.0,"max_hp_gain":0.0,"max_hp_loss":0.0,"gold_gain":0.0,"event_name":"Lab","player_choice":"Got Potions","floor":30.0,"gold_loss":0.0,"damage_taken":0.0},{"damage_healed":0.0,"max_hp_gain":0.0,"max_hp_loss":0.0,"gold_gain":0.0,"event_name":"Addict","player_choice":"Obtained Relic","floor":31.0,"gold_loss":85.0,"damage_taken":0.0,"relics_obtained":["Dream Catcher"]},{"damage_healed":0.0,"max_hp_gain":0.0,"max_hp_loss":0.0,"gold_gain":0.0,"event_name":"Mysterious Sphere","player_choice":"Fight","floor":38.0,"gold_loss":0.0,"damage_taken":0.0},{"damage_healed":0.0,"max_hp_gain":0.0,"max_hp_loss":0.0,"gold_gain":0.0,"event_name":"MindBloom","player_choice":"Fight","floor":39.0,"gold_loss":0.0,"damage_taken":0.0},{"cards_removed":["Strike_R"],"damage_healed":0.0,"max_hp_gain":0.0,"max_hp_loss":0.0,"gold_gain":0.0,"event_name":"Falling","player_choice":"Removed Attack","floor":44.0,"gold_loss":0.0,"damage_taken":0.0}],"is_beta":false,"boss_relics":[{"not_picked":["Orrery","Runic Cube"],"picked":"Black Blood"},{"not_picked":["Lizard Tail","Astrolabe"],"picked":"Philosopher\u0027s Stone"}],"items_purged_floors":[46],"is_endless":false,"potions_floor_spawned":[1,2,16,20,36,38,39,45],"ascension_level":17}