{"gold_per_floor":[116,131,131,150,164,164,193,211,256,256,272,272,93,104,104,203,203,128,128,128,128,128,128,140,140,140,160,177,195,213,230,230,333,333,349,349,3,13,13,42,60,60,60,60,78,97,114,130,130,130],"floor_reached":51,"playtime":3641,"items_purged":[],"score":971,"play_id":"77fd3d3c-ca0f-4d4f-a578-3fa5c0879484","local_time":"20190423003805","is_ascension_mode":true,"campfire_choices":[{"data":"Neutralize","floor":6.0,"key":"SMITH"},{"floor":15,"key":"REST"},{"data":"Footwork","floor":23,"key":"SMITH"},{"data":"Caltrops","floor":25,"key":"SMITH"},{"data":"Deadly Poison","floor":32,"key":"SMITH"},{"floor":42,"key":"REST"},{"floor":44,"key":"REST"},{"floor":49,"key":"REST"}],"neow_cost":"NONE","seed_source_timestamp":129984608847680,"circlet_count":0,"master_deck":["Defend_G+1","Defend_G+1","Defend_G+1","Defend_G+1","Strike_G+1","Strike_G+1","Strike_G+1","Strike_G+1","Strike_G+1","Survivor","Neutralize+1","Dodge and Roll","Footwork","Footwork","Caltrops+1","Blur","After Image","Footwork+1","Backflip","Backflip","Adrenaline","Deadly Poison+1","Backflip","Corpse Explosion","Noxious Fumes","Trip","Deadly Poison+1","Backflip","Caltrops+1","PiercingWail","Dodge and Roll","Deadly Poison"],"special_seed":0,"relics":["Lizard Tail","Orichalcum","Ancient Tea Set","Regal Pillow","Velvet Choker","Darkstone Periapt","Pantograph","Pear","Bronze Scales","Bird Faced Urn"],"potions_floor_usage":[16,33,33,35,40,41,48],"damage_taken":[{"damage":4.0,"enemies":"Jaw Worm","floor":1.0,"turns":5.0},{"damage":10.0,"enemies":"Cultist","floor":2.0,"turns":5.0},{"damage":3.0,"enemies":"2 Louse","floor":4.0,"turns":4.0},{"damage":13.0,"enemies":"Red Slaver","floor":5.0,"turns":6.0},{"damage":57.0,"enemies":"Gremlin Nob","floor":7.0,"turns":7.0},{"damage":12.0,"enemies":"Large Slime","floor":8.0,"turns":9.0},{"damage":0,"enemies":"Looter","floor":11,"turns":5},{"damage":15,"enemies":"3 Louse","floor":14,"turns":7},{"damage":12,"enemies":"The Guardian","floor":16,"turns":20},{"damage":8,"enemies":"2 Thieves","floor":18,"turns":5},{"damage":1,"enemies":"Chosen","floor":24,"turns":8},{"damage":0,"enemies":"Shelled Parasite and Fungi","floor":27,"turns":9},{"damage":2,"enemies":"Snecko","floor":28,"turns":8},{"damage":1,"enemies":"Snake Plant","floor":29,"turns":6},{"damage":2,"enemies":"Centurion and Healer","floor":30,"turns":11},{"damage":10,"enemies":"Snecko","floor":31,"turns":8},{"damage":1,"enemies":"Automaton","floor":33,"turns":17},{"damage":7,"enemies":"3 Shapes","floor":35,"turns":5},{"damage":13,"enemies":"3 Darklings","floor":38,"turns":5},{"damage":45,"enemies":"Giant Head","floor":40,"turns":12},{"damage":14,"enemies":"Sphere and 2 Shapes","floor":41,"turns":7},{"damage":16,"enemies":"Jaw Worm Horde","floor":45,"turns":4},{"damage":25,"enemies":"3 Darklings","floor":46,"turns":5},{"damage":60,"enemies":"Transient","floor":47,"turns":5},{"damage":7,"enemies":"Writhing Mass","floor":48,"turns":6},{"damage":69,"enemies":"Awakened One","floor":50,"turns":20}],"seed_played":"-867059437794286279","potions_obtained":[{"floor":4.0,"key":"SkillPotion"},{"floor":5.0,"key":"EssenceOfSteel"},{"floor":11,"key":"SteroidPotion"},{"floor":16,"key":"Dexterity Potion"},{"floor":28,"key":"FairyPotion"},{"floor":29,"key":"Strength Potion"},{"floor":33,"key":"Weak Potion"},{"floor":36,"key":"Energy Potion"},{"floor":36,"key":"GamblersBrew"},{"floor":45,"key":"SkillPotion"}],"is_trial":false,"path_per_floor":["M","M","?","M","M","R","E","M","T","?","M","?","$","M","R","B",null,"M","?","?","?","?","R","M","R","T","M","M","M","M","M","R","B",null,"M","?","$","M","?","E","M","R","T","R","M","M","M","M","R","B",null],"character_chosen":"THE_SILENT","items_purchased":["Caltrops","Regal Pillow","Pear","Trip"],"campfire_rested":4,"item_purchase_floors":[13,13,37,37],"current_hp_per_floor":[59,49,49,46,33,33,35,23,23,23,23,23,23,8,44,32,61,53,53,59,59,59,59,58,58,58,58,56,55,53,43,43,67,74,67,67,77,64,64,19,5,45,45,85,72,57,5,10,50,20],"gold":130,"neow_bonus":"BOSS_RELIC","is_prod":false,"is_daily":false,"chose_seed":false,"campfire_upgraded":4,"win_rate":0,"timestamp":1555997885,"path_taken":["M","M","?","M","?","R","E","M","T","?","M","?","$","M","R","BOSS","M","?","?","?","?","R","M","R","T","M","M","?","M","M","R","BOSS","M","?","$","?","?","E","M","R","T","R","M","?","M","M","R","BOSS"],"build_version":"2019-01-23","purchased_purges":0,"victory":true,"max_hp_per_floor":[70,70,70,70,70,70,70,70,70,70,70,70,70,70,70,70,70,70,70,76,76,76,76,76,76,76,76,76,76,76,76,76,76,76,76,76,86,86,86,86,86,86,86,86,86,86,86,86,86,86],"card_choices":[{"not_picked":["Bane","Expertise","Distraction"],"picked":"SKIP","floor":1.0},{"not_picked":["Bane","Deflect","Acrobatics"],"picked":"SKIP","floor":2.0},{"not_picked":["Blade Dance","Setup","Outmaneuver"],"picked":"SKIP","floor":4.0},{"not_picked":["PiercingWail","Skewer"],"picked":"Dodge and Roll","floor":5.0},{"not_picked":["Sucker Punch","Dodge and Roll"],"picked":"Footwork","floor":7.0},{"not_picked":["Underhanded Strike","Heel Hook"],"picked":"Footwork","floor":8},{"not_picked":["Expertise","Dagger Spray"],"picked":"PiercingWail","floor":11},{"not_picked":["Endless Agony","Eviscerate"],"picked":"Blur","floor":14},{"not_picked":["Die Die Die","Bullet Time"],"picked":"After Image","floor":16},{"not_picked":["Underhanded Strike","Outmaneuver","Bane+1"],"picked":"SKIP","floor":18},{"not_picked":["Dagger Spray","Accuracy"],"picked":"Backflip","floor":24},{"not_picked":["Slice","Poisoned Stab","Terror"],"picked":"SKIP","floor":27},{"not_picked":["Prepared","Poisoned Stab"],"picked":"Backflip","floor":28},{"not_picked":["Prepared","Flechettes"],"picked":"Adrenaline","floor":29},{"not_picked":["Dodge and Roll+1","Blade Dance"],"picked":"Deadly Poison","floor":30},{"not_picked":["Predator","Calculated Gamble+1"],"picked":"Backflip","floor":31},{"not_picked":["Grand Finale","Wraith Form v2"],"picked":"Corpse Explosion","floor":33},{"not_picked":["Bane+1","PiercingWail"],"picked":"Noxious Fumes","floor":35},{"not_picked":["Predator","Expertise+1","Dagger Spray+1"],"picked":"SKIP","floor":38},{"not_picked":["Leg Sweep","PiercingWail"],"picked":"Backflip","floor":40},{"not_picked":["Blur","Blade Dance+1"],"picked":"Caltrops+1","floor":41},{"not_picked":["Eviscerate","Quick Slash+1"],"picked":"PiercingWail","floor":45},{"not_picked":["Sucker Punch+1","PiercingWail+1"],"picked":"Dodge and Roll","floor":46},{"not_picked":["Eviscerate+1","Backflip"],"picked":"Deadly Poison","floor":47},{"not_picked":["Eviscerate","Slice","Masterful Stab"],"picked":"SKIP","floor":48}],"player_experience":491285,"relics_obtained":[{"floor":7.0,"key":"Orichalcum"},{"floor":9,"key":"Ancient Tea Set"},{"floor":26,"key":"Pantograph"},{"floor":40,"key":"Bronze Scales"},{"floor":43,"key":"Bird Faced Urn"}],"event_choices":[{"cards_removed":["Defend_G"],"damage_healed":0.0,"max_hp_gain":0.0,"max_hp_loss":0.0,"gold_gain":0.0,"event_name":"Purifier","player_choice":"Purged","floor":3.0,"gold_loss":0.0,"damage_taken":0.0},{"damage_healed":0,"gold_gain":0,"player_choice":"Ignored","damage_taken":0,"max_hp_gain":0,"max_hp_loss":0,"event_name":"Golden Wing","floor":10,"gold_loss":0},{"cards_removed":["PiercingWail"],"damage_healed":0,"gold_gain":0,"player_choice":"Purged","damage_taken":0,"max_hp_gain":0,"max_hp_loss":0,"event_name":"Purifier","floor":12,"gold_loss":0},{"damage_healed":0,"gold_gain":0,"player_choice":"Simplicity","damage_taken":0,"max_hp_gain":0,"max_hp_loss":0,"event_name":"Back to Basics","floor":19,"gold_loss":0,"cards_upgraded":["Defend_G","Defend_G","Defend_G","Defend_G","Strike_G","Strike_G","Strike_G","Strike_G","Strike_G"]},{"damage_healed":0,"gold_gain":0,"player_choice":"Opened","damage_taken":0,"relics_obtained":["Darkstone Periapt"],"max_hp_gain":0,"max_hp_loss":0,"event_name":"The Mausoleum","floor":20,"gold_loss":0,"cards_obtained":["Writhe"]},{"damage_healed":0,"gold_gain":0,"player_choice":"Read","damage_taken":0,"max_hp_gain":0,"max_hp_loss":0,"event_name":"The Library","floor":21,"gold_loss":0,"cards_obtained":["Footwork"]},{"cards_removed":["Writhe"],"damage_healed":0,"gold_gain":0,"player_choice":"Purged","damage_taken":0,"max_hp_gain":0,"max_hp_loss":0,"event_name":"Purifier","floor":22,"gold_loss":0},{"damage_healed":0,"gold_gain":0,"player_choice":"Got Potions","damage_taken":0,"max_hp_gain":0,"max_hp_loss":0,"event_name":"Lab","floor":36,"gold_loss":0},{"damage_healed":0,"gold_gain":0,"player_choice":"Copied","damage_taken":0,"max_hp_gain":0,"max_hp_loss":0,"event_name":"Duplicator","floor":39,"gold_loss":0,"cards_obtained":["Deadly Poison"]}],"is_beta":false,"boss_relics":[{"not_picked":["Fusion Hammer","Runic Dome"],"picked":"Velvet Choker"},{"not_picked":["Snecko Eye","Calling Bell","Runic Pyramid"]}],"items_purged_floors":[],"is_endless":false,"potions_floor_spawned":[4,5,11,16,28,29,31,33,38,45],"ascension_level":9}