{"gold_per_floor":[113,126,201,201,216,242,242,274,299,309,309,329,342,357,357,432,432,450,450],"floor_reached":19,"playtime":1171,"items_purged":[],"score":299,"play_id":"b8ff6128-494a-4bf4-ae3d-9a4bbe2bfd5f","local_time":"20190506000549","is_ascension_mode":true,"campfire_choices":[{"floor":7.0,"key":"REST"},{"floor":11.0,"key":"REST"},{"floor":15,"key":"REST"}],"neow_cost":"NONE","seed_source_timestamp":1253798934797527,"circlet_count":0,"master_deck":["AscendersBane","Strike_B","Strike_B","Strike_B","Strike_B","Defend_B","Defend_B","Defend_B","Defend_B","Zap","Dualcast","All For One","Beam Cell","Coolheaded","Pain","Cold Snap","Gash","Defragment","Gash","Genetic Algorithm","Glacier","Conserve Battery","Reboot","Steam"],"special_seed":0,"relics":["Cracked Core","WarpedTongs","Potion Belt","Ancient Tea Set","Happy Flower","Runic Dome"],"potions_floor_usage":[16,16,19,19],"damage_taken":[{"damage":6.0,"enemies":"Cultist","floor":1.0,"turns":4.0},{"damage":12.0,"enemies":"2 Louse","floor":2.0,"turns":3.0},{"damage":11.0,"enemies":"Jaw Worm","floor":5.0,"turns":5.0},{"damage":42.0,"enemies":"3 Sentries","floor":6.0,"turns":9.0},{"damage":10.0,"enemies":"Gremlin Nob","floor":8.0,"turns":3.0},{"damage":8.0,"enemies":"Blue Slaver","floor":10.0,"turns":2.0},{"damage":9.0,"enemies":"Red Slaver","floor":12.0,"turns":3.0},{"damage":0.0,"enemies":"Looter","floor":13.0,"turns":2.0},{"damage":4.0,"enemies":"Exordium Wildlife","floor":14.0,"turns":3.0},{"damage":34,"enemies":"Slime Boss","floor":16,"turns":10},{"damage":8,"enemies":"Shell Parasite","floor":18,"turns":6},{"damage":58,"enemies":"Masked Bandits","floor":19,"turns":3}],"seed_played":"-8361782203348296205","potions_obtained":[{"floor":1.0,"key":"Regen Potion"},{"floor":5.0,"key":"Dexterity Potion"},{"floor":8.0,"key":"Ancient Potion"},{"floor":13.0,"key":"PowerPotion"},{"floor":14,"key":"SkillPotion"},{"floor":16,"key":"Dexterity Potion"}],"is_trial":false,"path_per_floor":["M","M","?","?","M","E","R","E","T","M","R","M","M","M","R","B",null,"M","?"],"character_chosen":"DEFECT","items_purchased":[],"campfire_rested":3,"item_purchase_floors":[],"current_hp_per_floor":[62,50,39,39,28,1,23,13,13,5,27,18,18,14,36,2,57,49,0],"gold":450,"neow_bonus":"ONE_RANDOM_RARE_CARD","is_prod":false,"is_daily":false,"chose_seed":false,"campfire_upgraded":0,"win_rate":0,"timestamp":1557119149,"path_taken":["M","M","?","?","M","E","R","E","T","M","R","?","M","M","R","BOSS","M","?"],"build_version":"2019-01-23","purchased_purges":0,"victory":false,"max_hp_per_floor":[75,75,75,75,75,75,75,75,75,75,75,75,75,75,75,75,75,75,75],"card_choices":[{"not_picked":["Double Energy","Stack"],"picked":"Beam Cell","floor":1.0},{"not_picked":["Redo","Heatsinks"],"picked":"Coolheaded","floor":2.0},{"not_picked":["Streamline","Scrape"],"picked":"Cold Snap","floor":5.0},{"not_picked":["Streamline","Conserve Battery"],"picked":"Gash","floor":6.0},{"not_picked":["Redo","Cold Snap"],"picked":"Defragment","floor":8.0},{"not_picked":["Streamline","Coolheaded"],"picked":"Gash","floor":10.0},{"not_picked":["Rainbow","Stack"],"picked":"Genetic Algorithm","floor":12.0},{"not_picked":["Coolheaded","Beam Cell"],"picked":"Glacier","floor":13.0},{"not_picked":["Heatsinks","Consume"],"picked":"Conserve Battery","floor":14},{"not_picked":["Fission","Biased Cognition"],"picked":"Reboot","floor":16},{"not_picked":["Static Discharge","Rebound"],"picked":"Steam","floor":18}],"player_experience":606911,"relics_obtained":[{"floor":6.0,"key":"Potion Belt"},{"floor":8.0,"key":"Ancient Tea Set"},{"floor":9.0,"key":"Happy Flower"}],"event_choices":[{"damage_healed":0.0,"max_hp_gain":0.0,"max_hp_loss":0.0,"gold_gain":75.0,"event_name":"World of Goop","player_choice":"Gather Gold","floor":3.0,"gold_loss":0.0,"damage_taken":11.0},{"damage_healed":0.0,"max_hp_gain":0.0,"max_hp_loss":0.0,"gold_gain":0.0,"event_name":"Accursed Blacksmith","player_choice":"Rummage","floor":4.0,"gold_loss":0.0,"damage_taken":0.0,"relics_obtained":["WarpedTongs"],"cards_obtained":["Pain"]},{"damage_healed":0,"gold_gain":0,"player_choice":"Fought Bandits","damage_taken":0,"max_hp_gain":0,"max_hp_loss":0,"event_name":"Masked Bandits","floor":19,"gold_loss":0}],"is_beta":false,"boss_relics":[{"not_picked":["Runic Pyramid","Coffee Dripper"],"picked":"Runic Dome"}],"items_purged_floors":[],"is_endless":false,"potions_floor_spawned":[1,5,8,13,14,16],"killed_by":"Masked Bandits","ascension_level":13}