{"gold_per_floor":[113,113,129,54,54,54,87,87,87,53,78,97,113,131,131,226,226,236,136,149,163,163,163,192,192,192,225,225,70,89,103,103,203,203,220,231,50,150,150,150,150,168,168,200,216,216,234,250,250,250],"floor_reached":51,"playtime":3568,"items_purged":["Regret","Strike_R"],"score":827,"play_id":"941dcdae-897c-4899-af72-fd560ff2a3a8","local_time":"20191008111757","is_ascension_mode":false,"campfire_choices":[{"data":"Bash","floor":6.0,"key":"SMITH"},{"data":"Ghostly Armor","floor":8.0,"key":"SMITH"},{"floor":15.0,"key":"REST"},{"data":"Warcry","floor":23.0,"key":"SMITH"},{"data":"Burning Pact","floor":25.0,"key":"SMITH"},{"data":"Pommel Strike","floor":32.0,"key":"SMITH"},{"data":"Demon Form","floor":40,"key":"SMITH"},{"data":"Flame Barrier","floor":46,"key":"SMITH"},{"data":"Pummel","floor":49,"key":"SMITH"}],"neow_cost":"PERCENT_DAMAGE","seed_source_timestamp":0,"circlet_count":0,"master_deck":["Strike_R","Strike_R","Defend_R","Defend_R","Defend_R","Defend_R","Bash+1","Dropkick","Ghostly Armor+1","Metallicize","Demon Form+1","Pummel+1","Burning Pact+1","Warcry+1","Fiend Fire","Corruption+1","Shockwave","Warcry","Warcry+1","Pommel Strike+1","Barricade","Pommel Strike+1","Dropkick","Flame Barrier+1","Battle Trance+1","Heavy Blade+1","Metallicize","Entrench+1"],"special_seed":0,"relics":["Burning Blood","Charon\u0027s Ashes","Bag of Marbles","HornCleat","White Beast Statue","Sundial","Coffee Dripper","Mummified Hand","Pear","Orichalcum","PreservedInsect","Empty Cage","Brimstone","WingedGreaves","Eternal Feather","Bottled Flame"],"potions_floor_usage":[45,50,50],"damage_taken":[{"damage":0.0,"enemies":"Small Slimes","floor":1.0,"turns":3.0},{"damage":3.0,"enemies":"2 Louse","floor":3.0,"turns":3.0},{"damage":25.0,"enemies":"3 Sentries","floor":7.0,"turns":7.0},{"damage":20.0,"enemies":"Lagavulin","floor":11.0,"turns":9.0},{"damage":0.0,"enemies":"Jaw Worm","floor":12.0,"turns":2.0},{"damage":9.0,"enemies":"2 Fungi Beasts","floor":13.0,"turns":3.0},{"damage":0.0,"enemies":"Large Slime","floor":14.0,"turns":4.0},{"damage":0.0,"enemies":"Slime Boss","floor":16.0,"turns":6.0},{"damage":10.0,"enemies":"2 Thieves","floor":18.0,"turns":2.0},{"damage":0.0,"enemies":"3 Byrds","floor":20.0,"turns":3.0},{"damage":2.0,"enemies":"Shelled Parasite and Fungi","floor":21.0,"turns":5.0},{"damage":16.0,"enemies":"Book of Stabbing","floor":24.0,"turns":4.0},{"damage":0.0,"enemies":"Gremlin Leader","floor":27.0,"turns":4.0},{"damage":6.0,"enemies":"Snake Plant","floor":30.0,"turns":4.0},{"damage":5.0,"enemies":"Cultist and Chosen","floor":31.0,"turns":3.0},{"damage":9.0,"enemies":"Champ","floor":33.0,"turns":8.0},{"damage":7.0,"enemies":"3 Shapes","floor":35.0,"turns":4.0},{"damage":2,"enemies":"3 Darklings","floor":36,"turns":4},{"damage":0,"enemies":"Mind Bloom Boss Battle","floor":38,"turns":5},{"damage":10,"enemies":"Jaw Worm Horde","floor":42,"turns":4},{"damage":0,"enemies":"Nemesis","floor":44,"turns":1},{"damage":13,"enemies":"4 Shapes","floor":45,"turns":4},{"damage":18,"enemies":"Writhing Mass","floor":47,"turns":3},{"damage":5,"enemies":"3 Darklings","floor":48,"turns":3},{"damage":79,"enemies":"Time Eater","floor":50,"turns":6}],"seed_played":"6307259344621529574","potions_obtained":[{"floor":3.0,"key":"SpeedPotion"},{"floor":11.0,"key":"Energy Potion"},{"floor":12.0,"key":"Strength Potion"},{"floor":13.0,"key":"Explosive Potion"},{"floor":14.0,"key":"EssenceOfSteel"},{"floor":16.0,"key":"BloodPotion"},{"floor":18.0,"key":"Swift Potion"},{"floor":20.0,"key":"Regen Potion"},{"floor":24.0,"key":"Fire Potion"},{"floor":27.0,"key":"ElixirPotion"},{"floor":30.0,"key":"Dexterity Potion"},{"floor":31.0,"key":"Fire Potion"},{"floor":33.0,"key":"ElixirPotion"},{"floor":35.0,"key":"Weak Potion"},{"floor":38,"key":"PowerPotion"},{"floor":45,"key":"Strength Potion"},{"floor":48,"key":"Ancient Potion"}],"is_trial":false,"path_per_floor":["M","?","M","$","?","R","E","R","T","$","E","M","M","M","R","B",null,"M","$","M","M","?","R","E","R","T","E","?","$","M","M","R","B",null,"M","M","$","?","?","R","?","M","T","E","M","R","M","M","R","B",null],"character_chosen":"IRONCLAD","items_purchased":["Metallicize","PreservedInsect","Brimstone","Flame Barrier"],"campfire_rested":1,"item_purchase_floors":[10,29,37,37],"current_hp_per_floor":[62,62,65,65,65,65,46,46,46,46,32,38,35,41,65,71,80,76,76,80,80,65,65,72,72,82,88,88,88,88,89,89,86,95,94,95,95,95,90,90,81,77,77,83,76,90,78,79,90,17],"gold":250,"neow_bonus":"ONE_RARE_RELIC","is_prod":false,"is_daily":false,"chose_seed":false,"campfire_upgraded":8,"win_rate":0.0,"timestamp":1570551477,"path_taken":["M","?","M","$","?","R","E","R","T","$","E","M","M","?","R","BOSS","M","$","M","M","?","R","E","R","T","E","?","$","?","M","R","BOSS","M","M","$","?","?","R","?","M","T","E","M","R","M","M","R","BOSS"],"build_version":"2019-10-07","purchased_purges":2,"victory":true,"max_hp_per_floor":[80,80,80,80,80,80,80,80,80,80,80,80,80,80,80,80,80,80,80,80,80,85,85,85,85,95,95,95,95,95,95,95,95,95,95,95,95,95,90,90,90,90,90,90,90,90,90,90,90,90],"card_choices":[{"not_picked":["Cleave","Body Slam"],"picked":"Dropkick","floor":1.0},{"not_picked":["Entrench","Shrug It Off"],"picked":"Ghostly Armor","floor":3.0},{"not_picked":["Clash","Pummel","Twin Strike"],"picked":"SKIP","floor":7.0},{"not_picked":["Sword Boomerang","Hemokinesis"],"picked":"Demon Form","floor":11.0},{"not_picked":["Shrug It Off","Body Slam"],"picked":"Pummel","floor":12.0},{"not_picked":["Twin Strike","Clash"],"picked":"Burning Pact","floor":13.0},{"not_picked":["Intimidate","Headbutt"],"picked":"Warcry","floor":14.0},{"not_picked":["Double Tap","Berserk"],"picked":"Fiend Fire","floor":16.0},{"not_picked":["Shrug It Off+1","Anger"],"picked":"Corruption+1","floor":18.0},{"not_picked":["Clash+1","Twin Strike"],"picked":"Shockwave","floor":20.0},{"not_picked":["Heavy Blade","Reckless Charge+1","Metallicize"],"picked":"SKIP","floor":21.0},{"not_picked":["Shrug It Off+1","Clash+1"],"picked":"Warcry","floor":24.0},{"not_picked":["Cleave","Berserk"],"picked":"Warcry+1","floor":27.0},{"not_picked":["Ghostly Armor+1","Flex","Heavy Blade+1"],"picked":"SKIP","floor":30.0},{"not_picked":["Shrug It Off","Cleave"],"picked":"Pommel Strike","floor":31.0},{"not_picked":["Impervious","Berserk"],"picked":"Barricade","floor":33.0},{"not_picked":["True Grit","Infernal Blade"],"picked":"Pommel Strike+1","floor":35.0},{"not_picked":["Shrug It Off","Cleave+1"],"picked":"Dropkick","floor":36},{"not_picked":["Hemokinesis+1","Ghostly Armor+1"],"picked":"Battle Trance+1","floor":38},{"not_picked":["Cleave+1","Second Wind+1"],"picked":"Heavy Blade+1","floor":42},{"not_picked":["Iron Wave","Flex+1","Headbutt+1"],"picked":"SKIP","floor":44},{"not_picked":["Warcry","Clothesline+1"],"picked":"Metallicize","floor":45},{"not_picked":["Seeing Red+1","Flex+1"],"picked":"Entrench+1","floor":47},{"not_picked":["Headbutt+1","Perfected Strike","Twin Strike"],"picked":"SKIP","floor":48}],"player_experience":16044,"relics_obtained":[{"floor":7.0,"key":"HornCleat"},{"floor":9.0,"key":"White Beast Statue"},{"floor":11.0,"key":"Sundial"},{"floor":24.0,"key":"Mummified Hand"},{"floor":26.0,"key":"Pear"},{"floor":27.0,"key":"Orichalcum"},{"floor":38,"key":"WingedGreaves"},{"floor":43,"key":"Eternal Feather"},{"floor":44,"key":"Bottled Flame"}],"event_choices":[{"damage_healed":0.0,"max_hp_gain":0.0,"max_hp_loss":0.0,"gold_gain":0.0,"event_name":"Big Fish","player_choice":"Box","floor":2.0,"gold_loss":0.0,"damage_taken":0.0,"relics_obtained":["Bag of Marbles"],"cards_obtained":["Regret"]},{"damage_healed":0.0,"max_hp_gain":0.0,"max_hp_loss":0.0,"gold_gain":0.0,"event_name":"Liars Game","player_choice":"Ignored","floor":5.0,"gold_loss":0.0,"damage_taken":0.0},{"damage_healed":0.0,"max_hp_gain":5.0,"max_hp_loss":0.0,"gold_gain":0.0,"event_name":"Forgotten Altar","player_choice":"Shed Blood","floor":22.0,"gold_loss":0.0,"damage_taken":20.0},{"damage_healed":0.0,"max_hp_gain":0.0,"max_hp_loss":0.0,"gold_gain":0.0,"event_name":"The Woman in Blue","player_choice":"Bought 0 Potions","floor":28.0,"gold_loss":0.0,"damage_taken":0.0},{"damage_healed":0,"gold_gain":0,"player_choice":"Fight","damage_taken":0,"max_hp_gain":0,"max_hp_loss":0,"event_name":"MindBloom","floor":38,"gold_loss":0},{"damage_healed":0,"gold_gain":0,"player_choice":"Max HP","damage_taken":0,"max_hp_gain":0,"max_hp_loss":5,"event_name":"Winding Halls","floor":39,"gold_loss":0},{"damage_healed":0,"gold_gain":0,"player_choice":"Damaged","damage_taken":9,"max_hp_gain":0,"max_hp_loss":0,"event_name":"Wheel of Change","floor":41,"gold_loss":0}],"is_beta":true,"boss_relics":[{"not_picked":["Astrolabe","Ectoplasm"],"picked":"Coffee Dripper"},{"not_picked":["Velvet Choker","Black Blood"],"picked":"Empty Cage"}],"items_purged_floors":[4,19],"is_endless":false,"potions_floor_spawned":[3,11,12,13,14,16,18,20,21,24,27,30,31,33,35,36,38,42,44,45,47,48],"ascension_level":0}