{"gold_per_floor":[112,130,305,305,42,60,60,77,77,77,111,133,162,184,196,208],"floor_reached":16,"playtime":602,"items_purged":["Strike_R"],"score":140,"play_id":"9ec5af46-d416-4b4b-b4fb-a95bbe69abec","local_time":"20191017201358","is_ascension_mode":true,"campfire_choices":[{"data":"Hemokinesis","floor":7,"key":"SMITH"},{"data":"Flame Barrier","floor":10,"key":"SMITH"},{"floor":15,"key":"REST"}],"neow_cost":"NONE","seed_source_timestamp":39573947747800,"circlet_count":0,"master_deck":["Strike_R","Strike_R","Strike_R","Defend_R","Defend_R","Defend_R","Defend_R","Bash","Flex","Flame Barrier+1","Doubt","Limit Break","Hemokinesis+1","Metallicize","Carnage","Cleave","Heavy Blade","Ghostly Armor","Battle Trance","Rage","Rage"],"relics":["Burning Blood","NeowsBlessing","Ornamental Fan","MawBank"],"potions_floor_usage":[8,11,14,16],"damage_taken":[{"damage":0,"enemies":"Small Slimes","floor":1,"turns":1},{"damage":0,"enemies":"2 Louse","floor":2,"turns":1},{"damage":0,"enemies":"Cultist","floor":6,"turns":1},{"damage":14,"enemies":"2 Fungi Beasts","floor":8,"turns":3},{"damage":26,"enemies":"Lagavulin","floor":11,"turns":6},{"damage":11,"enemies":"Exordium Thugs","floor":12,"turns":5},{"damage":30,"enemies":"Exordium Wildlife","floor":13,"turns":4},{"damage":6,"enemies":"Gremlin Gang","floor":14,"turns":3},{"damage":47,"enemies":"Hexaghost","floor":16,"turns":10}],"seed_played":"342304534535641486","potions_obtained":[{"floor":1,"key":"SteroidPotion"},{"floor":6,"key":"Fire Potion"},{"floor":12,"key":"GamblersBrew"},{"floor":13,"key":"PowerPotion"}],"is_trial":false,"path_per_floor":["M","M","?","?","$","M","R","M","T","R","E","M","M","M","R","B"],"character_chosen":"IRONCLAD","items_purchased":["Hemokinesis","Metallicize","Carnage"],"campfire_rested":1,"item_purchase_floors":[5,5,5],"current_hp_per_floor":[78,80,80,80,80,80,80,72,72,72,52,47,23,23,47,0],"gold":208,"neow_bonus":"THREE_ENEMY_KILL","is_prod":false,"is_daily":false,"chose_seed":false,"campfire_upgraded":2,"win_rate":0,"timestamp":1571336038,"path_taken":["M","M","?","?","$","M","R","M","T","R","E","?","M","M","R","BOSS"],"build_version":"2019-10-16","purchased_purges":1,"victory":false,"max_hp_per_floor":[80,80,80,80,80,80,80,80,80,80,80,80,80,80,80,80],"card_choices":[{"not_picked":["Battle Trance","Heavy Blade"],"picked":"Flex","floor":1},{"not_picked":["Thunderclap","Feel No Pain"],"picked":"Flame Barrier","floor":2},{"not_picked":["Power Through","Headbutt"],"picked":"Cleave","floor":6},{"not_picked":["Twin Strike","Fire Breathing"],"picked":"Heavy Blade","floor":8},{"not_picked":["Double Tap","Feel No Pain"],"picked":"Ghostly Armor","floor":11},{"not_picked":["Clothesline","Heavy Blade"],"picked":"Battle Trance","floor":12},{"not_picked":["Rampage","Body Slam"],"picked":"Rage","floor":13},{"not_picked":["Evolve","Iron Wave"],"picked":"Rage","floor":14}],"player_experience":520149,"relics_obtained":[{"floor":9,"key":"Ornamental Fan"},{"floor":11,"key":"MawBank"}],"event_choices":[{"damage_healed":0,"gold_gain":175,"player_choice":"AGREE","damage_taken":0,"max_hp_gain":0,"max_hp_loss":0,"event_name":"Liars Game","floor":3,"gold_loss":0,"cards_obtained":["Doubt"]},{"damage_healed":0,"gold_gain":0,"cards_transformed":["Strike_R"],"player_choice":"Transformed","damage_taken":0,"max_hp_gain":0,"max_hp_loss":0,"event_name":"Transmorgrifier","floor":4,"gold_loss":0,"cards_obtained":["Limit Break"]}],"is_beta":true,"boss_relics":[],"items_purged_floors":[5],"is_endless":false,"potions_floor_spawned":[1,6,12,13],"killed_by":"Hexaghost","ascension_level":7}