{"gold_per_floor":[109,109,71,33,51,83,83,99,124,136,136,156,189,243,243,243],"floor_reached":16,"playtime":1023,"items_purged":[],"score":157,"play_id":"65c169ff-4922-4bc0-bc3e-3b57ce9998de","local_time":"20190422233632","is_ascension_mode":true,"campfire_choices":[{"floor":7.0,"key":"REST"},{"floor":11.0,"key":"REST"},{"floor":15.0,"key":"REST"}],"neow_cost":"NONE","seed_source_timestamp":128473359632037,"circlet_count":0,"master_deck":["Defend_G","Defend_G","Defend_G","Defend_G","Defend_G","Strike_G","Strike_G","Strike_G","Strike_G","Strike_G","Survivor","Neutralize","Doubt","Regret","Well Laid Plans","Footwork","Deadly Poison","Backflip","PiercingWail","Bouncing Flask","Bouncing Flask","Backflip"],"special_seed":0,"relics":["Calling Bell","Bag of Marbles","Letter Opener","Bird Faced Urn","Regal Pillow","Lantern","Odd Mushroom","Pen Nib","Tiny Chest"],"potions_floor_usage":[],"damage_taken":[{"damage":9.0,"enemies":"2 Louse","floor":1.0,"turns":4.0},{"damage":23.0,"enemies":"Jaw Worm","floor":5.0,"turns":5.0},{"damage":27.0,"enemies":"3 Sentries","floor":6.0,"turns":11.0},{"damage":2.0,"enemies":"Small Slimes","floor":8.0,"turns":4.0},{"damage":13.0,"enemies":"3 Louse","floor":10.0,"turns":5.0},{"damage":26.0,"enemies":"The Mushroom Lair","floor":12.0,"turns":7.0},{"damage":31.0,"enemies":"Gremlin Nob","floor":13.0,"turns":5.0},{"damage":59,"enemies":"Slime Boss","floor":16,"turns":10}],"seed_played":"8039165768070197961","potions_obtained":[{"floor":5.0,"key":"Poison Potion"},{"floor":10.0,"key":"Swift Potion"}],"is_trial":false,"path_per_floor":["M","?","$","?","M","E","R","M","T","M","R","?","E","T","R","B"],"character_chosen":"THE_SILENT","items_purchased":["Footwork"],"campfire_rested":3,"item_purchase_floors":[3],"current_hp_per_floor":[54,54,54,54,35,12,48,50,50,41,70,46,19,19,55,0],"gold":243,"neow_bonus":"BOSS_RELIC","is_prod":false,"is_daily":false,"chose_seed":false,"campfire_upgraded":0,"win_rate":0,"timestamp":1555994192,"path_taken":["M","?","$","?","M","E","R","M","T","M","R","?","E","?","R","BOSS"],"build_version":"2019-01-23","purchased_purges":0,"victory":false,"max_hp_per_floor":[70,70,70,70,70,70,70,70,70,70,70,70,70,70,70,70],"card_choices":[{"not_picked":["Predator","Quick Slash"],"picked":"Well Laid Plans","floor":1.0},{"not_picked":["Blade Dance","Poisoned Stab"],"picked":"Deadly Poison","floor":5.0},{"not_picked":["Sucker Punch","Dodge and Roll"],"picked":"Backflip","floor":6.0},{"not_picked":["Terror","Dagger Spray"],"picked":"PiercingWail","floor":8.0},{"not_picked":["Endless Agony","PiercingWail"],"picked":"Bouncing Flask","floor":10.0},{"not_picked":["Crippling Poison","Distraction"],"picked":"Bouncing Flask","floor":12.0},{"not_picked":["Dagger Throw","PiercingWail"],"picked":"Backflip","floor":13.0}],"player_experience":490262,"relics_obtained":[{"floor":0.0,"key":"Bag of Marbles"},{"floor":0.0,"key":"Letter Opener"},{"floor":0.0,"key":"Bird Faced Urn"},{"floor":6.0,"key":"Regal Pillow"},{"floor":9.0,"key":"Lantern"},{"floor":12.0,"key":"Odd Mushroom"},{"floor":13.0,"key":"Pen Nib"},{"floor":14.0,"key":"Tiny Chest"}],"event_choices":[{"cards_removed":["Regret"],"damage_healed":0.0,"max_hp_gain":0.0,"max_hp_loss":0.0,"gold_gain":0.0,"event_name":"Living Wall","player_choice":"Forget","floor":2.0,"gold_loss":0.0,"damage_taken":0.0},{"damage_healed":0.0,"max_hp_gain":0.0,"max_hp_loss":0.0,"gold_gain":0.0,"event_name":"World of Goop","player_choice":"Left Gold","floor":4.0,"gold_loss":38.0,"damage_taken":0.0},{"damage_healed":0.0,"max_hp_gain":0.0,"max_hp_loss":0.0,"gold_gain":0.0,"event_name":"Mushrooms","player_choice":"Fought Mushrooms","floor":12.0,"gold_loss":0.0,"damage_taken":0.0}],"is_beta":false,"boss_relics":[],"items_purged_floors":[],"is_endless":false,"potions_floor_spawned":[5,10],"killed_by":"Slime Boss","ascension_level":9}