{"gold_per_floor":[113,130,141,157,157,157,170,211,211,211,232,232,232,10,10,141,141,165,11,35,35,48,48,48,48,48,48,48,64,88,127,127,257,257,277,610,625,625,637,672,672,672,725,181,181,208,208,35,35,35],"floor_reached":50,"playtime":2355,"items_purged":["Injury","Strike_B"],"score":568,"play_id":"996ee010-efa7-46f2-87fd-ac4ad3af97b9","local_time":"20190913162530","is_ascension_mode":false,"campfire_choices":[{"data":"Go for the Eyes","floor":6,"key":"SMITH"},{"floor":10,"key":"REST"},{"data":"Loop","floor":13,"key":"SMITH"},{"data":"Darkness","floor":15,"key":"SMITH"},{"data":"Sunder","floor":23,"key":"SMITH"},{"data":"Machine Learning","floor":25,"key":"SMITH"},{"floor":28,"key":"REST"},{"floor":32,"key":"REST"},{"floor":41,"key":"REST"},{"floor":45,"key":"REST"},{"floor":47,"key":"RECALL"},{"data":"Fission","floor":49,"key":"SMITH"}],"neow_cost":"NONE","seed_source_timestamp":25897828141100,"circlet_count":0,"master_deck":["Strike_B","Strike_B","Defend_B+1","Defend_B","Defend_B","Defend_B","Zap+1","Dualcast","Consume+1","Darkness+1","Go for the Eyes+1","Sunder+1","Cold Snap+1","Loop+1","Capacitor","Leap","Machine Learning+1","Genetic Algorithm","Conserve Battery","Heatsinks+1","Redo","Compile Driver+1","Echo Form+1","Fission+1","Redo+1","Streamline+1","Parasite","Storm+1","Creative AI+1","Good Instincts","BootSequence","Capacitor+1","FTL+1","Mayhem+1"],"relics":["Cracked Core","Pen Nib","Mummified Hand","War Paint","SlaversCollar","PreservedInsect","Bag of Marbles","Frozen Egg 2","Centennial Puzzle","Sozu","Question Card","Runic Capacitor","Whetstone","Regal Pillow"],"potions_floor_usage":[8,16,16,16,31,33],"damage_taken":[{"damage":1,"enemies":"Jaw Worm","floor":1,"turns":3},{"damage":1,"enemies":"Cultist","floor":2,"turns":3},{"damage":0,"enemies":"Small Slimes","floor":3,"turns":3},{"damage":5,"enemies":"3 Louse","floor":4,"turns":2},{"damage":5,"enemies":"Red Slaver","floor":7,"turns":4},{"damage":30,"enemies":"Lagavulin","floor":8,"turns":8},{"damage":4,"enemies":"Exordium Wildlife","floor":11,"turns":5},{"damage":6,"enemies":"Hexaghost","floor":16,"turns":6},{"damage":22,"enemies":"3 Byrds","floor":18,"turns":7},{"damage":8,"enemies":"Shell Parasite","floor":20,"turns":6},{"damage":28,"enemies":"Sentry and Sphere","floor":22,"turns":8},{"damage":6,"enemies":"Snecko","floor":29,"turns":5},{"damage":17,"enemies":"Centurion and Healer","floor":30,"turns":6},{"damage":0,"enemies":"Book of Stabbing","floor":31,"turns":4},{"damage":18,"enemies":"Collector","floor":33,"turns":8},{"damage":12,"enemies":"3 Darklings","floor":35,"turns":6},{"damage":4,"enemies":"3 Shapes","floor":37,"turns":3},{"damage":15,"enemies":"Writhing Mass","floor":39,"turns":5},{"damage":17,"enemies":"Reptomancer","floor":40,"turns":4},{"damage":8,"enemies":"Nemesis","floor":46,"turns":3},{"damage":70,"enemies":"Time Eater","floor":50,"turns":6}],"seed_played":"-1951197666515431228","potions_obtained":[{"floor":3,"key":"Strength Potion"},{"floor":4,"key":"Fire Potion"},{"floor":8,"key":"SpeedPotion"},{"floor":11,"key":"Swift Potion"},{"floor":22,"key":"DuplicationPotion"},{"floor":29,"key":"SpeedPotion"}],"is_trial":false,"path_per_floor":["M","M","M","M","?","R","M","E","T","R","M","?","R","$","R","B",null,"M","$","M","?","M","R","$","R","T","T","R","M","M","E","R","B",null,"M","?","M","?","M","E","R","?","T","$","R","E","R","$","R","B"],"character_chosen":"DEFECT","items_purchased":["War Paint","PreservedInsect","BootSequence","Runic Capacitor","Whetstone","Capacitor+1","Mayhem+1"],"campfire_rested":5,"item_purchase_floors":[14,19,44,44,44,44,48],"current_hp_per_floor":[74,73,73,68,68,68,63,33,33,55,51,51,51,51,51,45,75,53,53,45,70,42,42,42,42,42,42,64,58,41,41,63,45,75,63,63,59,59,44,27,49,49,49,49,71,63,63,63,63,0],"gold":35,"neow_bonus":"TRANSFORM_CARD","is_prod":false,"is_daily":false,"chose_seed":false,"campfire_upgraded":6,"win_rate":0,"timestamp":1568381130,"path_taken":["M","M","M","M","?","R","M","E","T","R","M","?","R","?","R","BOSS","M","$","M","?","M","R","$","R","T","?","R","M","M","E","R","BOSS","M","?","M","?","?","E","R","?","T","$","R","E","R","$","R","BOSS"],"build_version":"2019-09-12","purchased_purges":2,"victory":false,"max_hp_per_floor":[75,75,75,75,75,75,75,75,75,75,75,75,75,75,75,75,75,75,75,75,75,75,75,75,75,75,75,75,75,75,75,75,75,75,75,75,75,75,75,75,75,75,75,75,75,75,75,75,75,75],"card_choices":[{"not_picked":["Streamline","Force Field"],"picked":"Darkness","floor":1},{"not_picked":["Blizzard","Cold Snap"],"picked":"Go for the Eyes","floor":2},{"not_picked":["BootSequence","Heatsinks"],"picked":"Sunder","floor":3},{"not_picked":["Hologram","Ball Lightning"],"picked":"Cold Snap","floor":4},{"not_picked":["Beam Cell","Stack"],"picked":"Loop","floor":7},{"not_picked":["Double Energy","Barrage"],"picked":"Capacitor","floor":8},{"not_picked":["Sweeping Beam","FTL"],"picked":"Leap","floor":11},{"not_picked":["Rainbow","All For One"],"picked":"Machine Learning","floor":16},{"not_picked":["Recycle","Ball Lightning"],"picked":"Genetic Algorithm","floor":18},{"not_picked":["Beam Cell","Darkness+1"],"picked":"Conserve Battery","floor":20},{"not_picked":["Cold Snap","Streamline+1"],"picked":"Heatsinks+1","floor":22},{"not_picked":["Turbo","Steam"],"picked":"Redo","floor":29},{"not_picked":["Ball Lightning","Turbo"],"picked":"Compile Driver","floor":30},{"not_picked":["Blizzard+1","Leap+1"],"picked":"Echo Form+1","floor":31},{"not_picked":["Thunder Strike","Multi-Cast"],"picked":"Fission","floor":33},{"not_picked":["Ball Lightning+1","Sweeping Beam+1"],"picked":"Redo+1","floor":35},{"not_picked":["Steam+1","Streamline+1","Turbo"],"picked":"SKIP","floor":37},{"not_picked":["Steam+1","Turbo"],"picked":"Streamline+1","floor":37},{"not_picked":["Sweeping Beam","Heatsinks+1"],"picked":"Storm+1","floor":39},{"not_picked":["Amplify","Redo+1"],"picked":"Creative AI+1","floor":40},{"not_picked":["Madness","Impatience","PanicButton"],"picked":"Good Instincts","floor":42},{"not_picked":["Scrape+1","Multi-Cast","Conserve Battery+1"],"picked":"FTL+1","floor":46}],"player_experience":451294,"relics_obtained":[{"floor":8,"key":"Pen Nib"},{"floor":9,"key":"Mummified Hand"},{"floor":26,"key":"Bag of Marbles"},{"floor":27,"key":"Frozen Egg 2"},{"floor":31,"key":"Centennial Puzzle"},{"floor":40,"key":"Question Card"},{"floor":46,"key":"Regal Pillow"}],"event_choices":[{"damage_healed":0,"gold_gain":0,"player_choice":"Take Wound","damage_taken":0,"relics_obtained":["Golden Idol"],"max_hp_gain":0,"max_hp_loss":0,"event_name":"Golden Idol","floor":5,"gold_loss":0,"cards_obtained":["Injury"]},{"damage_healed":0,"gold_gain":0,"player_choice":"Grow","damage_taken":0,"max_hp_gain":0,"max_hp_loss":0,"event_name":"Living Wall","floor":12,"gold_loss":0,"cards_upgraded":["Zap"]},{"damage_healed":25,"gold_gain":0,"player_choice":"Heal","damage_taken":0,"max_hp_gain":0,"max_hp_loss":0,"event_name":"The Library","floor":21,"gold_loss":0},{"damage_healed":0,"gold_gain":333,"player_choice":"Gave Idol","damage_taken":0,"max_hp_gain":0,"max_hp_loss":0,"event_name":"The Moai Head","floor":36,"relics_lost":["Golden Idol"],"gold_loss":0},{"damage_healed":0,"gold_gain":0,"player_choice":"Bought 0 Potions","damage_taken":0,"max_hp_gain":0,"max_hp_loss":0,"event_name":"The Woman in Blue","floor":38,"gold_loss":0},{"damage_healed":0,"gold_gain":0,"player_choice":"Memory 1","damage_taken":0,"max_hp_gain":0,"max_hp_loss":0,"event_name":"SensoryStone","floor":42,"gold_loss":0}],"is_beta":true,"boss_relics":[{"not_picked":["Black Star","Tiny House"],"picked":"SlaversCollar"},{"not_picked":["Philosopher\u0027s Stone","SacredBark"],"picked":"Sozu"}],"items_purged_floors":[14,44],"is_endless":false,"potions_floor_spawned":[3,4,8,11,22,29,35,40],"killed_by":"Time Eater","ascension_level":0}