{"gold_per_floor":[113,113,136,136,58,98,117,117,117,117,148,32,2,38,38,158,158,174,99,99,120,141,176,190,190],"floor_reached":25,"playtime":1827,"items_purged":[],"score":251,"play_id":"1a8e32fe-bdf8-41fa-80a1-8d05f0801b2f","local_time":"20191015152621","is_ascension_mode":true,"campfire_choices":[{"floor":8,"key":"REST"},{"floor":15,"key":"REST"}],"neow_cost":"NONE","seed_source_timestamp":243892460916900,"circlet_count":0,"master_deck":["Strike_G","Strike_G","Strike_G","Defend_G","Defend_G","Defend_G","Defend_G","Defend_G","Survivor","Neutralize","A Thousand Cuts","Expertise","Outmaneuver","Noxious Fumes","Backflip","Night Terror","Infinite Blades","Leg Sweep","Wraith Form v2","Outmaneuver","Calculated Gamble","Prepared+1","Noxious Fumes"],"relics":["Ring of the Snake","Golden Idol","Mummified Hand","Happy Flower","Meat on the Bone","Darkstone Periapt","Ancient Tea Set","Sozu","Molten Egg 2"],"potions_floor_usage":[1],"damage_taken":[{"damage":0,"enemies":"Cultist","floor":1,"turns":4},{"damage":1,"enemies":"2 Louse","floor":3,"turns":4},{"damage":31,"enemies":"Lagavulin","floor":6,"turns":9},{"damage":5,"enemies":"Small Slimes","floor":7,"turns":4},{"damage":21,"enemies":"3 Sentries","floor":11,"turns":6},{"damage":0,"enemies":"Looter","floor":13,"turns":4},{"damage":28,"enemies":"Gremlin Nob","floor":14,"turns":5},{"damage":31,"enemies":"Slime Boss","floor":16,"turns":9},{"damage":1,"enemies":"Shell Parasite","floor":18,"turns":10},{"damage":14,"enemies":"Chosen","floor":21,"turns":6},{"damage":2,"enemies":"Snecko","floor":22,"turns":8},{"damage":17,"enemies":"Gremlin Leader","floor":23,"turns":10},{"damage":13,"enemies":"3 Cultists","floor":24,"turns":4},{"damage":43,"enemies":"Slavers","floor":25,"turns":4}],"seed_played":"5547216362297842556","potions_obtained":[{"floor":1,"key":"Fruit Juice"},{"floor":7,"key":"LiquidBronze"},{"floor":16,"key":"Explosive Potion"}],"is_trial":false,"path_per_floor":["M","?","M","?","$","E","M","R","T","?","E","$","M","E","R","B",null,"M","?","?","M","M","E","M","E"],"character_chosen":"THE_SILENT","items_purchased":["Noxious Fumes","Infinite Blades","Leg Sweep"],"campfire_rested":2,"item_purchase_floors":[5,12,12],"current_hp_per_floor":[75,69,68,65,65,34,29,49,49,49,40,40,40,24,44,25,69,68,68,68,54,52,35,34,0],"gold":190,"neow_bonus":"ONE_RANDOM_RARE_CARD","is_prod":false,"is_daily":false,"chose_seed":false,"campfire_upgraded":0,"win_rate":1,"timestamp":1571171181,"path_taken":["M","?","M","?","$","E","M","R","T","?","E","$","M","E","R","BOSS","M","?","?","M","M","E","M","E"],"build_version":"2019-10-14","purchased_purges":0,"victory":false,"max_hp_per_floor":[75,69,69,69,69,69,69,69,69,69,69,69,69,69,69,69,69,69,69,69,69,69,69,69,69],"card_choices":[{"not_picked":["Predator","Dagger Spray"],"picked":"Expertise","floor":1},{"not_picked":["Catalyst","PiercingWail"],"picked":"Outmaneuver","floor":3},{"not_picked":["Noxious Fumes","Reflex","Caltrops"],"picked":"SKIP","floor":6},{"not_picked":["Blur","Slice"],"picked":"Backflip","floor":7},{"not_picked":["Deadly Poison","Blade Dance","Riddle With Holes"],"picked":"SKIP","floor":11},{"not_picked":["Choke","Poisoned Stab","Sucker Punch"],"picked":"SKIP","floor":13},{"not_picked":["Choke","Malaise","Catalyst"],"picked":"SKIP","floor":14},{"not_picked":["Malaise","Die Die Die"],"picked":"Wraith Form v2","floor":16},{"not_picked":["Well Laid Plans","Noxious Fumes"],"picked":"Outmaneuver","floor":18},{"not_picked":["Deadly Poison","Noxious Fumes"],"picked":"Calculated Gamble","floor":21},{"not_picked":["Quick Slash","Poisoned Stab"],"picked":"Prepared+1","floor":22},{"not_picked":["Phantasmal Killer","Slice"],"picked":"Noxious Fumes","floor":23},{"not_picked":["Underhanded Strike+1","Slice+1","Noxious Fumes"],"picked":"SKIP","floor":24}],"player_experience":36188,"relics_obtained":[{"floor":6,"key":"Happy Flower"},{"floor":9,"key":"Meat on the Bone"},{"floor":11,"key":"Darkstone Periapt"},{"floor":14,"key":"Ancient Tea Set"},{"floor":23,"key":"Molten Egg 2"}],"event_choices":[{"damage_healed":0,"gold_gain":0,"player_choice":"Lose Max HP","damage_taken":0,"relics_obtained":["Golden Idol"],"max_hp_gain":0,"max_hp_loss":6,"event_name":"Golden Idol","floor":2,"gold_loss":0},{"damage_healed":0,"gold_gain":0,"player_choice":"Success","damage_taken":3,"relics_obtained":["Mummified Hand"],"max_hp_gain":0,"max_hp_loss":0,"event_name":"Scrap Ooze","floor":4,"gold_loss":0},{"damage_healed":0,"gold_gain":0,"cards_transformed":["Strike_G"],"player_choice":"Change","damage_taken":0,"max_hp_gain":0,"max_hp_loss":0,"event_name":"Living Wall","floor":10,"gold_loss":0,"cards_obtained":["Night Terror"]},{"cards_removed":["Strike_G"],"damage_healed":0,"gold_gain":0,"player_choice":"Gave Gold","damage_taken":0,"max_hp_gain":0,"max_hp_loss":0,"event_name":"Beggar","floor":19,"gold_loss":75},{"damage_healed":0,"gold_gain":0,"player_choice":"Got Potions","damage_taken":0,"max_hp_gain":0,"max_hp_loss":0,"event_name":"Lab","floor":20,"gold_loss":0}],"is_beta":true,"boss_relics":[{"not_picked":["Fusion Hammer","Cursed Key"],"picked":"Sozu"}],"items_purged_floors":[],"is_endless":false,"potions_floor_spawned":[1,7,16,23,24],"killed_by":"Slavers","ascension_level":1}