{"gold_per_floor":[109,184,198,198,215,215,54,54,124,124,142,152,165,183,183,279,279,289,289,301,87,87,87,121,41,68,68,68,81,110,127,127,222,222,232,63,77,89,109,109,124,124,175,175,195,214,241,44,44,44],"floor_reached":51,"playtime":3081,"items_purged":["Regret"],"score":711,"play_id":"b7fa96c7-eaa9-477b-9631-1b70f13811df","local_time":"20190502225508","is_ascension_mode":false,"campfire_choices":[{"data":"Skewer","floor":6.0,"key":"SMITH"},{"data":"Infinite Blades","floor":8.0,"key":"SMITH"},{"data":"Cloak And Dagger","floor":10.0,"key":"SMITH"},{"data":"A Thousand Cuts","floor":15.0,"key":"SMITH"},{"data":"Envenom","floor":23.0,"key":"SMITH"},{"floor":27,"key":"REST"},{"floor":32,"key":"REST"},{"floor":40,"key":"REST"},{"floor":44,"key":"REST"},{"floor":49,"key":"REST"}],"neow_cost":"NONE","seed_source_timestamp":988425138459148,"circlet_count":0,"master_deck":["Defend_G","Defend_G","Defend_G","Defend_G","Defend_G","Strike_G","Strike_G","Strike_G","Strike_G","Strike_G","Survivor","Neutralize","Skewer+1","PiercingWail","Infinite Blades+1","Cloak And Dagger+1","Cloak And Dagger+1","Terror+1","A Thousand Cuts+1","Envenom+1","Blade Dance+1","J.A.X.+1","Dodge and Roll+1","Accuracy","Writhe","Well Laid Plans","Caltrops","Blade Dance+1","Cloak And Dagger+1","Prepared+1","Storm of Steel+1","Acrobatics+1","Master of Strategy+1","Footwork","Concentrate+1","Backflip+1","Blade Dance+1","Infinite Blades+1","Backflip+1","Crippling Poison+1","Noxious Fumes","Accuracy+1"],"special_seed":0,"relics":["Ring of the Snake","Centennial Puzzle","Toxic Egg 2","WristBlade","Lantern","Boot","Bronze Scales","Dream Catcher","Omamori","Fusion Hammer","Oddly Smooth Stone","Strawberry"],"potions_floor_usage":[33,33,33,38,39,50,50],"damage_taken":[{"damage":0.0,"enemies":"Small Slimes","floor":1.0,"turns":3.0},{"damage":0.0,"enemies":"2 Louse","floor":3.0,"turns":3.0},{"damage":8.0,"enemies":"Jaw Worm","floor":5.0,"turns":3.0},{"damage":0.0,"enemies":"Red Slaver","floor":11.0,"turns":5.0},{"damage":4.0,"enemies":"Gremlin Gang","floor":12.0,"turns":4.0},{"damage":0.0,"enemies":"Looter","floor":13.0,"turns":3.0},{"damage":4.0,"enemies":"Exordium Wildlife","floor":14.0,"turns":3.0},{"damage":14.0,"enemies":"Hexaghost","floor":16.0,"turns":9.0},{"damage":5.0,"enemies":"Chosen","floor":18.0,"turns":4.0},{"damage":13.0,"enemies":"Shell Parasite","floor":20.0,"turns":3.0},{"damage":15.0,"enemies":"Book of Stabbing","floor":24.0,"turns":3.0},{"damage":3,"enemies":"Chosen and Byrds","floor":29,"turns":3},{"damage":31,"enemies":"Slavers","floor":30,"turns":4},{"damage":12,"enemies":"Centurion and Healer","floor":31,"turns":4},{"damage":39,"enemies":"Automaton","floor":33,"turns":8},{"damage":22,"enemies":"3 Darklings","floor":35,"turns":4},{"damage":5,"enemies":"Orb Walker","floor":37,"turns":2},{"damage":9,"enemies":"Writhing Mass","floor":38,"turns":3},{"damage":5,"enemies":"Spire Growth","floor":39,"turns":3},{"damage":3,"enemies":"Transient","floor":41,"turns":5},{"damage":13,"enemies":"Jaw Worm Horde","floor":45,"turns":2},{"damage":3,"enemies":"3 Darklings","floor":46,"turns":3},{"damage":20,"enemies":"Reptomancer","floor":47,"turns":4},{"damage":53,"enemies":"Time Eater","floor":50,"turns":8}],"seed_played":"3301197617653782792","potions_obtained":[{"floor":1.0,"key":"EssenceOfSteel"},{"floor":5.0,"key":"SteroidPotion"},{"floor":12.0,"key":"Poison Potion"},{"floor":18.0,"key":"Fire Potion"},{"floor":29,"key":"Weak Potion"},{"floor":31,"key":"Dexterity Potion"},{"floor":37,"key":"Ancient Potion"},{"floor":38,"key":"AttackPotion"},{"floor":39,"key":"PowerPotion"}],"is_trial":false,"path_per_floor":["M","?","M","?","M","R","$","R","T","R","M","M","M","M","R","B",null,"M","?","M","$","?","R","E","$","T","R","$","M","E","M","R","B",null,"M","$","M","M","M","R","M","?","T","R","M","M","E","$","R","B",null],"character_chosen":"THE_SILENT","items_purchased":["Infinite Blades","Cloak And Dagger","Accuracy","Lantern","Caltrops","Master of Strategy+1","Noxious Fumes","Poison Potion","GamblersBrew"],"campfire_rested":5,"item_purchase_floors":[7,7,21,21,25,36,48,48,48],"current_hp_per_floor":[77,66,66,66,58,58,58,58,58,58,58,54,54,50,50,36,77,72,72,59,59,59,59,44,44,44,67,67,64,33,21,44,5,77,55,55,50,41,36,59,56,56,56,77,64,61,48,48,73,20],"gold":44,"neow_bonus":"TEN_PERCENT_HP_BONUS","is_prod":false,"is_daily":false,"chose_seed":false,"campfire_upgraded":5,"win_rate":0,"timestamp":1556855708,"path_taken":["M","?","M","?","M","R","$","R","T","R","M","M","M","M","R","BOSS","M","?","M","$","?","R","E","?","T","R","$","?","E","M","R","BOSS","M","$","M","M","?","R","M","?","T","R","M","M","E","$","R","BOSS"],"build_version":"2019-01-23","purchased_purges":1,"victory":true,"max_hp_per_floor":[77,77,77,77,77,77,77,77,77,77,77,77,77,77,77,77,77,77,77,77,77,77,77,77,77,77,77,77,77,77,77,77,77,77,77,77,77,77,77,77,77,77,77,77,77,77,84,84,84,84],"card_choices":[{"not_picked":["Flechettes","Underhanded Strike"],"picked":"Skewer","floor":1.0},{"not_picked":["Skewer","Reflex","Deadly Poison"],"picked":"SKIP","floor":3.0},{"not_picked":["Bane","Deadly Poison"],"picked":"PiercingWail","floor":5.0},{"not_picked":["Quick Slash","Setup+1"],"picked":"Cloak And Dagger+1","floor":11.0},{"not_picked":["Deflect+1","Setup+1"],"picked":"Terror+1","floor":12.0},{"not_picked":["Tactician+1","Bane","Dagger Throw"],"picked":"SKIP","floor":13.0},{"not_picked":["Outmaneuver+1","Flechettes"],"picked":"A Thousand Cuts","floor":14.0},{"not_picked":["Glass Knife","Bullet Time+1"],"picked":"Envenom","floor":16.0},{"not_picked":["Deadly Poison+1","Dagger Spray"],"picked":"Blade Dance+1","floor":18.0},{"not_picked":["Sucker Punch+1","Flying Knee"],"picked":"Dodge and Roll+1","floor":20.0},{"not_picked":["Outmaneuver+1","Endless Agony"],"picked":"Well Laid Plans","floor":24.0},{"not_picked":["Predator+1","Slice","Eviscerate"],"picked":"SKIP","floor":29},{"not_picked":["Dodge and Roll+1","Slice"],"picked":"Blade Dance+1","floor":30},{"not_picked":["Sucker Punch+1","Night Terror+1"],"picked":"Cloak And Dagger+1","floor":31},{"not_picked":["Eviscerate","Outmaneuver+1"],"picked":"Prepared+1","floor":32},{"not_picked":["Die Die Die","Wraith Form v2"],"picked":"Storm of Steel+1","floor":33},{"not_picked":["Outmaneuver+1","Dagger Throw"],"picked":"Acrobatics+1","floor":35},{"not_picked":["PiercingWail+1","Crippling Poison+1","Underhanded Strike+1"],"picked":"SKIP","floor":37},{"not_picked":["Underhanded Strike","Reflex+1"],"picked":"Footwork","floor":38},{"not_picked":["Bane","Riddle With Holes"],"picked":"Concentrate+1","floor":39},{"not_picked":["Prepared+1","Blade Dance+1"],"picked":"Backflip+1","floor":40},{"not_picked":["Predator+1","Noxious Fumes"],"picked":"Blade Dance+1","floor":41},{"not_picked":["Deflect+1","Concentrate+1"],"picked":"Backflip+1","floor":45},{"not_picked":["Predator+1","Glass Knife"],"picked":"Crippling Poison+1","floor":46},{"not_picked":["Sucker Punch","Bane+1","Dagger Spray+1"],"picked":"SKIP","floor":47},{"not_picked":["Deadly Poison+1","Sucker Punch"],"picked":"Accuracy+1","floor":49}],"player_experience":597918,"relics_obtained":[{"floor":9.0,"key":"Toxic Egg 2"},{"floor":24.0,"key":"Bronze Scales"},{"floor":26,"key":"Dream Catcher"},{"floor":30,"key":"Omamori"},{"floor":43,"key":"Oddly Smooth Stone"},{"floor":47,"key":"Strawberry"}],"event_choices":[{"damage_healed":0.0,"max_hp_gain":0.0,"max_hp_loss":0.0,"gold_gain":75.0,"event_name":"World of Goop","player_choice":"Gather Gold","floor":2.0,"gold_loss":0.0,"damage_taken":11.0},{"damage_healed":0.0,"max_hp_gain":0.0,"max_hp_loss":0.0,"gold_gain":0.0,"event_name":"Big Fish","player_choice":"Box","floor":4.0,"gold_loss":0.0,"damage_taken":0.0,"relics_obtained":["Centennial Puzzle"],"cards_obtained":["Regret"]},{"damage_healed":0.0,"max_hp_gain":0.0,"max_hp_loss":0.0,"gold_gain":0.0,"event_name":"Drug Dealer","player_choice":"Obtain J.A.X.","floor":19.0,"gold_loss":0.0,"damage_taken":0.0,"cards_obtained":["J.A.X."]},{"damage_healed":0.0,"max_hp_gain":0.0,"max_hp_loss":0.0,"gold_gain":0.0,"event_name":"The Mausoleum","player_choice":"Opened","floor":22.0,"gold_loss":0.0,"damage_taken":0.0,"relics_obtained":["Boot"],"cards_obtained":["Writhe"]},{"damage_healed":0,"gold_gain":0,"player_choice":"Copied","damage_taken":0,"max_hp_gain":0,"max_hp_loss":0,"event_name":"Duplicator","floor":42,"gold_loss":0,"cards_obtained":["Infinite Blades"]}],"is_beta":false,"boss_relics":[{"not_picked":["Runic Pyramid","Lizard Tail"],"picked":"WristBlade"},{"not_picked":["Runic Dome","Ring of the Serpent"],"picked":"Fusion Hammer"}],"items_purged_floors":[7],"is_endless":false,"potions_floor_spawned":[1,5,12,18,29,31,37,38,39],"ascension_level":0}