{"gold_per_floor":[110,168,184,198,198,225,225,251,277,277,289,318,336,366,366,440,440,457,107,107,123,123],"floor_reached":22,"playtime":1365,"items_purged":["Pain"],"score":385,"play_id":"f6e35902-03d0-4950-ada1-a3e4dc3875bb","local_time":"20190425161233","is_ascension_mode":true,"campfire_choices":[{"floor":7.0,"key":"REST"},{"floor":10.0,"key":"REST"},{"floor":15.0,"key":"REST"}],"neow_cost":"NONE","seed_source_timestamp":360939904161789,"circlet_count":0,"master_deck":["AscendersBane","Strike_R","Strike_R+1","Strike_R","Strike_R","Strike_R","Defend_R","Defend_R+1","Defend_R","Defend_R","Bash+1","Dropkick","Headbutt","Demon Form","Shrug It Off","Ghostly Armor","Double Tap","Doubt","Disarm","Purity","Normality","Warcry+1"],"special_seed":0,"relics":["Burning Blood","Orichalcum","Regal Pillow","Potion Belt","Centennial Puzzle","Oddly Smooth Stone","Calling Bell","Bag of Marbles","Kunai","Bird Faced Urn","Anchor"],"potions_floor_usage":[],"damage_taken":[{"damage":11.0,"enemies":"Small Slimes","floor":1.0,"turns":6.0},{"damage":11.0,"enemies":"Jaw Worm","floor":3.0,"turns":4.0},{"damage":1.0,"enemies":"Cultist","floor":4.0,"turns":3.0},{"damage":23.0,"enemies":"Lagavulin","floor":6.0,"turns":5.0},{"damage":24.0,"enemies":"3 Sentries","floor":8.0,"turns":8.0},{"damage":13.0,"enemies":"Exordium Thugs","floor":11.0,"turns":5.0},{"damage":27.0,"enemies":"Gremlin Nob","floor":12.0,"turns":5.0},{"damage":3.0,"enemies":"Large Slime","floor":13.0,"turns":6.0},{"damage":13.0,"enemies":"3 Sentries","floor":14.0,"turns":8.0},{"damage":15.0,"enemies":"Hexaghost","floor":16.0,"turns":8.0},{"damage":63.0,"enemies":"Spheric Guardian","floor":18.0,"turns":8.0},{"damage":6.0,"enemies":"Shell Parasite","floor":21.0,"turns":8.0},{"damage":18,"enemies":"Snake Plant","floor":22,"turns":2}],"seed_played":"247128114940111107","potions_obtained":[{"floor":3.0,"key":"PowerPotion"},{"floor":6.0,"key":"Dexterity Potion"},{"floor":12.0,"key":"Ancient Potion"},{"floor":14.0,"key":"Weak Potion"},{"floor":18.0,"key":"Energy Potion"}],"is_trial":false,"path_per_floor":["M","?","M","M","?","E","R","E","T","R","M","E","M","E","R","B",null,"M","$","?","M","M"],"character_chosen":"IRONCLAD","items_purchased":["Anchor","Purity"],"campfire_rested":3,"item_purchase_floors":[19,19],"current_hp_per_floor":[63,63,58,63,40,23,45,27,27,64,57,36,39,32,69,60,71,16,16,16,18,0],"gold":123,"neow_bonus":"UPGRADE_CARD","is_prod":false,"is_daily":false,"chose_seed":false,"campfire_upgraded":0,"win_rate":0,"timestamp":1556226753,"path_taken":["M","?","M","M","?","E","R","E","T","R","M","E","M","E","R","BOSS","M","$","?","M","?"],"build_version":"2019-01-23","purchased_purges":1,"victory":false,"max_hp_per_floor":[75,75,75,75,75,75,75,75,75,75,75,75,75,75,75,75,75,75,75,75,75,75],"card_choices":[{"not_picked":["Flex","Twin Strike","True Grit"],"picked":"SKIP","floor":1.0},{"not_picked":["Rupture","Armaments","Second Wind"],"picked":"SKIP","floor":3.0},{"not_picked":["True Grit","Body Slam"],"picked":"Dropkick","floor":4.0},{"not_picked":["Anger","Body Slam"],"picked":"Headbutt","floor":6.0},{"not_picked":["Armaments","Thunderclap"],"picked":"Demon Form","floor":8.0},{"not_picked":["Spot Weakness","Sword Boomerang"],"picked":"Shrug It Off","floor":11.0},{"not_picked":["Sentinel","Flex"],"picked":"Ghostly Armor","floor":12.0},{"not_picked":["Entrench","Cleave","Anger"],"picked":"SKIP","floor":13.0},{"not_picked":["Fiend Fire","Clash","Warcry"],"picked":"SKIP","floor":14.0},{"not_picked":["Fiend Fire","Dark Embrace"],"picked":"Double Tap","floor":16.0},{"not_picked":["Armaments","Pommel Strike"],"picked":"Disarm","floor":18.0},{"not_picked":["Entrench","Wild Strike"],"picked":"Warcry+1","floor":21.0}],"player_experience":547351,"relics_obtained":[{"floor":6.0,"key":"Orichalcum"},{"floor":8.0,"key":"Regal Pillow"},{"floor":9.0,"key":"Potion Belt"},{"floor":12.0,"key":"Centennial Puzzle"},{"floor":14.0,"key":"Oddly Smooth Stone"},{"floor":17.0,"key":"Bag of Marbles"},{"floor":17.0,"key":"Kunai"},{"floor":17.0,"key":"Bird Faced Urn"}],"event_choices":[{"damage_healed":0.0,"max_hp_gain":0.0,"max_hp_loss":0.0,"gold_gain":58.0,"event_name":"Golden Wing","player_choice":"Gained Gold","floor":2.0,"gold_loss":0.0,"damage_taken":0.0},{"damage_healed":0.0,"max_hp_gain":0.0,"max_hp_loss":0.0,"gold_gain":0.0,"event_name":"Shining Light","player_choice":"Entered Light","floor":5.0,"gold_loss":0.0,"damage_taken":23.0,"cards_upgraded":["Defend_R","Strike_R"]},{"damage_healed":0.0,"max_hp_gain":0.0,"max_hp_loss":0.0,"gold_gain":0.0,"cards_transformed":["Pain"],"event_name":"Transmorgrifier","player_choice":"Transformed","floor":20.0,"gold_loss":0.0,"damage_taken":0.0,"cards_obtained":["Normality"]}],"is_beta":false,"boss_relics":[{"not_picked":["Fusion Hammer","Astrolabe"],"picked":"Calling Bell"}],"items_purged_floors":[19],"is_endless":false,"potions_floor_spawned":[3,6,12,14,18],"killed_by":"Snake Plant","ascension_level":16}