{"gold_per_floor":[109,121,132,132,152,152,164,164,164,164,179,179,210,223,223,326,326,341,341,341,69,69,69,84,94,120,130,130,149,59,69,69,167,167,179,191,201,201,0,0,32,32,32,65,65,84,84,153,153,153],"floor_reached":51,"playtime":4006,"items_purged":["Writhe"],"score":1370,"play_id":"520e53ca-2a7b-433e-acf5-b16f451729af","local_time":"20190429233646","is_ascension_mode":true,"campfire_choices":[{"floor":6,"key":"REST"},{"data":"Zap","floor":8,"key":"SMITH"},{"data":"Dualcast","floor":10,"key":"SMITH"},{"data":"Redo","floor":12,"key":"SMITH"},{"floor":15,"key":"REST"},{"data":"Shame","floor":23,"key":"PURGE"},{"floor":32,"key":"REST"},{"floor":40,"key":"REST"},{"floor":42,"key":"REST"},{"floor":45,"key":"REST"},{"floor":47,"key":"REST"},{"floor":49,"key":"REST"}],"neow_cost":"NONE","seed_source_timestamp":0,"circlet_count":0,"master_deck":["AscendersBane","Zap+1","Dualcast+1","Reinforced Body","Redo+1","All For One","Steam Power","All For One","Conserve Battery","Steam+1","Genetic Algorithm","Barrage","Ball Lightning","Go for the Eyes","Beam Cell","Go for the Eyes+1","Hello World","Echo Form","Auto Shields","Panache","Leap","Steam+1","Creative AI","Coolheaded+1","Beam Cell+1","Leap","Turbo+1","Recycle+1","Doubt"],"special_seed":0,"relics":["Pandora\u0027s Box","Pear","Molten Egg 2","Calling Bell","Happy Flower","Dodecahedron","Peace Pipe","Omamori","Cursed Key","Red Mask","Blue Candle","Ornamental Fan","Cables","Symbiotic Virus"],"potions_floor_usage":[13,14,27,35,46],"damage_taken":[{"damage":21,"enemies":"Jaw Worm","floor":1,"turns":4},{"damage":0,"enemies":"Cultist","floor":2,"turns":3},{"damage":11,"enemies":"Small Slimes","floor":3,"turns":3},{"damage":27,"enemies":"Exordium Wildlife","floor":5,"turns":8},{"damage":22,"enemies":"3 Louse","floor":7,"turns":3},{"damage":0,"enemies":"2 Fungi Beasts","floor":11,"turns":2},{"damage":7,"enemies":"3 Sentries","floor":13,"turns":4},{"damage":0,"enemies":"Lots of Slimes","floor":14,"turns":3},{"damage":8,"enemies":"Hexaghost","floor":16,"turns":8},{"damage":32,"enemies":"3 Byrds","floor":18,"turns":5},{"damage":0,"enemies":"Chosen","floor":24,"turns":3},{"damage":26,"enemies":"Centurion and Healer","floor":25,"turns":3},{"damage":1,"enemies":"Snake Plant","floor":27,"turns":4},{"damage":0,"enemies":"3 Cultists","floor":29,"turns":5},{"damage":3,"enemies":"Centurion and Healer","floor":31,"turns":5},{"damage":10,"enemies":"Automaton","floor":33,"turns":8},{"damage":13,"enemies":"3 Shapes","floor":35,"turns":4},{"damage":12,"enemies":"3 Darklings","floor":36,"turns":4},{"damage":20,"enemies":"Maw","floor":37,"turns":8},{"damage":33,"enemies":"Giant Head","floor":41,"turns":9},{"damage":30,"enemies":"Reptomancer","floor":44,"turns":7},{"damage":5,"enemies":"Spire Growth","floor":46,"turns":6},{"damage":57,"enemies":"Donu and Deca","floor":50,"turns":7}],"seed_played":"6650786257863971521","potions_obtained":[{"floor":2,"key":"SteroidPotion"},{"floor":11,"key":"PowerPotion"},{"floor":13,"key":"FairyPotion"},{"floor":18,"key":"FearPotion"},{"floor":24,"key":"Dexterity Potion"},{"floor":33,"key":"Swift Potion"},{"floor":35,"key":"Weak Potion"},{"floor":36,"key":"Ancient Potion"}],"is_trial":false,"path_per_floor":["M","M","M","?","M","R","M","R","T","R","M","R","E","M","R","B",null,"M","?","?","$","?","R","M","M","T","M","?","M","?","M","R","B",null,"M","M","M","?","?","R","E","R","T","E","R","M","R","T","R","B",null],"character_chosen":"DEFECT","items_purchased":["Panache"],"campfire_rested":8,"item_purchase_floors":[21],"current_hp_per_floor":[47,47,36,36,9,31,9,9,19,19,19,19,12,12,37,29,71,39,39,39,39,39,39,39,13,13,12,12,12,12,9,34,24,70,57,45,25,46,46,71,38,63,63,33,58,53,78,78,85,28],"gold":153,"neow_bonus":"BOSS_RELIC","is_prod":false,"is_daily":false,"chose_seed":false,"campfire_upgraded":3,"win_rate":0,"timestamp":1556599006,"path_taken":["M","M","M","?","M","R","M","R","T","R","M","R","E","M","R","BOSS","M","?","?","$","?","R","?","M","T","M","?","M","?","?","R","BOSS","M","?","M","?","?","R","E","R","T","E","R","M","R","?","R","BOSS"],"build_version":"2019-01-23","purchased_purges":1,"victory":true,"max_hp_per_floor":[75,75,75,75,75,75,75,75,85,85,85,85,85,85,85,85,85,85,85,85,85,85,85,85,85,85,85,85,85,85,85,85,85,85,85,85,85,85,85,85,85,85,85,85,85,85,85,85,85,85],"card_choices":[{"not_picked":["Turbo","Rip and Tear"],"picked":"Steam","floor":1},{"not_picked":["Coolheaded","Streamline","Scrape"],"picked":"SKIP","floor":2},{"not_picked":["Defragment","Streamline"],"picked":"Genetic Algorithm","floor":3},{"not_picked":["Skim","Hologram"],"picked":"Ball Lightning","floor":5},{"not_picked":["Streamline","Beam Cell"],"picked":"Go for the Eyes","floor":7},{"not_picked":["Loop","Hologram"],"picked":"Beam Cell","floor":11},{"not_picked":["Echo Form","Tempest"],"picked":"Go for the Eyes","floor":13},{"not_picked":["Sweeping Beam+1","Heatsinks"],"picked":"Hello World","floor":14},{"not_picked":["Reboot","Rainbow"],"picked":"Echo Form","floor":16},{"not_picked":["Hologram+1","Barrage+1"],"picked":"Auto Shields","floor":18},{"not_picked":["Hello World+1","Streamline+1"],"picked":"Leap","floor":24},{"not_picked":["Cold Snap+1","Rebound+1","Sunder+1"],"picked":"SKIP","floor":25},{"not_picked":["Heatsinks+1","Fusion+1","Ball Lightning+1"],"picked":"SKIP","floor":27},{"not_picked":["Ball Lightning+1","Static Discharge","Redo"],"picked":"SKIP","floor":29},{"not_picked":["Coolheaded+1","Rip and Tear+1"],"picked":"Steam+1","floor":31},{"not_picked":["Multi-Cast","Thunder Strike+1"],"picked":"Creative AI","floor":33},{"not_picked":["Cold Snap+1","Doom and Gloom+1"],"picked":"Coolheaded+1","floor":35},{"not_picked":["Redo+1","Force Field"],"picked":"Beam Cell+1","floor":36},{"not_picked":["Beam Cell+1","Go for the Eyes+1"],"picked":"Leap","floor":37},{"not_picked":["Conserve Battery","Sweeping Beam+1"],"picked":"Turbo+1","floor":41},{"not_picked":["Rainbow","White Noise"],"picked":"Recycle+1","floor":44},{"not_picked":["Sweeping Beam+1","Undo+1","Self Repair+1"],"picked":"SKIP","floor":46}],"player_experience":572867,"relics_obtained":[{"floor":9,"key":"Pear"},{"floor":13,"key":"Molten Egg 2"},{"floor":17,"key":"Happy Flower"},{"floor":17,"key":"Dodecahedron"},{"floor":17,"key":"Peace Pipe"},{"floor":26,"key":"Omamori"},{"floor":41,"key":"Blue Candle"},{"floor":43,"key":"Ornamental Fan"},{"floor":44,"key":"Cables"},{"floor":48,"key":"Symbiotic Virus"}],"event_choices":[{"damage_healed":0,"gold_gain":0,"cards_transformed":["Force Field"],"player_choice":"Transformed","damage_taken":0,"max_hp_gain":0,"max_hp_loss":0,"event_name":"Transmorgrifier","floor":4,"gold_loss":0,"cards_obtained":["Barrage"]},{"cards_removed":["Normality"],"damage_healed":0,"gold_gain":0,"player_choice":"Elegance","damage_taken":0,"max_hp_gain":0,"max_hp_loss":0,"event_name":"Back to Basics","floor":19,"gold_loss":0},{"damage_healed":0,"gold_gain":0,"player_choice":"Ignored","damage_taken":0,"max_hp_gain":0,"max_hp_loss":0,"event_name":"Ghosts","floor":20,"gold_loss":0},{"damage_healed":0,"gold_gain":0,"player_choice":"Ignored","damage_taken":0,"max_hp_gain":0,"max_hp_loss":0,"event_name":"Beggar","floor":22,"gold_loss":0},{"damage_healed":0,"gold_gain":0,"player_choice":"Ignored","damage_taken":0,"max_hp_gain":0,"max_hp_loss":0,"event_name":"Cursed Tome","floor":28,"gold_loss":0},{"cards_removed":["Sunder"],"damage_healed":0,"gold_gain":0,"player_choice":"Upgrade and Remove","damage_taken":0,"max_hp_gain":0,"max_hp_loss":0,"event_name":"Designer","floor":30,"gold_loss":90,"cards_upgraded":["Steam"]},{"damage_healed":21,"gold_gain":0,"player_choice":"Writhe","damage_taken":0,"max_hp_gain":0,"max_hp_loss":0,"event_name":"Winding Halls","floor":38,"gold_loss":0,"cards_obtained":["Writhe"]},{"damage_healed":0,"gold_gain":0,"player_choice":"Paid","damage_taken":0,"relics_obtained":["Red Mask"],"max_hp_gain":0,"max_hp_loss":0,"event_name":"Tomb of Lord Red Mask","floor":39,"gold_loss":201}],"is_beta":false,"boss_relics":[{"not_picked":["Empty Cage","Snecko Eye"],"picked":"Calling Bell"},{"not_picked":["Runic Pyramid","Coffee Dripper"],"picked":"Cursed Key"}],"items_purged_floors":[21],"is_endless":false,"potions_floor_spawned":[2,11,13,18,24,25,33,35,36,44],"ascension_level":11}