{"gold_per_floor":[114,114,133,150,165,165,177,208,284,35,61,117,129,147,147,242,242,259,106,139,139,150,150,182,194,281,304,329,356,394,425,437,547,559,589,601,623,635,151,151,184,184,184,184,10,26,40,59,59,59],"floor_reached":51,"playtime":5674,"items_purged":["Reckless Charge+1","J.A.X."],"score":756,"play_id":"fce9e5d5-cef9-4502-be72-fca28e2e5ce7","local_time":"20191018191140","is_ascension_mode":false,"campfire_choices":[{"data":"Uppercut","floor":6.0,"key":"SMITH"},{"data":"Inflame","floor":15.0,"key":"SMITH"},{"data":"Flame Barrier","floor":23.0,"key":"SMITH"},{"data":"Clothesline","floor":25.0,"key":"SMITH"},{"data":"Cleave","floor":32.0,"key":"SMITH"},{"floor":40.0,"key":"RECALL"},{"floor":42.0,"key":"REST"},{"floor":44.0,"key":"REST"},{"floor":49.0,"key":"REST"}],"neow_cost":"NONE","seed_source_timestamp":0,"circlet_count":0,"master_deck":["Strike_R","Strike_R","Strike_R","Defend_R","Defend_R","Defend_R","Bash","Shockwave+1","Shrug It Off","Battle Trance","Uppercut+1","Second Wind","Clothesline+1","Armaments","Inflame+1","Reaper","Ghostly Armor+1","Disarm+1","Sentinel","Metallicize","Flame Barrier+1","Shrug It Off+1","Body Slam+1","Body Slam+1","Body Slam+1","Cleave+1","Cleave","Mayhem","Bludgeon","Spot Weakness+1","Bludgeon+1","Feel No Pain+1","Seeing Red"],"special_seed":0,"relics":["Burning Blood","Sundial","Kunai","Shuriken","Mango","Pen Nib","Astrolabe","Red Mask","MawBank","Bottled Flame","Vajra","Fusion Hammer","Pear","Molten Egg 2","Ice Cream"],"potions_floor_usage":[50,50,50],"damage_taken":[{"damage":0.0,"enemies":"Small Slimes","floor":1.0,"turns":3.0},{"damage":4.0,"enemies":"Cultist","floor":3.0,"turns":4.0},{"damage":6.0,"enemies":"2 Louse","floor":4.0,"turns":4.0},{"damage":5.0,"enemies":"Large Slime","floor":5.0,"turns":7.0},{"damage":4.0,"enemies":"Blue Slaver","floor":7.0,"turns":4.0},{"damage":26.0,"enemies":"Lagavulin","floor":8.0,"turns":8.0},{"damage":14.0,"enemies":"Gremlin Nob","floor":11.0,"turns":4.0},{"damage":23.0,"enemies":"Gremlin Nob","floor":12.0,"turns":5.0},{"damage":11.0,"enemies":"Exordium Wildlife","floor":13.0,"turns":5.0},{"damage":1.0,"enemies":"3 Louse","floor":14.0,"turns":5.0},{"damage":19.0,"enemies":"Hexaghost","floor":16.0,"turns":11.0},{"damage":15.0,"enemies":"Shell Parasite","floor":18.0,"turns":8.0},{"damage":27.0,"enemies":"Masked Bandits","floor":20.0,"turns":6.0},{"damage":8.0,"enemies":"Chosen","floor":22.0,"turns":8.0},{"damage":70.0,"enemies":"Gremlin Leader","floor":24.0,"turns":10.0},{"damage":22.0,"enemies":"Centurion and Healer","floor":27.0,"turns":13.0},{"damage":28.0,"enemies":"Sentry and Sphere","floor":28.0,"turns":9.0},{"damage":18.0,"enemies":"Chosen and Byrds","floor":29.0,"turns":9.0},{"damage":35.0,"enemies":"Slavers","floor":30.0,"turns":9.0},{"damage":0.0,"enemies":"Centurion and Healer","floor":31.0,"turns":7.0},{"damage":119.0,"enemies":"Collector","floor":33.0,"turns":16.0},{"damage":0.0,"enemies":"3 Shapes","floor":35.0,"turns":53.0},{"damage":0.0,"enemies":"Orb Walker","floor":37.0,"turns":2.0},{"damage":78.0,"enemies":"Nemesis","floor":41.0,"turns":11.0},{"damage":6.0,"enemies":"Transient","floor":46.0,"turns":5.0},{"damage":21.0,"enemies":"Sphere and 2 Shapes","floor":47.0,"turns":6.0},{"damage":26.0,"enemies":"Jaw Worm Horde","floor":48.0,"turns":4.0},{"damage":27,"enemies":"Time Eater","floor":50,"turns":11}],"seed_played":"5785487346468063660","potions_obtained":[{"floor":3.0,"key":"Poison Potion"},{"floor":7.0,"key":"PowerPotion"},{"floor":11.0,"key":"Explosive Potion"},{"floor":13.0,"key":"GamblersBrew"},{"floor":16.0,"key":"AttackPotion"},{"floor":27.0,"key":"Strength Potion"},{"floor":28.0,"key":"BloodPotion"},{"floor":30.0,"key":"BloodPotion"},{"floor":46.0,"key":"Strength Potion"},{"floor":48.0,"key":"Weak Potion"}],"is_trial":false,"path_per_floor":["M","?","M","M","M","R","M","E","T","$","E","?","M","M","R","B",null,"M","$","?","?","M","R","E","R","T","M","M","M","E","M","R","B",null,"M","?","M","?","$","R","E","R","T","R","$","M","M","M","R","B",null],"character_chosen":"IRONCLAD","items_purchased":["Shuriken","Metallicize","Pear","Bludgeon","Bludgeon+1","Swift Potion","FearPotion"],"campfire_rested":3,"item_purchase_floors":[10,19,39,39,45,45,45],"current_hp_per_floor":[80,80,80,80,80,80,80,60,60,60,66,49,44,49,49,36,94,89,89,68,68,78,78,58,58,58,52,30,26,20,79,79,26,94,94,94,94,94,104,104,47,78,78,104,104,104,89,82,104,95],"gold":59,"neow_bonus":"THREE_CARDS","is_prod":false,"is_daily":false,"chose_seed":false,"campfire_upgraded":5,"win_rate":0,"timestamp":1571451100,"path_taken":["M","?","M","M","M","R","M","E","T","?","E","?","M","M","R","BOSS","M","$","?","?","M","R","E","R","T","M","?","M","E","M","R","BOSS","M","?","M","?","$","R","E","R","T","R","$","M","M","M","R","BOSS"],"build_version":"2019-07-17","purchased_purges":2,"victory":true,"max_hp_per_floor":[80,80,80,80,80,80,80,80,80,80,94,94,94,94,94,94,94,94,94,94,94,94,94,94,94,94,94,94,94,94,94,94,94,94,94,94,94,94,104,104,104,104,104,104,104,104,104,104,104,104],"card_choices":[{"not_picked":["Shrug It Off","Bloodletting"],"picked":"Shockwave","floor":0.0},{"not_picked":["Cleave","Evolve"],"picked":"Shrug It Off","floor":1.0},{"not_picked":["Bloodletting","True Grit"],"picked":"Battle Trance","floor":3.0},{"not_picked":["Armaments","Thunderclap"],"picked":"Uppercut","floor":4.0},{"not_picked":["Intimidate","Rampage"],"picked":"Second Wind","floor":5.0},{"not_picked":["Cleave","Evolve","Sword Boomerang"],"picked":"SKIP","floor":7.0},{"not_picked":["Warcry","Iron Wave","Brutality"],"picked":"SKIP","floor":8.0},{"not_picked":["True Grit","Twin Strike"],"picked":"Clothesline","floor":11.0},{"not_picked":["Rage","True Grit"],"picked":"Armaments","floor":13.0},{"not_picked":["Dropkick","Flex"],"picked":"Inflame","floor":14.0},{"not_picked":["Dark Embrace","Immolate"],"picked":"Reaper","floor":16.0},{"not_picked":["Headbutt+1","Fire Breathing"],"picked":"Sentinel","floor":18.0},{"not_picked":["Anger","Corruption"],"picked":"Flame Barrier","floor":20.0},{"not_picked":["Twin Strike","Perfected Strike+1"],"picked":"Shrug It Off+1","floor":22.0},{"not_picked":["Sentinel","Fire Breathing+1"],"picked":"Body Slam+1","floor":24.0},{"not_picked":["Feel No Pain","Twin Strike","Infernal Blade+1"],"picked":"SKIP","floor":27.0},{"not_picked":["Perfected Strike","Havoc+1","Clothesline"],"picked":"SKIP","floor":28.0},{"not_picked":["Shrug It Off","Flex+1"],"picked":"Body Slam+1","floor":29.0},{"not_picked":["Shrug It Off","Infernal Blade+1"],"picked":"Body Slam+1","floor":30.0},{"not_picked":["Immolate","Cleave","Wild Strike"],"picked":"SKIP","floor":31.0},{"not_picked":["Immolate","Wild Strike"],"picked":"Cleave","floor":31.0},{"not_picked":["Brutality","Impervious"],"picked":"Barricade","floor":33.0},{"not_picked":["Power Through","Shrug It Off+1"],"picked":"Cleave","floor":35.0},{"not_picked":["Chrysalis","Secret Weapon"],"picked":"Mayhem","floor":36.0},{"not_picked":["Combust","Twin Strike+1","Inflame+1"],"picked":"SKIP","floor":37.0},{"not_picked":["Seeing Red","Hemokinesis"],"picked":"Spot Weakness+1","floor":41.0},{"not_picked":["Evolve","Sever Soul+1"],"picked":"Feel No Pain+1","floor":46.0},{"not_picked":["Thunderclap+1","Heavy Blade+1","True Grit+1"],"picked":"SKIP","floor":47.0},{"not_picked":["Clash+1","Pummel+1"],"picked":"Seeing Red","floor":48.0}],"player_experience":716475,"relics_obtained":[{"floor":8.0,"key":"Sundial"},{"floor":9.0,"key":"Kunai"},{"floor":11.0,"key":"Mango"},{"floor":12.0,"key":"Pen Nib"},{"floor":20.0,"key":"Red Mask"},{"floor":24.0,"key":"MawBank"},{"floor":26.0,"key":"Bottled Flame"},{"floor":30.0,"key":"Vajra"},{"floor":41.0,"key":"Molten Egg 2"},{"floor":43.0,"key":"Ice Cream"}],"event_choices":[{"damage_healed":0.0,"max_hp_gain":0.0,"max_hp_loss":0.0,"gold_gain":0.0,"event_name":"Upgrade Shrine","player_choice":"Upgraded","floor":2.0,"gold_loss":0.0,"damage_taken":0.0,"cards_upgraded":["Shockwave"]},{"damage_healed":0.0,"max_hp_gain":0.0,"max_hp_loss":0.0,"gold_gain":30.0,"event_name":"Dead Adventurer","player_choice":"Searched \u00272\u0027 times","floor":12.0,"gold_loss":0.0,"damage_taken":0.0},{"damage_healed":0.0,"max_hp_gain":0.0,"max_hp_loss":0.0,"gold_gain":0.0,"event_name":"Masked Bandits","player_choice":"Fought Bandits","floor":20.0,"gold_loss":0.0,"damage_taken":0.0},{"damage_healed":0.0,"max_hp_gain":0.0,"max_hp_loss":0.0,"gold_gain":0.0,"event_name":"Drug Dealer","player_choice":"Obtain J.A.X.","floor":21.0,"gold_loss":0.0,"damage_taken":0.0,"cards_obtained":["J.A.X."]},{"damage_healed":0.0,"max_hp_gain":0.0,"max_hp_loss":0.0,"gold_gain":0.0,"event_name":"SensoryStone","player_choice":"Memory 1","floor":36.0,"gold_loss":0.0,"damage_taken":0.0},{"cards_removed":["Barricade"],"damage_healed":0.0,"max_hp_gain":0.0,"max_hp_loss":0.0,"gold_gain":0.0,"event_name":"Falling","player_choice":"Removed Power","floor":38.0,"gold_loss":0.0,"damage_taken":0.0}],"is_beta":false,"boss_relics":[{"not_picked":["Eternal Feather","Philosopher\u0027s Stone"],"picked":"Astrolabe"},{"not_picked":["White Beast Statue","Runic Dome"],"picked":"Fusion Hammer"}],"items_purged_floors":[19,39],"is_endless":false,"potions_floor_spawned":[3,7,11,13,14,16,27,28,30,46,48],"ascension_level":0}