{"gold_per_floor":[113,130,141,156,167,202,202,202,202,216,233,198,212,245,245,245],"floor_reached":16,"playtime":805,"items_purged":[],"score":232,"play_id":"7e20a627-a98f-44e1-8c08-284b224e441a","local_time":"20190527142851","is_ascension_mode":true,"campfire_choices":[{"data":"Uppercut","floor":7,"key":"SMITH"},{"floor":15,"key":"REST"}],"neow_cost":"NONE","seed_source_timestamp":80567180318584,"circlet_count":0,"master_deck":["AscendersBane","Strike_R","Strike_R","Strike_R","Strike_R","Strike_R","Defend_R","Defend_R","Defend_R","Defend_R","Bash","Uppercut+1","Pommel Strike","Intimidate","Flex+1","Intimidate+1"],"relics":["Burning Blood","NeowsBlessing","Toxic Egg 2","FaceOfCleric","Dodecahedron","Matryoshka"],"potions_floor_usage":[6,14,14],"damage_taken":[{"damage":0,"enemies":"Cultist","floor":1,"turns":1},{"damage":0,"enemies":"Small Slimes","floor":2,"turns":1},{"damage":0,"enemies":"Jaw Worm","floor":3,"turns":1},{"damage":8,"enemies":"Looter","floor":4,"turns":4},{"damage":5,"enemies":"Blue Slaver","floor":5,"turns":5},{"damage":27,"enemies":"Gremlin Nob","floor":6,"turns":4},{"damage":32,"enemies":"Gremlin Gang","floor":10,"turns":6},{"damage":12,"enemies":"2 Fungi Beasts","floor":11,"turns":3},{"damage":6,"enemies":"3 Louse","floor":13,"turns":4},{"damage":15,"enemies":"Lagavulin","floor":14,"turns":4},{"damage":59,"enemies":"Hexaghost","floor":16,"turns":9}],"seed_played":"9114140443047971129","potions_obtained":[{"floor":2,"key":"FearPotion"},{"floor":10,"key":"AttackPotion"},{"floor":11,"key":"Fire Potion"}],"is_trial":false,"path_per_floor":["M","M","M","M","M","E","R","?","T","M","M","?","M","E","R","B"],"character_chosen":"IRONCLAD","items_purchased":[],"campfire_rested":1,"item_purchase_floors":[],"current_hp_per_floor":[74,75,75,73,74,53,53,53,53,28,23,42,43,35,58,0],"gold":245,"neow_bonus":"THREE_ENEMY_KILL","is_prod":false,"is_daily":false,"chose_seed":false,"campfire_upgraded":1,"win_rate":0,"timestamp":1558992531,"path_taken":["M","M","M","M","M","E","R","?","T","M","?","?","M","E","R","BOSS"],"build_version":"2019-01-23","purchased_purges":0,"victory":false,"max_hp_per_floor":[75,75,75,75,75,75,75,75,75,76,77,77,78,79,79,79],"card_choices":[{"not_picked":["Headbutt","True Grit"],"picked":"Uppercut","floor":1},{"not_picked":["Iron Wave","Flex"],"picked":"Pommel Strike","floor":2},{"not_picked":["Clothesline","Cleave"],"picked":"Intimidate","floor":3},{"not_picked":["Reckless Charge","Dual Wield","Headbutt"],"picked":"SKIP","floor":4},{"not_picked":["Reckless Charge","Flex","Iron Wave"],"picked":"SKIP","floor":5},{"not_picked":["Cleave","Havoc","Burning Pact"],"picked":"SKIP","floor":6},{"not_picked":["Combust","Intimidate+1"],"picked":"Flex+1","floor":10},{"not_picked":["Headbutt","Power Through+1"],"picked":"Intimidate+1","floor":11},{"not_picked":["Offering+1","Second Wind+1","Corruption"],"picked":"SKIP","floor":13},{"not_picked":["Perfected Strike","Sword Boomerang","Thunderclap"],"picked":"SKIP","floor":14}],"player_experience":626714,"relics_obtained":[{"floor":6,"key":"Toxic Egg 2"},{"floor":9,"key":"Dodecahedron"},{"floor":14,"key":"Matryoshka"}],"event_choices":[{"damage_healed":0,"gold_gain":0,"player_choice":"Trade","damage_taken":0,"relics_obtained":["FaceOfCleric"],"max_hp_gain":0,"max_hp_loss":0,"event_name":"FaceTrader","floor":8,"gold_loss":0},{"damage_healed":19,"gold_gain":0,"player_choice":"Healed","damage_taken":0,"max_hp_gain":0,"max_hp_loss":0,"event_name":"The Cleric","floor":12,"gold_loss":35}],"is_beta":false,"boss_relics":[],"items_purged_floors":[],"is_endless":false,"potions_floor_spawned":[2,10,11],"killed_by":"Hexaghost","ascension_level":20}