{"gold_per_floor":[119,138,156,231,281,281,0,28,105,105,126,12,12,12,12,110,173,191,191,106,119,119],"floor_reached":22,"playtime":1209,"items_purged":["Strike_B"],"score":355,"play_id":"75e72664-abe1-4631-9185-13c541a671d1","local_time":"20191016230743","is_ascension_mode":true,"campfire_choices":[{"data":"Cold Snap","floor":6.0,"key":"SMITH"},{"floor":13.0,"key":"REST"},{"floor":15.0,"key":"REST"}],"neow_cost":"NONE","seed_source_timestamp":137738391183600,"circlet_count":0,"master_deck":["AscendersBane","Strike_B","Strike_B","Strike_B","Defend_B","Defend_B","Defend_B","Defend_B","Zap","Dualcast","Cold Snap+1","Skim+1","Sweeping Beam","FTL","Melter","Injury","Defragment+1","Coolheaded","Loop","Seek","Hologram","Undo"],"special_seed":0,"relics":["Cracked Core","Pen Nib","DataDisk","Ice Cream","The Courier","Golden Idol","Tiny House","Enchiridion","Bronze Scales"],"potions_floor_usage":[22],"damage_taken":[{"damage":6.0,"enemies":"Jaw Worm","floor":1.0,"turns":4.0},{"damage":0.0,"enemies":"Small Slimes","floor":2.0,"turns":2.0},{"damage":2.0,"enemies":"2 Louse","floor":3.0,"turns":3.0},{"damage":8.0,"enemies":"3 Sentries","floor":8.0,"turns":5.0},{"damage":36.0,"enemies":"Exordium Thugs","floor":11.0,"turns":4.0},{"damage":20.0,"enemies":"The Guardian","floor":16.0,"turns":12.0},{"damage":23.0,"enemies":"Chosen","floor":18.0,"turns":4.0},{"damage":12.0,"enemies":"3 Byrds","floor":21.0,"turns":3.0},{"damage":18,"enemies":"Centurion and Healer","floor":22,"turns":2}],"seed_played":"9172016105859448531","potions_obtained":[{"floor":0.0,"key":"Fire Potion"},{"floor":0.0,"key":"FearPotion"},{"floor":2.0,"key":"Fruit Juice"},{"floor":8.0,"key":"FearPotion"},{"floor":16.0,"key":"FocusPotion"}],"is_trial":false,"path_per_floor":["M","M","M","?","T","R","$","E","T","?","M","$","R","?","R","B",null,"M","?","?","M","M"],"character_chosen":"DEFECT","items_purchased":["DataDisk","FTL","Coolheaded","Loop"],"campfire_rested":2,"item_purchase_floors":[7,7,12,12],"current_hp_per_floor":[58,58,61,50,50,50,50,42,42,42,6,6,28,28,50,30,70,47,26,26,14,0],"gold":119,"neow_bonus":"THREE_SMALL_POTIONS","is_prod":false,"is_daily":false,"chose_seed":false,"campfire_upgraded":1,"win_rate":0,"timestamp":1571292463,"path_taken":["M","M","M","?","?","R","$","E","T","?","M","?","R","?","R","BOSS","M","?","?","M","M"],"build_version":"2019-07-17","purchased_purges":1,"victory":false,"max_hp_per_floor":[71,71,76,76,76,76,76,76,76,76,76,76,76,76,76,76,81,81,81,81,81,81],"card_choices":[{"not_picked":["Leap","Rebound"],"picked":"Cold Snap","floor":1.0},{"not_picked":["Ball Lightning","Reprogram"],"picked":"Skim","floor":2.0},{"not_picked":["Redo","Heatsinks"],"picked":"Sweeping Beam","floor":3.0},{"not_picked":["Compile Driver","Turbo"],"picked":"Melter","floor":8.0},{"not_picked":["Steam","Hello World"],"picked":"Defragment","floor":11.0},{"not_picked":["Machine Learning","Multi-Cast"],"picked":"Seek","floor":16.0},{"not_picked":["Leap","Undo"],"picked":"Hologram","floor":17.0},{"not_picked":["Ball Lightning","Thunder Strike"],"picked":"Undo","floor":18.0},{"not_picked":["Undo","Reprogram","Beam Cell"],"picked":"SKIP","floor":21.0}],"player_experience":705984,"relics_obtained":[{"floor":5.0,"key":"Pen Nib"},{"floor":8.0,"key":"Ice Cream"},{"floor":9.0,"key":"The Courier"},{"floor":19.0,"key":"Enchiridion"}],"event_choices":[{"damage_healed":0.0,"max_hp_gain":0.0,"max_hp_loss":0.0,"gold_gain":75.0,"event_name":"World of Goop","player_choice":"Gather Gold","floor":4.0,"gold_loss":0.0,"damage_taken":11.0},{"damage_healed":0.0,"max_hp_gain":0.0,"max_hp_loss":0.0,"gold_gain":0.0,"event_name":"Golden Idol","player_choice":"Take Wound","floor":10.0,"gold_loss":0.0,"damage_taken":0.0,"relics_obtained":["Golden Idol"],"cards_obtained":["Injury"]},{"damage_healed":0.0,"max_hp_gain":0.0,"max_hp_loss":0.0,"gold_gain":0.0,"event_name":"Living Wall","player_choice":"Grow","floor":14.0,"gold_loss":0.0,"damage_taken":0.0,"cards_upgraded":["Defragment"]},{"damage_healed":0.0,"max_hp_gain":0.0,"max_hp_loss":0.0,"gold_gain":0.0,"event_name":"Cursed Tome","player_choice":"Obtained Book","floor":19.0,"gold_loss":0.0,"damage_taken":21.0},{"damage_healed":0.0,"max_hp_gain":0.0,"max_hp_loss":0.0,"gold_gain":0.0,"event_name":"Addict","player_choice":"Obtained Relic","floor":20.0,"gold_loss":85.0,"damage_taken":0.0,"relics_obtained":["Bronze Scales"]}],"is_beta":false,"boss_relics":[{"not_picked":["Ectoplasm","Calling Bell"],"picked":"Tiny House"}],"items_purged_floors":[7],"is_endless":false,"potions_floor_spawned":[2,8,16],"killed_by":"Centurion and Healer","ascension_level":19}