{"gold_per_floor":[117,127,9,9,23,50,50,64,64,84,99,99,118,130,130,207,207,223,240,240],"floor_reached":20,"playtime":669,"items_purged":["Strike_B"],"score":351,"play_id":"5e5151f5-7faa-4b38-9df5-8c705aaddcdc","local_time":"20191017150157","is_ascension_mode":true,"campfire_choices":[{"floor":7,"key":"REST"},{"floor":12,"key":"REST"},{"floor":15,"key":"REST"}],"neow_cost":"NONE","seed_source_timestamp":195585426568800,"circlet_count":0,"master_deck":["AscendersBane","Strike_B","Strike_B","Defend_B","Defend_B","Defend_B","Defend_B","Zap","Dualcast","Hologram","Melter","FTL","Skim","Compile Driver","Seek","Cold Snap","Leap","Cold Snap","Barrage","Go for the Eyes","Biased Cognition","Loop"],"relics":["Cracked Core","NeowsBlessing","Gremlin Horn","Singing Bowl","Sozu"],"potions_floor_usage":[6,6,16,16],"damage_taken":[{"damage":0,"enemies":"Cultist","floor":1,"turns":1},{"damage":0,"enemies":"Small Slimes","floor":2,"turns":1},{"damage":0,"enemies":"Jaw Worm","floor":5,"turns":1},{"damage":44,"enemies":"Lagavulin","floor":6,"turns":7},{"damage":6,"enemies":"Looter","floor":8,"turns":2},{"damage":7,"enemies":"Blue Slaver","floor":10,"turns":3},{"damage":0,"enemies":"Large Slime","floor":11,"turns":5},{"damage":1,"enemies":"Exordium Wildlife","floor":13,"turns":3},{"damage":7,"enemies":"Red Slaver","floor":14,"turns":4},{"damage":13,"enemies":"Slime Boss","floor":16,"turns":10},{"damage":25,"enemies":"Shell Parasite","floor":18,"turns":3},{"damage":29,"enemies":"Chosen","floor":19,"turns":4},{"damage":17,"enemies":"Snake Plant","floor":20,"turns":1}],"seed_played":"4453409811381804046","potions_obtained":[{"floor":2,"key":"Weak Potion"},{"floor":5,"key":"Weak Potion"},{"floor":8,"key":"AttackPotion"},{"floor":13,"key":"Strength Potion"}],"is_trial":false,"path_per_floor":["M","M","$","?","M","E","R","M","T","M","M","R","M","M","R","B",null,"M","M","M"],"character_chosen":"DEFECT","items_purchased":["FTL"],"campfire_rested":3,"item_purchase_floors":[3],"current_hp_per_floor":[64,64,64,64,64,20,41,35,35,28,28,49,48,41,62,49,66,41,14,0],"gold":240,"neow_bonus":"THREE_ENEMY_KILL","is_prod":false,"is_daily":false,"chose_seed":false,"campfire_upgraded":0,"win_rate":0,"timestamp":1571349717,"path_taken":["M","?","$","?","M","E","R","M","T","M","?","R","M","M","R","BOSS","M","M","M"],"build_version":"2019-07-17","purchased_purges":1,"victory":false,"max_hp_per_floor":[71,71,71,71,71,71,71,71,71,71,71,71,71,71,71,71,71,71,73,73],"card_choices":[{"not_picked":["Leap","Blizzard"],"picked":"Hologram","floor":1},{"not_picked":["Streamline","Fusion"],"picked":"Melter","floor":2},{"not_picked":["Stack","Rebound"],"picked":"Compile Driver","floor":5},{"not_picked":["Hologram","Stack"],"picked":"Seek","floor":6},{"not_picked":["Compile Driver","Streamline"],"picked":"Cold Snap","floor":8},{"not_picked":["Hyperbeam","Stack"],"picked":"Leap","floor":10},{"not_picked":["Melter","Stack"],"picked":"Cold Snap","floor":11},{"not_picked":["Lockon","Blizzard"],"picked":"Barrage","floor":13},{"not_picked":["Doom and Gloom","Turbo"],"picked":"Go for the Eyes","floor":14},{"not_picked":["All For One","Hyperbeam"],"picked":"Biased Cognition","floor":16},{"not_picked":["Gash","Streamline"],"picked":"Loop","floor":18},{"not_picked":["Lockon","FTL+1","Stack"],"picked":"Singing Bowl","floor":19}],"player_experience":710802,"relics_obtained":[{"floor":6,"key":"Gremlin Horn"},{"floor":9,"key":"Singing Bowl"}],"event_choices":[{"damage_healed":0,"gold_gain":0,"cards_transformed":["Strike_B"],"player_choice":"Transformed","damage_taken":0,"max_hp_gain":0,"max_hp_loss":0,"event_name":"Transmorgrifier","floor":4,"gold_loss":0,"cards_obtained":["Skim"]}],"is_beta":false,"boss_relics":[{"not_picked":["Runic Dome","Fusion Hammer"],"picked":"Sozu"}],"items_purged_floors":[3],"is_endless":false,"potions_floor_spawned":[2,5,8,13],"killed_by":"Snake Plant","ascension_level":19}