{"gold_per_floor":[111,1,1,1,1,39,39,4,31,106,106,158,158,198,198,321,321,339,539,552,477,24,24,37,60,60,81,101,125,125,135,135,233,233,245,258,64,75,0,0,12,12,63,63,73,91,42,56,56,56],"floor_reached":50,"playtime":2982,"items_purged":["Pain"],"score":452,"play_id":"78faf212-0dfb-4e6e-a490-9cddcff67101","local_time":"20190602143602","is_ascension_mode":false,"campfire_choices":[{"floor":7,"key":"REST"},{"data":"Zap","floor":11,"key":"SMITH"},{"data":"Dualcast","floor":13,"key":"SMITH"},{"floor":15,"key":"REST"},{"data":"Go for the Eyes","floor":23,"key":"SMITH"},{"floor":32,"key":"REST"},{"floor":40,"key":"REST"},{"floor":42,"key":"REST"},{"floor":49,"key":"RECALL"}],"neow_cost":"CURSE","seed_source_timestamp":8979466095400,"circlet_count":0,"master_deck":["Strike_B","Strike_B","Defend_B","Defend_B","Zap+1","Dualcast+1","Darkness+1","Conserve Battery","Redo+1","Electrodynamics","Go for the Eyes+1","Rip and Tear+1","Coolheaded+1","Chill+1","Loop","BootSequence+1","Darkness+1","Core Surge","Amplify+1","Meteor Strike+1","Coolheaded+1","Creative AI+1","Glacier+1","Conserve Battery+1","Steam+1","Chaos+1","Force Field+1","Turbo+1","Consume+1","Sweeping Beam","Defragment+1"],"relics":["FrozenCore","Bird Faced Urn","Bloody Idol","Ornamental Fan","Torii","Toxic Egg 2","Gambling Chip","Bronze Scales","Potion Belt","Astrolabe","PreservedInsect","Red Mask","Regal Pillow"],"potions_floor_usage":[16,20,24,25,27,31,31,31,33,33,33,41,46,48,50],"damage_taken":[{"damage":4,"enemies":"Cultist","floor":1,"turns":4},{"damage":26,"enemies":"Lagavulin","floor":6,"turns":6},{"damage":10,"enemies":"3 Sentries","floor":14,"turns":4},{"damage":36,"enemies":"Hexaghost","floor":16,"turns":9},{"damage":10,"enemies":"Spheric Guardian","floor":18,"turns":4},{"damage":18,"enemies":"3 Byrds","floor":20,"turns":5},{"damage":9,"enemies":"Snake Plant","floor":24,"turns":3},{"damage":16,"enemies":"Centurion and Healer","floor":25,"turns":3},{"damage":0,"enemies":"Cultist and Chosen","floor":27,"turns":6},{"damage":6,"enemies":"3 Cultists","floor":28,"turns":3},{"damage":1,"enemies":"Shelled Parasite and Fungi","floor":29,"turns":6},{"damage":0,"enemies":"Snecko","floor":31,"turns":6},{"damage":49,"enemies":"Collector","floor":33,"turns":7},{"damage":24,"enemies":"3 Darklings","floor":35,"turns":5},{"damage":16,"enemies":"Orb Walker","floor":36,"turns":4},{"damage":50,"enemies":"Maw","floor":38,"turns":10},{"damage":48,"enemies":"Spire Growth","floor":41,"turns":6},{"damage":19,"enemies":"Sphere and 2 Shapes","floor":45,"turns":10},{"damage":19,"enemies":"Writhing Mass","floor":46,"turns":7},{"damage":20,"enemies":"Transient","floor":48,"turns":5},{"damage":70,"enemies":"Awakened One","floor":50,"turns":6}],"seed_played":"-1572874426751032533","potions_obtained":[{"floor":6,"key":"SneckoOil"},{"floor":16,"key":"Weak Potion"},{"floor":20,"key":"Explosive Potion"},{"floor":24,"key":"AttackPotion"},{"floor":25,"key":"SteroidPotion"},{"floor":29,"key":"EntropicBrew"},{"floor":35,"key":"Poison Potion"},{"floor":41,"key":"Fruit Juice"},{"floor":45,"key":"Ancient Potion"},{"floor":46,"key":"Explosive Potion"}],"is_trial":false,"path_per_floor":["M","$","?","?","?","E","R","?","T","?","R","?","R","E","R","B",null,"M","?","M","?","$","R","M","M","T","M","M","M","?","M","R","B",null,"M","M","$","M","?","R","M","R","T","?","M","M","$","M","R","B"],"character_chosen":"DEFECT","items_purchased":["Doom and Gloom","Gambling Chip","Bronze Scales","Steam+1","PreservedInsect","Sweeping Beam"],"campfire_rested":5,"item_purchase_floors":[2,22,22,37,37,47],"current_hp_per_floor":[71,71,71,53,46,20,42,60,60,49,49,49,49,39,61,25,75,65,65,49,49,49,49,40,26,26,28,26,29,29,42,64,34,75,58,53,53,28,28,50,20,44,49,80,76,66,66,63,63,0],"gold":56,"neow_bonus":"ONE_RARE_RELIC","is_prod":false,"is_daily":false,"chose_seed":false,"campfire_upgraded":3,"win_rate":0,"timestamp":1559475362,"path_taken":["M","$","?","?","?","E","R","?","T","?","R","?","R","E","R","BOSS","M","?","?","?","$","R","M","M","T","M","M","M","?","?","R","BOSS","M","M","$","M","?","R","M","R","T","?","?","M","$","M","R","BOSS"],"build_version":"2019-06-01","purchased_purges":1,"victory":false,"max_hp_per_floor":[75,75,75,75,75,75,75,75,75,75,75,75,75,75,75,75,75,75,75,75,75,75,75,75,75,75,75,75,75,75,75,75,75,75,75,75,75,75,75,75,80,80,80,80,80,80,80,80,80,80],"card_choices":[{"not_picked":["Stack","Beam Cell"],"picked":"Darkness","floor":1},{"not_picked":["Blizzard","Leap"],"picked":"Conserve Battery","floor":6},{"not_picked":["Amplify","Beam Cell"],"picked":"Redo","floor":14},{"not_picked":["Seek+1","Rainbow+1"],"picked":"Electrodynamics","floor":16},{"not_picked":["Melter","Conserve Battery+1"],"picked":"Go for the Eyes","floor":18},{"not_picked":["Gash","Chill+1"],"picked":"Rip and Tear+1","floor":20},{"not_picked":["Ball Lightning+1","Stack+1"],"picked":"Coolheaded+1","floor":24},{"not_picked":["Streamline","Electrodynamics"],"picked":"Chill+1","floor":25},{"not_picked":["Cold Snap","Sweeping Beam"],"picked":"Loop","floor":27},{"not_picked":["Beam Cell","Go for the Eyes"],"picked":"BootSequence+1","floor":28},{"not_picked":["Sweeping Beam","Storm"],"picked":"Darkness+1","floor":29},{"not_picked":["Ball Lightning+1","Rebound+1"],"picked":"Core Surge","floor":31},{"not_picked":["Buffer","Rainbow+1"],"picked":"Amplify+1","floor":33},{"not_picked":["Heatsinks+1","Hologram+1"],"picked":"Glacier+1","floor":35},{"not_picked":["Static Discharge","Sweeping Beam+1"],"picked":"Conserve Battery+1","floor":36},{"not_picked":["Redo+1","Barrage+1"],"picked":"Chaos+1","floor":38},{"not_picked":["Stack+1","Streamline"],"picked":"Force Field+1","floor":41},{"not_picked":["Steam+1","Chill+1"],"picked":"Turbo+1","floor":45},{"not_picked":["Ball Lightning","Darkness+1"],"picked":"Consume+1","floor":46},{"not_picked":["Gash+1","Capacitor+1"],"picked":"Defragment+1","floor":48}],"player_experience":429776,"relics_obtained":[{"floor":6,"key":"Torii"},{"floor":14,"key":"Toxic Egg 2"},{"floor":26,"key":"Potion Belt"},{"floor":43,"key":"Regal Pillow"}],"event_choices":[{"damage_healed":0,"gold_gain":0,"player_choice":"Grow","damage_taken":0,"max_hp_gain":0,"max_hp_loss":0,"event_name":"Living Wall","floor":3,"gold_loss":0,"cards_upgraded":["Darkness"]},{"damage_healed":0,"gold_gain":0,"player_choice":"Take Damage","damage_taken":18,"relics_obtained":["Golden Idol"],"max_hp_gain":0,"max_hp_loss":0,"event_name":"Golden Idol","floor":4,"gold_loss":0},{"damage_healed":0,"gold_gain":0,"player_choice":"Success","damage_taken":7,"relics_obtained":["Ornamental Fan"],"max_hp_gain":0,"max_hp_loss":0,"event_name":"Scrap Ooze","floor":5,"gold_loss":0},{"damage_healed":18,"gold_gain":0,"player_choice":"Healed","damage_taken":0,"max_hp_gain":0,"max_hp_loss":0,"event_name":"The Cleric","floor":8,"gold_loss":35},{"damage_healed":0,"gold_gain":75,"player_choice":"Gather Gold","damage_taken":11,"max_hp_gain":0,"max_hp_loss":0,"event_name":"World of Goop","floor":10,"gold_loss":0},{"damage_healed":0,"gold_gain":52,"player_choice":"Gained Gold","damage_taken":0,"max_hp_gain":0,"max_hp_loss":0,"event_name":"Golden Wing","floor":12,"gold_loss":0},{"damage_healed":0,"gold_gain":200,"player_choice":"Gold","damage_taken":0,"max_hp_gain":0,"max_hp_loss":0,"event_name":"Wheel of Change","floor":19,"gold_loss":0},{"cards_removed":["Strike_B"],"damage_healed":0,"gold_gain":0,"player_choice":"Gave Gold","damage_taken":0,"max_hp_gain":0,"max_hp_loss":0,"event_name":"Beggar","floor":21,"gold_loss":75},{"damage_healed":0,"gold_gain":0,"player_choice":"Gave Idol","damage_taken":0,"relics_obtained":["Bloody Idol"],"max_hp_gain":0,"max_hp_loss":0,"event_name":"Forgotten Altar","floor":30,"relics_lost":["Golden Idol"],"gold_loss":0},{"damage_healed":0,"gold_gain":0,"player_choice":"Paid","damage_taken":0,"relics_obtained":["Red Mask"],"max_hp_gain":0,"max_hp_loss":0,"event_name":"Tomb of Lord Red Mask","floor":39,"gold_loss":75},{"cards_removed":["Doom and Gloom"],"damage_healed":31,"gold_gain":0,"player_choice":"Offered Uncommon","damage_taken":0,"max_hp_gain":0,"max_hp_loss":0,"event_name":"Bonfire Elementals","floor":44,"gold_loss":0}],"is_beta":true,"boss_relics":[{"not_picked":["Empty Cage","Snecko Eye"],"picked":"FrozenCore"},{"not_picked":["Runic Dome","Coffee Dripper"],"picked":"Astrolabe"}],"items_purged_floors":[2],"is_endless":false,"potions_floor_spawned":[6,16,20,24,25,29,35,41,45,46],"killed_by":"Awakened One","ascension_level":0}