{"gold_per_floor":[116,129,142,107,107,107,141,141,215,215,227,227,227,29,29,124,124,136,51,63,93,125,137,149,180,192,204,231,254,266,31,31,135,135,147,147,159,169,182,182,193,210,210,230,230,24,24,24,24,24],"floor_reached":50,"playtime":3566,"items_purged":[],"score":688,"play_id":"7247a578-32b9-4f63-a872-9694c7652e47","local_time":"20190502205248","is_ascension_mode":true,"campfire_choices":[{"data":"Neutralize","floor":6.0,"key":"SMITH"},{"floor":8.0,"key":"REST"},{"floor":12.0,"key":"REST"},{"data":"Well Laid Plans","floor":15.0,"key":"SMITH"},{"data":"Reflex","floor":23.0,"key":"SMITH"},{"floor":27.0,"key":"REST"},{"data":"Corpse Explosion","floor":30.0,"key":"SMITH"},{"floor":32.0,"key":"REST"},{"floor":40.0,"key":"REST"},{"floor":45,"key":"REST"},{"floor":47,"key":"REST"},{"floor":49,"key":"REST"}],"neow_cost":"PERCENT_DAMAGE","seed_source_timestamp":0,"circlet_count":0,"master_deck":["AscendersBane","Defend_G","Defend_G","Defend_G","Defend_G","Strike_G","Strike_G","Strike_G","Strike_G","Survivor","Neutralize+1","Deflect","PiercingWail","Slice","Backflip+1","Well Laid Plans+1","Deadly Poison","Corpse Explosion+1","Footwork+1","Reflex+1","Cloak And Dagger+1","Backstab","Accuracy+1","Blade Dance","Doppelganger","Cloak And Dagger+1","Leg Sweep+1","Crippling Poison","Dash","Acrobatics+1","Leg Sweep+1","Wraith Form v2+1"],"special_seed":0,"relics":["Ring of the Snake","Potion Belt","Blood Vial","Mercury Hourglass","Orichalcum","HoveringKite","MawBank","Gremlin Horn","Ninja Scroll","Bronze Scales","Runic Dome","Frozen Egg 2","NlothsMask"],"potions_floor_usage":[41,50,50,50],"damage_taken":[{"damage":1.0,"enemies":"Small Slimes","floor":1.0,"turns":4.0},{"damage":2.0,"enemies":"2 Louse","floor":2.0,"turns":4.0},{"damage":0.0,"enemies":"Jaw Worm","floor":3.0,"turns":6.0},{"damage":55.0,"enemies":"Lagavulin","floor":7.0,"turns":12.0},{"damage":1.0,"enemies":"Red Slaver","floor":11.0,"turns":4.0},{"damage":22.0,"enemies":"Slime Boss","floor":16.0,"turns":8.0},{"damage":26.0,"enemies":"2 Thieves","floor":18.0,"turns":4.0},{"damage":0.0,"enemies":"3 Byrds","floor":21.0,"turns":2.0},{"damage":3.0,"enemies":"Snecko","floor":22.0,"turns":7.0},{"damage":24.0,"enemies":"Sentry and Sphere","floor":25.0,"turns":6.0},{"damage":17.0,"enemies":"Centurion and Healer","floor":28.0,"turns":3.0},{"damage":0.0,"enemies":"Snecko","floor":29.0,"turns":6.0},{"damage":69.0,"enemies":"Collector","floor":33.0,"turns":11.0},{"damage":0.0,"enemies":"3 Shapes","floor":35.0,"turns":3.0},{"damage":12.0,"enemies":"Orb Walker","floor":37.0,"turns":3.0},{"damage":32.0,"enemies":"3 Darklings","floor":38.0,"turns":4.0},{"damage":4.0,"enemies":"4 Shapes","floor":39.0,"turns":3.0},{"damage":38,"enemies":"Spire Growth","floor":41,"turns":4},{"damage":3,"enemies":"3 Darklings","floor":42,"turns":2},{"damage":4,"enemies":"Jaw Worm Horde","floor":44,"turns":5},{"damage":99,"enemies":"Time Eater","floor":50,"turns":11}],"seed_played":"-8201118577584348783","potions_obtained":[{"floor":7.0,"key":"GamblersBrew"},{"floor":11.0,"key":"EntropicBrew"},{"floor":16.0,"key":"Fire Potion"},{"floor":21.0,"key":"SpeedPotion"},{"floor":39.0,"key":"Strength Potion"},{"floor":42,"key":"AttackPotion"},{"floor":44,"key":"FearPotion"}],"is_trial":false,"path_per_floor":["M","M","M","?","?","R","E","R","T","?","M","R","?","$","R","B",null,"M","?","?","M","M","R","T","M","T","R","M","M","R","$","R","B",null,"M","?","M","M","M","R","M","M","T","M","R","$","R","?","R","B"],"character_chosen":"THE_SILENT","items_purchased":["Deadly Poison","Orichalcum","Bronze Scales","Accuracy","Blade Dance","Wraith Form v2+1","Dexterity Potion","Regen Potion"],"campfire_rested":8,"item_purchase_floors":[14,14,31,31,31,46,46,46],"current_hp_per_floor":[58,56,56,77,70,70,15,40,40,40,41,66,59,59,59,39,73,49,49,49,51,50,50,50,28,28,53,50,52,52,52,77,10,66,68,68,58,28,26,51,15,14,14,12,37,37,62,62,84,0],"gold":24,"neow_bonus":"TWENTY_PERCENT_HP_BONUS","is_prod":false,"is_daily":false,"chose_seed":false,"campfire_upgraded":4,"win_rate":0,"timestamp":1556848368,"path_taken":["M","M","M","?","?","R","E","R","T","?","M","R","?","?","R","BOSS","M","?","?","?","M","R","?","M","T","R","M","M","R","$","R","BOSS","M","?","?","M","M","R","M","M","T","M","R","$","R","?","R","BOSS"],"build_version":"2019-01-23","purchased_purges":0,"victory":false,"max_hp_per_floor":[84,84,84,84,84,84,84,84,84,84,84,84,84,84,84,84,84,84,84,84,84,84,84,84,84,84,84,84,84,84,84,84,84,84,84,84,84,84,84,84,84,84,84,84,84,84,84,84,84,84],"card_choices":[{"not_picked":["Dodge and Roll","Bane"],"picked":"Deflect","floor":1.0},{"not_picked":["Riddle With Holes","Skewer"],"picked":"PiercingWail","floor":2.0},{"not_picked":["Prepared","Underhanded Strike"],"picked":"Slice","floor":3.0},{"not_picked":["Endless Agony","Finisher"],"picked":"Backflip","floor":7.0},{"not_picked":["All Out Attack","Escape Plan"],"picked":"Well Laid Plans","floor":11.0},{"not_picked":["Bullet Time","Unload"],"picked":"Corpse Explosion","floor":16.0},{"not_picked":["Calculated Gamble","Flying Knee+1"],"picked":"Footwork+1","floor":18.0},{"not_picked":["Endless Agony","Sucker Punch","Blade Dance"],"picked":"SKIP","floor":21.0},{"not_picked":["Well Laid Plans","Acrobatics"],"picked":"Reflex","floor":22.0},{"not_picked":["Concentrate","All Out Attack","Outmaneuver"],"picked":"SKIP","floor":25.0},{"not_picked":["Underhanded Strike","Slice"],"picked":"Cloak And Dagger+1","floor":28.0},{"not_picked":["Flying Knee","Masterful Stab+1"],"picked":"Backstab","floor":29.0},{"not_picked":["Phantasmal Killer","Wraith Form v2"],"picked":"Doppelganger","floor":33.0},{"not_picked":["Deflect+1","Blade Dance+1"],"picked":"Cloak And Dagger+1","floor":35.0},{"not_picked":["PiercingWail","Tactician"],"picked":"Leg Sweep+1","floor":37.0},{"not_picked":["Unload","Prepared+1"],"picked":"Crippling Poison","floor":38.0},{"not_picked":["Predator+1","Skewer+1"],"picked":"Dash","floor":39.0},{"not_picked":["Bane","Dagger Spray","Sucker Punch+1"],"picked":"SKIP","floor":41},{"not_picked":["Setup","Cloak And Dagger"],"picked":"Acrobatics+1","floor":42},{"not_picked":["Prepared","Outmaneuver+1"],"picked":"Leg Sweep+1","floor":44}],"player_experience":590497,"relics_obtained":[{"floor":7.0,"key":"Blood Vial"},{"floor":9.0,"key":"Mercury Hourglass"},{"floor":24.0,"key":"Gremlin Horn"},{"floor":26.0,"key":"Ninja Scroll"},{"floor":43,"key":"Frozen Egg 2"}],"event_choices":[{"damage_healed":21.0,"max_hp_gain":0.0,"max_hp_loss":0.0,"gold_gain":0.0,"event_name":"The Cleric","player_choice":"Healed","floor":4.0,"gold_loss":35.0,"damage_taken":0.0},{"damage_healed":0.0,"max_hp_gain":0.0,"max_hp_loss":0.0,"gold_gain":0.0,"event_name":"Scrap Ooze","player_choice":"Success","floor":5.0,"gold_loss":0.0,"damage_taken":7.0,"relics_obtained":["Potion Belt"]},{"damage_healed":0.0,"max_hp_gain":0.0,"max_hp_loss":0.0,"gold_gain":0.0,"event_name":"Living Wall","player_choice":"Grow","floor":10.0,"gold_loss":0.0,"damage_taken":0.0,"cards_upgraded":["Backflip"]},{"cards_removed":["Strike_G"],"damage_healed":0.0,"max_hp_gain":0.0,"max_hp_loss":0.0,"gold_gain":0.0,"event_name":"Golden Wing","player_choice":"Card Removal","floor":13.0,"gold_loss":0.0,"damage_taken":7.0},{"damage_healed":0.0,"max_hp_gain":0.0,"max_hp_loss":0.0,"gold_gain":0.0,"event_name":"Addict","player_choice":"Obtained Relic","floor":19.0,"gold_loss":85.0,"damage_taken":0.0,"relics_obtained":["MawBank"]},{"cards_removed":["Defend_G"],"damage_healed":0.0,"max_hp_gain":0.0,"max_hp_loss":0.0,"gold_gain":0.0,"event_name":"Bonfire Elementals","player_choice":"Offered Basic","floor":20.0,"gold_loss":0.0,"damage_taken":0.0},{"damage_healed":0.0,"max_hp_gain":0.0,"max_hp_loss":0.0,"gold_gain":0.0,"event_name":"Upgrade Shrine","player_choice":"Upgraded","floor":36.0,"gold_loss":0.0,"damage_taken":0.0,"cards_upgraded":["Accuracy"]},{"damage_healed":0,"gold_gain":0,"player_choice":"Trade","damage_taken":0,"relics_obtained":["NlothsMask"],"max_hp_gain":0,"max_hp_loss":0,"event_name":"FaceTrader","floor":48,"gold_loss":0}],"is_beta":false,"boss_relics":[{"not_picked":["WristBlade","Empty Cage"],"picked":"HoveringKite"},{"not_picked":["Coffee Dripper","Fusion Hammer"],"picked":"Runic Dome"}],"items_purged_floors":[],"is_endless":false,"potions_floor_spawned":[7,11,16,18,21,22,39,42,44],"killed_by":"Time Eater","ascension_level":11}