{"gold_per_floor":[114,114,126,201,213,213,229,245,245,1,1,1,20,30,30,135,135,135,135,135,135,60,60,60,74,74,173,190,22,42,42],"floor_reached":31,"playtime":747,"items_purged":["Defend_R"],"score":235,"play_id":"54069cd3-ea32-4304-900d-ed5db0a85941","local_time":"20190502212850","is_ascension_mode":false,"campfire_choices":[{"data":"Bash","floor":6,"key":"SMITH"},{"floor":15,"key":"REST"},{"data":"Immolate","floor":23,"key":"SMITH"}],"neow_cost":"NONE","seed_source_timestamp":985607999548863,"circlet_count":0,"master_deck":["Strike_R","Strike_R","Strike_R","Strike_R","Strike_R","Defend_R","Defend_R","Defend_R","Bash+1","Battle Trance","Spot Weakness+1","Cleave","Spot Weakness","Immolate+1","Seeing Red","Whirlwind","Demon Form"],"relics":["Burning Blood","Bag of Preparation","Bottled Flame","ClockworkSouvenir","Nloth\u0027s Gift","Orichalcum"],"potions_floor_usage":[12,16,16,28,28,30],"damage_taken":[{"damage":2,"enemies":"Small Slimes","floor":1,"turns":5},{"damage":6,"enemies":"Cultist","floor":3,"turns":3},{"damage":1,"enemies":"2 Louse","floor":5,"turns":2},{"damage":21,"enemies":"Red Slaver","floor":7,"turns":3},{"damage":24,"enemies":"Blue Slaver","floor":8,"turns":3},{"damage":6,"enemies":"Large Slime","floor":12,"turns":2},{"damage":10,"enemies":"Looter","floor":13,"turns":2},{"damage":1,"enemies":"2 Fungi Beasts","floor":14,"turns":2},{"damage":61,"enemies":"Hexaghost","floor":16,"turns":8},{"damage":5,"enemies":"Chosen","floor":18,"turns":3},{"damage":10,"enemies":"Spheric Guardian","floor":19,"turns":3},{"damage":16,"enemies":"Snake Plant","floor":20,"turns":3},{"damage":40,"enemies":"Snecko","floor":21,"turns":5},{"damage":31,"enemies":"Shelled Parasite and Fungi","floor":25,"turns":4},{"damage":0,"enemies":"3 Cultists","floor":28,"turns":2},{"damage":26,"enemies":"Snake Plant","floor":30,"turns":3},{"damage":10,"enemies":"Snecko","floor":31,"turns":2}],"seed_played":"-5284993344610946149","potions_obtained":[{"floor":5,"key":"SmokeBomb"},{"floor":7,"key":"EntropicBrew"},{"floor":13,"key":"AttackPotion"},{"floor":16,"key":"SteroidPotion"},{"floor":30,"key":"Poison Potion"}],"is_trial":false,"path_per_floor":["M","?","M","?","M","R","M","M","T","$","?","M","M","M","R","B",null,"M","M","M","M","$","R","?","M","T","?","M","$","M","M"],"character_chosen":"IRONCLAD","items_purchased":["Cleave","ClockworkSouvenir","Whirlwind","EntropicBrew"],"campfire_rested":1,"item_purchase_floors":[10,10,29,29],"current_hp_per_floor":[80,85,85,74,79,79,64,46,46,46,46,46,42,47,72,17,85,85,81,71,37,37,37,37,12,12,12,18,18,7,0],"gold":42,"neow_bonus":"RANDOM_COMMON_RELIC","is_prod":false,"is_daily":false,"chose_seed":false,"campfire_upgraded":2,"win_rate":0,"timestamp":1556850530,"path_taken":["M","?","M","?","M","R","M","M","T","$","?","M","M","M","R","BOSS","M","M","M","?","$","R","?","?","T","?","M","$","M","M"],"build_version":"2019-01-23","purchased_purges":1,"victory":false,"max_hp_per_floor":[80,85,85,85,85,85,85,85,85,85,85,85,85,85,85,85,85,85,85,85,85,85,85,85,85,85,85,85,85,85,85],"card_choices":[{"not_picked":["Twin Strike","Dual Wield","Sword Boomerang"],"picked":"SKIP","floor":1},{"not_picked":["Armaments","Cleave"],"picked":"Battle Trance","floor":3},{"not_picked":["Armaments","Wild Strike","Heavy Blade"],"picked":"SKIP","floor":5},{"not_picked":["Rupture","Pommel Strike"],"picked":"Spot Weakness","floor":7},{"not_picked":["Flame Barrier","Intimidate","Sword Boomerang"],"picked":"SKIP","floor":8},{"not_picked":["Combust","Berserk","Flex"],"picked":"SKIP","floor":13},{"not_picked":["Shockwave","Carnage"],"picked":"Spot Weakness","floor":14},{"not_picked":["Reaper","Feed"],"picked":"Immolate","floor":16},{"not_picked":["Intimidate+1","Dropkick+1","Anger"],"picked":"SKIP","floor":18},{"not_picked":["Inflame","Sword Boomerang+1","Thunderclap"],"picked":"SKIP","floor":19},{"not_picked":["Clash","Rage"],"picked":"Seeing Red","floor":20},{"not_picked":["Rupture","Warcry","Ghostly Armor"],"picked":"SKIP","floor":21},{"not_picked":["Heavy Blade","Headbutt","Sword Boomerang+1"],"picked":"SKIP","floor":25},{"not_picked":["Sword Boomerang","Body Slam","Headbutt"],"picked":"SKIP","floor":28},{"not_picked":["Perfected Strike","Wild Strike"],"picked":"Demon Form","floor":30}],"player_experience":595356,"relics_obtained":[{"floor":9,"key":"Bottled Flame"},{"floor":26,"key":"Orichalcum"}],"event_choices":[{"damage_healed":0,"gold_gain":0,"player_choice":"Donut","damage_taken":0,"max_hp_gain":5,"max_hp_loss":0,"event_name":"Big Fish","floor":2,"gold_loss":0},{"damage_healed":0,"gold_gain":75,"player_choice":"Gather Gold","damage_taken":11,"max_hp_gain":0,"max_hp_loss":0,"event_name":"World of Goop","floor":4,"gold_loss":0},{"damage_healed":0,"gold_gain":0,"player_choice":"Upgraded","damage_taken":0,"max_hp_gain":0,"max_hp_loss":0,"event_name":"Upgrade Shrine","floor":11,"gold_loss":0,"cards_upgraded":["Spot Weakness"]},{"damage_healed":0,"gold_gain":0,"player_choice":"Traded Relic","damage_taken":0,"relics_obtained":["Nloth\u0027s Gift"],"max_hp_gain":0,"max_hp_loss":0,"event_name":"N\u0027loth","floor":24,"relics_lost":["Ectoplasm"],"gold_loss":0},{"damage_healed":0,"gold_gain":99,"player_choice":"Stole From Cult","damage_taken":0,"max_hp_gain":0,"max_hp_loss":0,"event_name":"Nest","floor":27,"gold_loss":0}],"is_beta":false,"boss_relics":[{"not_picked":["Runic Pyramid","Fusion Hammer"],"picked":"Ectoplasm"}],"items_purged_floors":[22],"is_endless":false,"potions_floor_spawned":[5,7,13,16,21,30],"killed_by":"Snecko","ascension_level":0}