{"gold_per_floor":[113,113,65,85,50,50,94,94,94,37,75,103,121,161,161,254,254,237,237,255,180,0,0,0],"floor_reached":24,"playtime":1239,"items_purged":["Strike_R"],"score":499,"play_id":"a1fcf35e-506e-44db-a332-b769aeeaa965","local_time":"20190424161917","is_ascension_mode":true,"campfire_choices":[{"data":"Inflame","floor":6.0,"key":"SMITH"},{"floor":8.0,"key":"REST"},{"floor":15,"key":"REST"},{"data":"Pommel Strike","floor":23,"key":"SMITH"}],"neow_cost":"PERCENT_DAMAGE","seed_source_timestamp":275162638463113,"circlet_count":0,"master_deck":["AscendersBane","Strike_R","Strike_R","Strike_R","Strike_R","Defend_R","Defend_R","Bash","Armaments","Pommel Strike","Inflame+1","Sword Boomerang","Heavy Blade","Pommel Strike+1","Double Tap","Warcry","Headbutt","Flame Barrier","Juggernaut","Pommel Strike"],"special_seed":0,"relics":["Burning Blood","Bloody Idol","Paper Frog","Bottled Tornado","Shovel","Odd Mushroom","Art of War","Snecko Eye"],"potions_floor_usage":[14,16,18,24],"damage_taken":[{"damage":8.0,"enemies":"Small Slimes","floor":1.0,"turns":4.0},{"damage":2.0,"enemies":"Jaw Worm","floor":4.0,"turns":3.0},{"damage":19.0,"enemies":"Lagavulin","floor":7.0,"turns":5.0},{"damage":15.0,"enemies":"3 Sentries","floor":11.0,"turns":4.0},{"damage":18.0,"enemies":"The Mushroom Lair","floor":12.0,"turns":3.0},{"damage":1.0,"enemies":"2 Louse","floor":13.0,"turns":2.0},{"damage":0,"enemies":"Gremlin Nob","floor":14,"turns":2},{"damage":0,"enemies":"Slime Boss","floor":16,"turns":5},{"damage":23,"enemies":"2 Thieves","floor":18,"turns":4},{"damage":23,"enemies":"Shell Parasite","floor":20,"turns":4},{"damage":55,"enemies":"Gremlin Leader","floor":24,"turns":5}],"seed_played":"3502934337792148719","potions_obtained":[{"floor":1.0,"key":"Swift Potion"},{"floor":7.0,"key":"SteroidPotion"},{"floor":13.0,"key":"FearPotion"},{"floor":14,"key":"Explosive Potion"},{"floor":18,"key":"Strength Potion"},{"floor":20,"key":"Ancient Potion"}],"is_trial":false,"path_per_floor":["M","?","$","M","?","R","E","R","T","?","E","?","M","E","R","B",null,"M","?","M","$","?","R","E"],"character_chosen":"IRONCLAD","items_purchased":["Sword Boomerang"],"campfire_rested":2,"item_purchase_floors":[3],"current_hp_per_floor":[48,22,22,26,44,44,31,53,53,53,44,32,37,43,65,71,74,57,57,45,45,45,45,0],"gold":0,"neow_bonus":"TRANSFORM_TWO_CARDS","is_prod":false,"is_daily":false,"chose_seed":false,"campfire_upgraded":2,"win_rate":0,"timestamp":1556140757,"path_taken":["M","?","$","M","?","R","E","R","T","?","E","?","M","E","R","BOSS","M","?","M","$","?","R","E"],"build_version":"2019-01-23","purchased_purges":1,"victory":false,"max_hp_per_floor":[75,75,75,75,75,75,75,75,75,75,75,75,75,75,75,75,75,75,75,75,75,75,75,75],"card_choices":[{"not_picked":["Corruption","Cleave"],"picked":"Inflame","floor":1.0},{"not_picked":["Carnage","Blood for Blood"],"picked":"Heavy Blade","floor":4.0},{"not_picked":["Sever Soul","Dropkick"],"picked":"Pommel Strike","floor":7.0},{"not_picked":["Heavy Blade","Havoc"],"picked":"Double Tap","floor":11.0},{"not_picked":["Combust","Anger"],"picked":"Warcry","floor":12.0},{"not_picked":["Searing Blow","Wild Strike"],"picked":"Headbutt","floor":13.0},{"not_picked":["Twin Strike","Warcry"],"picked":"Flame Barrier","floor":14},{"not_picked":["Dark Embrace","Barricade"],"picked":"Juggernaut","floor":16},{"not_picked":["Dropkick","Cleave","Iron Wave"],"picked":"SKIP","floor":18},{"not_picked":["Clash","Wild Strike"],"picked":"Pommel Strike","floor":20}],"player_experience":521393,"relics_obtained":[{"floor":7.0,"key":"Paper Frog"},{"floor":9.0,"key":"Bottled Tornado"},{"floor":11.0,"key":"Shovel"},{"floor":12.0,"key":"Odd Mushroom"},{"floor":14,"key":"Art of War"}],"event_choices":[{"damage_healed":0.0,"max_hp_gain":0.0,"max_hp_loss":0.0,"gold_gain":0.0,"event_name":"Golden Idol","player_choice":"Take Damage","floor":2.0,"gold_loss":0.0,"damage_taken":26.0,"relics_obtained":["Golden Idol"]},{"damage_healed":18.0,"max_hp_gain":0.0,"max_hp_loss":0.0,"gold_gain":0.0,"event_name":"The Cleric","player_choice":"Healed","floor":5.0,"gold_loss":35.0,"damage_taken":0.0},{"damage_healed":0.0,"max_hp_gain":0.0,"max_hp_loss":0.0,"gold_gain":0.0,"event_name":"World of Goop","player_choice":"Left Gold","floor":10.0,"gold_loss":57.0,"damage_taken":0.0},{"damage_healed":0.0,"max_hp_gain":0.0,"max_hp_loss":0.0,"gold_gain":0.0,"event_name":"Mushrooms","player_choice":"Fought Mushrooms","floor":12.0,"gold_loss":0.0,"damage_taken":0.0},{"damage_healed":0,"gold_gain":0,"player_choice":"Gave Idol","damage_taken":0,"relics_obtained":["Bloody Idol"],"max_hp_gain":0,"max_hp_loss":0,"event_name":"Forgotten Altar","floor":19,"relics_lost":["Golden Idol"],"gold_loss":0},{"damage_healed":0,"gold_gain":0,"player_choice":"Paid Fearfully","damage_taken":0,"max_hp_gain":0,"max_hp_loss":0,"event_name":"Masked Bandits","floor":22,"gold_loss":180}],"is_beta":false,"boss_relics":[{"not_picked":["Black Star","Eternal Feather"],"picked":"Snecko Eye"}],"items_purged_floors":[21],"is_endless":false,"potions_floor_spawned":[1,7,13,14,18,20],"killed_by":"Gremlin Leader","ascension_level":15}