{"gold_per_floor":[117,117,117,132,148,161,161,182,182,200,200,95,122,132,132,207,207,218,218,233,158,170,170],"floor_reached":23,"playtime":1716,"items_purged":[],"score":401,"play_id":"74159f8e-829b-4377-aa5e-0dd5c4a9b3e9","local_time":"20190728151847","is_ascension_mode":true,"campfire_choices":[{"data":"Defragment","floor":7,"key":"SMITH"},{"data":"Dualcast","floor":11,"key":"SMITH"},{"data":"Defragment","floor":15,"key":"SMITH"}],"neow_cost":"NONE","seed_source_timestamp":0,"circlet_count":0,"master_deck":["AscendersBane","Strike_B","Strike_B","Strike_B","Strike_B","Defend_B","Defend_B","Zap+1","Dualcast+1","Auto Shields","Leap","Defragment+1","Glacier","Ball Lightning","Defragment+1","Ball Lightning","Cold Snap","Amplify","Coolheaded","Hologram"],"special_seed":0,"relics":["Cracked Core","Odd Mushroom","Matryoshka","Frozen Egg 2","Nuclear Battery"],"potions_floor_usage":[],"damage_taken":[{"damage":3.0,"enemies":"2 Louse","floor":1.0,"turns":3.0},{"damage":0.0,"enemies":"Small Slimes","floor":4.0,"turns":3.0},{"damage":2.0,"enemies":"Jaw Worm","floor":5.0,"turns":4.0},{"damage":2,"enemies":"2 Fungi Beasts","floor":6,"turns":5},{"damage":7,"enemies":"The Mushroom Lair","floor":8,"turns":7},{"damage":2,"enemies":"Blue Slaver","floor":10,"turns":3},{"damage":2,"enemies":"Gremlin Nob","floor":13,"turns":5},{"damage":1,"enemies":"Exordium Wildlife","floor":14,"turns":3},{"damage":0,"enemies":"Hexaghost","floor":16,"turns":9},{"damage":10,"enemies":"3 Byrds","floor":18,"turns":5},{"damage":0,"enemies":"Shell Parasite","floor":20,"turns":6},{"damage":8,"enemies":"Cultist and Chosen","floor":22,"turns":7},{"damage":69,"enemies":"Gremlin Leader","floor":23,"turns":6}],"seed_played":"-3596261376681285105","potions_obtained":[{"floor":4.0,"key":"Block Potion"},{"floor":6,"key":"Strength Potion"},{"floor":8,"key":"FairyPotion"},{"floor":20,"key":"FocusPotion"}],"is_trial":false,"path_per_floor":["M","?","?","M","M","M","R","?","T","M","R","$","E","M","R","B",null,"M","?","M","?","M","E"],"character_chosen":"DEFECT","items_purchased":["Defragment","Ball Lightning"],"campfire_rested":0,"item_purchase_floors":[12,12],"current_hp_per_floor":[65,58,58,58,56,54,54,47,47,45,45,45,43,42,42,42,67,57,57,57,57,49,0],"gold":170,"neow_bonus":"THREE_CARDS","is_prod":false,"is_daily":false,"chose_seed":false,"campfire_upgraded":3,"win_rate":0,"timestamp":1564352327,"path_taken":["M","?","?","M","M","M","R","?","T","M","R","?","E","M","R","BOSS","M","?","M","?","M","E"],"build_version":"2019-07-17","purchased_purges":0,"victory":false,"max_hp_per_floor":[75,75,75,75,75,75,75,75,75,75,75,75,75,75,75,75,75,75,75,75,75,75,75],"card_choices":[{"not_picked":["Stack","Capacitor"],"picked":"Auto Shields","floor":0.0},{"not_picked":["Stack","Rebound"],"picked":"Leap","floor":1.0},{"not_picked":["Leap","Streamline"],"picked":"Defragment","floor":4.0},{"not_picked":["Coolheaded","Ball Lightning"],"picked":"Glacier","floor":5},{"not_picked":["Steam","Beam Cell","Lockon"],"picked":"SKIP","floor":6},{"not_picked":["Leap","Compile Driver"],"picked":"Ball Lightning","floor":8},{"not_picked":["Fission","Rebound","Hologram"],"picked":"SKIP","floor":10},{"not_picked":["Barrage","Beam Cell","Rebound"],"picked":"SKIP","floor":13},{"not_picked":["Stack","Sweeping Beam"],"picked":"Cold Snap","floor":14},{"not_picked":["Hyperbeam","All For One"],"picked":"Amplify","floor":16},{"not_picked":["Sweeping Beam","Reprogram+1"],"picked":"Coolheaded","floor":18},{"not_picked":["Go for the Eyes","Turbo","Leap"],"picked":"SKIP","floor":20},{"not_picked":["Beam Cell","Turbo"],"picked":"Hologram","floor":22}],"player_experience":637346,"relics_obtained":[{"floor":8,"key":"Odd Mushroom"},{"floor":9,"key":"Matryoshka"},{"floor":13,"key":"Frozen Egg 2"}],"event_choices":[{"cards_removed":["Defend_B"],"damage_healed":0.0,"max_hp_gain":0.0,"max_hp_loss":0.0,"gold_gain":0.0,"event_name":"Golden Wing","player_choice":"Card Removal","floor":2.0,"gold_loss":0.0,"damage_taken":7.0},{"damage_healed":0.0,"max_hp_gain":0.0,"max_hp_loss":0.0,"gold_gain":0.0,"event_name":"Living Wall","player_choice":"Grow","floor":3.0,"gold_loss":0.0,"damage_taken":0.0,"cards_upgraded":["Zap"]},{"damage_healed":0,"gold_gain":0,"player_choice":"Fought Mushrooms","damage_taken":0,"max_hp_gain":0,"max_hp_loss":0,"event_name":"Mushrooms","floor":8,"gold_loss":0},{"damage_healed":0,"gold_gain":0,"player_choice":"Ignored","damage_taken":0,"max_hp_gain":0,"max_hp_loss":0,"event_name":"Ghosts","floor":19,"gold_loss":0},{"cards_removed":["Defend_B"],"damage_healed":0,"gold_gain":0,"player_choice":"Gave Gold","damage_taken":0,"max_hp_gain":0,"max_hp_loss":0,"event_name":"Beggar","floor":21,"gold_loss":75}],"is_beta":false,"boss_relics":[{"not_picked":["Empty Cage","Astrolabe"],"picked":"Nuclear Battery"}],"items_purged_floors":[],"is_endless":false,"potions_floor_spawned":[4,6,8,10,14,20],"killed_by":"Gremlin Leader","ascension_level":13}