{"gold_per_floor":[109,128,147,147,147,147,72,72,99,99,122,222,236,186,186,186],"floor_reached":16,"playtime":362,"items_purged":["Strike_B"],"score":90,"play_id":"513e5580-cfda-4484-abad-7102b9a500c8","local_time":"20190602102557","is_ascension_mode":false,"campfire_choices":[{"data":"Zap","floor":6,"key":"SMITH"},{"data":"Strike_B","floor":8,"key":"PURGE"},{"data":"Defend_B","floor":15,"key":"PURGE"}],"neow_cost":"NONE","seed_source_timestamp":775318902458600,"circlet_count":0,"master_deck":["Strike_B","Strike_B","Defend_B+1","Defend_B+1","Defend_B","Zap+1","Dualcast","Coolheaded"],"relics":["Cracked Core","NeowsBlessing","War Paint","Peace Pipe","Blood Vial","Golden Idol"],"potions_floor_usage":[16,16],"damage_taken":[{"damage":0,"enemies":"Jaw Worm","floor":1,"turns":1},{"damage":0,"enemies":"2 Louse","floor":2,"turns":1},{"damage":0,"enemies":"Small Slimes","floor":3,"turns":1},{"damage":0,"enemies":"Red Slaver","floor":11,"turns":3},{"damage":0,"enemies":"Blue Slaver","floor":13,"turns":4},{"damage":75,"enemies":"Hexaghost","floor":16,"turns":14}],"seed_played":"-7168538986324014843","potions_obtained":[{"floor":2,"key":"Swift Potion"},{"floor":13,"key":"GamblersBrew"}],"is_trial":false,"path_per_floor":["M","M","M","?","T","R","$","R","T","?","M","?","M","?","R","B"],"character_chosen":"DEFECT","items_purchased":[],"campfire_rested":0,"item_purchase_floors":[],"current_hp_per_floor":[75,75,75,68,68,68,68,68,68,68,70,70,72,72,72,0],"gold":186,"neow_bonus":"THREE_ENEMY_KILL","is_prod":false,"is_daily":false,"chose_seed":false,"campfire_upgraded":1,"win_rate":0,"timestamp":1559460357,"path_taken":["M","M","M","?","?","R","$","R","T","?","M","?","?","?","R","BOSS"],"build_version":"2019-06-01","purchased_purges":1,"victory":false,"max_hp_per_floor":[75,75,75,75,75,75,75,75,75,75,75,75,75,75,75,75],"card_choices":[{"not_picked":["Cold Snap","Reinforced Body","Ball Lightning"],"picked":"SKIP","floor":1},{"not_picked":["Chaos","Aggregate","BootSequence"],"picked":"SKIP","floor":2},{"not_picked":["White Noise","Hologram","Redo"],"picked":"SKIP","floor":3},{"not_picked":["Ball Lightning","White Noise"],"picked":"Coolheaded","floor":11},{"not_picked":["Hologram","Coolheaded","Turbo"],"picked":"SKIP","floor":13}],"player_experience":428220,"relics_obtained":[{"floor":5,"key":"Peace Pipe"},{"floor":9,"key":"Blood Vial"}],"event_choices":[{"damage_healed":0,"gold_gain":0,"player_choice":"Success","damage_taken":7,"relics_obtained":["War Paint"],"max_hp_gain":0,"max_hp_loss":0,"event_name":"Scrap Ooze","floor":4,"gold_loss":0},{"damage_healed":0,"gold_gain":0,"player_choice":"Take Wound","damage_taken":0,"relics_obtained":["Golden Idol"],"max_hp_gain":0,"max_hp_loss":0,"event_name":"Golden Idol","floor":10,"gold_loss":0,"cards_obtained":["Injury"]},{"damage_healed":0,"gold_gain":100,"player_choice":"Pray","damage_taken":0,"max_hp_gain":0,"max_hp_loss":0,"event_name":"Golden Shrine","floor":12,"gold_loss":0},{"cards_removed":["Injury"],"damage_healed":0,"gold_gain":0,"player_choice":"Card Removal","damage_taken":0,"max_hp_gain":0,"max_hp_loss":0,"event_name":"The Cleric","floor":14,"gold_loss":50}],"is_beta":true,"boss_relics":[],"items_purged_floors":[7],"is_endless":false,"potions_floor_spawned":[2,13],"killed_by":"Hexaghost","ascension_level":0}