{"gold_per_floor":[115,115,129,146,146,146,158,158,158,158,187,173,98,116,116,219,219,239,268,268,278,290,319,319,16,89,89,99,99,116,130,130,227,227,239,239,239,256,156,156,182,195,195,195,214,232,26,41,41,41],"floor_reached":51,"playtime":1873,"items_purged":["Strike_R","Strike_R"],"score":901,"play_id":"e6f2626d-a9a2-482d-8048-6fef590047fd","local_time":"20191017150702","is_ascension_mode":false,"campfire_choices":[{"data":"Searing Blow","floor":6,"key":"SMITH"},{"data":"Searing Blow+1","floor":8,"key":"SMITH"},{"data":"Searing Blow+2","floor":15,"key":"SMITH"},{"data":"Searing Blow+4","floor":24,"key":"SMITH"},{"data":"Defend_R","floor":27,"key":"PURGE"},{"data":"Defend_R","floor":29,"key":"PURGE"},{"data":"Strike_R","floor":32,"key":"PURGE"},{"data":"Strike_R","floor":40,"key":"PURGE"},{"data":"Strike_R","floor":44,"key":"PURGE"},{"floor":49,"key":"REST"}],"neow_cost":"NONE","seed_source_timestamp":506916937157400,"circlet_count":0,"master_deck":["Bash","Searing Blow+5","Metallicize","Cleave","Armaments"],"relics":["Burning Blood","Regal Pillow","Dodecahedron","Meat on the Bone","Runic Dome","Red Mask","Ornamental Fan","Peace Pipe","Bottled Flame","Velvet Choker","Singing Bowl","Shuriken","Akabeko"],"potions_floor_usage":[16,16,23,23,31,50,50,50],"damage_taken":[{"damage":2,"enemies":"2 Louse","floor":1,"turns":3},{"damage":6,"enemies":"Cultist","floor":3,"turns":3},{"damage":14,"enemies":"Small Slimes","floor":4,"turns":4},{"damage":16,"enemies":"Gremlin Gang","floor":7,"turns":6},{"damage":22,"enemies":"Gremlin Nob","floor":11,"turns":4},{"damage":22,"enemies":"Exordium Thugs","floor":12,"turns":4},{"damage":0,"enemies":"Exordium Wildlife","floor":14,"turns":2},{"damage":13,"enemies":"Slime Boss","floor":16,"turns":7},{"damage":2,"enemies":"Spheric Guardian","floor":18,"turns":3},{"damage":29,"enemies":"Masked Bandits","floor":19,"turns":4},{"damage":1,"enemies":"Chosen","floor":21,"turns":3},{"damage":19,"enemies":"3 Cultists","floor":22,"turns":5},{"damage":33,"enemies":"Book of Stabbing","floor":23,"turns":4},{"damage":0,"enemies":"Chosen and Byrds","floor":28,"turns":4},{"damage":14,"enemies":"Snake Plant","floor":30,"turns":3},{"damage":10,"enemies":"Sentry and Sphere","floor":31,"turns":4},{"damage":56,"enemies":"Champ","floor":33,"turns":8},{"damage":0,"enemies":"Orb Walker","floor":35,"turns":2},{"damage":8,"enemies":"3 Shapes","floor":38,"turns":4},{"damage":9,"enemies":"Giant Head","floor":41,"turns":5},{"damage":23,"enemies":"Maw","floor":42,"turns":4},{"damage":1,"enemies":"Sphere and 2 Shapes","floor":45,"turns":3},{"damage":10,"enemies":"Spire Growth","floor":46,"turns":3},{"damage":23,"enemies":"Maw","floor":48,"turns":5},{"damage":36,"enemies":"Donu and Deca","floor":50,"turns":5}],"seed_played":"-7734367501947214798","potions_obtained":[{"floor":3,"key":"LiquidBronze"},{"floor":14,"key":"Strength Potion"},{"floor":19,"key":"Dexterity Potion"},{"floor":22,"key":"LiquidMemories"},{"floor":23,"key":"ElixirPotion"},{"floor":30,"key":"Block Potion"},{"floor":38,"key":"SteroidPotion"},{"floor":42,"key":"FearPotion"}],"is_trial":false,"path_per_floor":["M","?","M","M","T","R","M","R","T","?","E","M","$","M","R","B",null,"M","?","?","M","M","E","R","$","T","R","M","R","M","M","R","B",null,"M","?","?","M","$","R","E","M","T","R","M","M","$","M","R","B",null],"character_chosen":"IRONCLAD","items_purchased":["Peace Pipe","Akabeko","Block Potion"],"campfire_rested":1,"item_purchase_floors":[25,47,47],"current_hp_per_floor":[88,88,88,80,80,80,70,70,70,70,54,50,50,56,56,61,88,88,65,65,70,57,42,42,42,42,42,60,60,52,60,60,22,88,88,88,88,86,86,86,85,70,70,70,77,75,75,60,98,68],"gold":41,"neow_bonus":"TEN_PERCENT_HP_BONUS","is_prod":false,"is_daily":false,"chose_seed":false,"campfire_upgraded":4,"win_rate":0,"timestamp":1571314022,"path_taken":["M","?","?","M","?","R","M","R","T","?","E","?","?","M","R","BOSS","M","?","?","?","M","E","R","$","T","R","M","R","M","M","R","BOSS","M","?","?","M","$","R","E","M","T","R","M","M","?","M","R","BOSS"],"build_version":"2019-10-16","purchased_purges":2,"victory":true,"max_hp_per_floor":[88,88,88,88,88,88,88,88,88,88,88,88,88,88,88,88,88,88,88,88,88,88,88,88,88,88,88,88,88,88,88,88,88,88,88,88,88,88,88,88,90,92,92,92,94,96,96,98,98,98],"card_choices":[{"not_picked":["True Grit","Iron Wave","Havoc"],"picked":"SKIP","floor":1},{"not_picked":["Blood for Blood","Wild Strike","Corruption"],"picked":"SKIP","floor":3},{"not_picked":["Heavy Blade","Pommel Strike"],"picked":"Searing Blow","floor":4},{"not_picked":["Havoc","Battle Trance"],"picked":"Metallicize","floor":7},{"not_picked":["Fiend Fire","Iron Wave"],"picked":"Cleave","floor":11},{"not_picked":["True Grit","Seeing Red"],"picked":"Rampage","floor":12},{"not_picked":["Pommel Strike","Entrench","Uppercut"],"picked":"SKIP","floor":14},{"not_picked":["Warcry","Cleave+1","Blood for Blood"],"picked":"SKIP","floor":18},{"not_picked":["Headbutt","Sword Boomerang+1","Corruption"],"picked":"SKIP","floor":21},{"not_picked":["Havoc","Perfected Strike","Dropkick"],"picked":"SKIP","floor":22},{"not_picked":["Pommel Strike","Armaments","Iron Wave"],"picked":"SKIP","floor":23},{"not_picked":["Pummel","Second Wind"],"picked":"Armaments","floor":28},{"not_picked":["Blood for Blood","Clothesline","Body Slam"],"picked":"SKIP","floor":30},{"not_picked":["Cleave","Thunderclap","Reckless Charge"],"picked":"SKIP","floor":31},{"not_picked":["Body Slam","Inflame","Shrug It Off"],"picked":"SKIP","floor":35},{"not_picked":["Clothesline+1","Twin Strike","Warcry"],"picked":"SKIP","floor":38},{"not_picked":["Disarm+1","Pummel","Shrug It Off+1"],"picked":"Singing Bowl","floor":41},{"not_picked":["Bloodletting","Wild Strike+1","Clash+1"],"picked":"Singing Bowl","floor":42},{"not_picked":["Limit Break","Cleave+1","Flex+1"],"picked":"Singing Bowl","floor":45},{"not_picked":["Battle Trance+1","Pummel","Rampage"],"picked":"Singing Bowl","floor":46},{"not_picked":["Iron Wave+1","Pommel Strike+1","Clash"],"picked":"Singing Bowl","floor":48}],"player_experience":489518,"relics_obtained":[{"floor":5,"key":"Regal Pillow"},{"floor":9,"key":"Dodecahedron"},{"floor":11,"key":"Meat on the Bone"},{"floor":19,"key":"Red Mask"},{"floor":23,"key":"Ornamental Fan"},{"floor":26,"key":"Bottled Flame"},{"floor":41,"key":"Singing Bowl"},{"floor":43,"key":"Shuriken"}],"event_choices":[{"cards_removed":["Defend_R"],"damage_healed":0,"gold_gain":0,"player_choice":"Card Removal","damage_taken":0,"max_hp_gain":0,"max_hp_loss":0,"event_name":"Wheel of Change","floor":2,"gold_loss":0},{"cards_removed":["Defend_R"],"damage_healed":0,"gold_gain":0,"player_choice":"Offered Basic","damage_taken":0,"max_hp_gain":0,"max_hp_loss":0,"event_name":"Bonfire Elementals","floor":10,"gold_loss":0},{"damage_healed":0,"gold_gain":0,"player_choice":"Fought Bandits","damage_taken":0,"max_hp_gain":0,"max_hp_loss":0,"event_name":"Masked Bandits","floor":19,"gold_loss":0},{"damage_healed":0,"gold_gain":0,"player_choice":"Upgraded","damage_taken":0,"max_hp_gain":0,"max_hp_loss":0,"event_name":"Upgrade Shrine","floor":20,"gold_loss":0,"cards_upgraded":["Searing Blow"]},{"cards_removed":["Rampage"],"damage_healed":0,"gold_gain":0,"player_choice":"Removed Attack","damage_taken":0,"max_hp_gain":0,"max_hp_loss":0,"event_name":"Falling","floor":36,"gold_loss":0},{"damage_healed":0,"gold_gain":0,"player_choice":"Ignored","damage_taken":0,"max_hp_gain":0,"max_hp_loss":0,"event_name":"Mysterious Sphere","floor":37,"gold_loss":0}],"is_beta":true,"boss_relics":[{"not_picked":["Sozu","Black Blood"],"picked":"Runic Dome"},{"not_picked":["Snecko Eye","Cursed Key"],"picked":"Velvet Choker"}],"items_purged_floors":[13,39],"is_endless":false,"potions_floor_spawned":[3,14,19,22,23,30,38,42,48],"ascension_level":0}