{"gold_per_floor":[111,128,128,45,45,73,73,103,155,184,196,206,206,220,220,318,368,378,43,59,74,74,74,74],"floor_reached":24,"playtime":1472,"items_purged":["Strike_B"],"score":277,"play_id":"1dc328a7-cb6a-4ea6-925b-a8b448874229","local_time":"20190614134248","is_ascension_mode":true,"campfire_choices":[{"floor":15.0,"key":"REST"},{"data":"Defragment","floor":23.0,"key":"SMITH"}],"neow_cost":"NONE","seed_source_timestamp":0,"circlet_count":0,"master_deck":["Strike_B","Strike_B","Defend_B","Defend_B","Defend_B+1","Defend_B","Zap","Dualcast","Genetic Algorithm","Discovery+1","Defragment+1","Darkness","BootSequence","Coolheaded","Seek","Conserve Battery","Fission","Go for the Eyes","Capacitor","Static Discharge+1","Thunder Strike"],"special_seed":0,"relics":["Cracked Core","NeowsBlessing","Pen Nib","Sundial","Dodecahedron","Pocketwatch","Bottled Lightning","Tiny House","Frozen Egg 2"],"potions_floor_usage":[24,24,24],"damage_taken":[{"damage":0.0,"enemies":"Small Slimes","floor":1.0,"turns":1.0},{"damage":0.0,"enemies":"2 Louse","floor":2.0,"turns":1.0},{"damage":0.0,"enemies":"3 Sentries","floor":6.0,"turns":1.0},{"damage":29.0,"enemies":"Gremlin Nob","floor":8.0,"turns":4.0},{"damage":20.0,"enemies":"Lagavulin","floor":10.0,"turns":6.0},{"damage":2.0,"enemies":"Jaw Worm","floor":11.0,"turns":4.0},{"damage":0.0,"enemies":"Red Slaver","floor":12.0,"turns":4.0},{"damage":0.0,"enemies":"Large Slime","floor":14.0,"turns":6.0},{"damage":30.0,"enemies":"Hexaghost","floor":16.0,"turns":9.0},{"damage":20.0,"enemies":"3 Byrds","floor":18.0,"turns":3.0},{"damage":18.0,"enemies":"Chosen","floor":20.0,"turns":6.0},{"damage":12.0,"enemies":"3 Cultists","floor":21.0,"turns":8.0},{"damage":41,"enemies":"Gremlin Leader","floor":24,"turns":7}],"seed_played":"-3966755720007069594","potions_obtained":[{"floor":2.0,"key":"Poison Potion"},{"floor":10.0,"key":"FearPotion"},{"floor":14.0,"key":"SpeedPotion"},{"floor":16.0,"key":"FearPotion"},{"floor":17.0,"key":"Dexterity Potion"},{"floor":21.0,"key":"Explosive Potion"}],"is_trial":false,"path_per_floor":["M","M","?","$","?","E","?","E","T","E","M","M","T","M","R","B",null,"M","$","M","M","?","R","E"],"character_chosen":"DEFECT","items_purchased":["Discovery","Frozen Egg 2"],"campfire_rested":1,"item_purchase_floors":[4,19],"current_hp_per_floor":[75,75,57,57,57,57,75,46,46,26,24,24,24,24,46,16,80,60,60,42,30,30,30,0],"gold":74,"neow_bonus":"THREE_ENEMY_KILL","is_prod":false,"is_daily":false,"chose_seed":false,"campfire_upgraded":1,"win_rate":0,"timestamp":1560512568,"path_taken":["M","M","?","$","?","E","?","E","T","E","M","M","?","M","R","BOSS","M","$","M","M","?","R","E"],"build_version":"2019-06-12","purchased_purges":1,"victory":false,"max_hp_per_floor":[75,75,75,75,75,75,75,75,75,75,75,75,75,75,75,75,80,80,80,80,80,80,80,80],"card_choices":[{"not_picked":["Steam","Tempest","Barrage"],"picked":"SKIP","floor":1.0},{"not_picked":["Ball Lightning","Compile Driver"],"picked":"Genetic Algorithm","floor":2.0},{"not_picked":["Ball Lightning","Streamline"],"picked":"Defragment","floor":6.0},{"not_picked":["Reprogram","Conserve Battery"],"picked":"Darkness","floor":8.0},{"not_picked":["Hello World","Sweeping Beam"],"picked":"BootSequence","floor":10.0},{"not_picked":["Conserve Battery","Compile Driver"],"picked":"Coolheaded","floor":11.0},{"not_picked":["Rip and Tear","Darkness"],"picked":"Seek","floor":12.0},{"not_picked":["Streamline","Redo"],"picked":"Conserve Battery","floor":14.0},{"not_picked":["Biased Cognition","Reboot"],"picked":"Fission","floor":16.0},{"not_picked":["FTL","Defragment"],"picked":"Go for the Eyes","floor":17.0},{"not_picked":["Aggregate","Fusion"],"picked":"Capacitor","floor":18.0},{"not_picked":["Gash+1","Barrage","Rebound+1"],"picked":"SKIP","floor":20.0},{"not_picked":["Coolheaded","Gash+1"],"picked":"Static Discharge+1","floor":21.0}],"player_experience":380517,"relics_obtained":[{"floor":6.0,"key":"Sundial"},{"floor":8.0,"key":"Dodecahedron"},{"floor":10.0,"key":"Pocketwatch"},{"floor":13.0,"key":"Bottled Lightning"}],"event_choices":[{"damage_healed":0.0,"max_hp_gain":0.0,"max_hp_loss":0.0,"gold_gain":0.0,"event_name":"Scrap Ooze","player_choice":"Success","floor":3.0,"gold_loss":0.0,"damage_taken":18.0,"relics_obtained":["Pen Nib"]},{"damage_healed":0.0,"max_hp_gain":0.0,"max_hp_loss":0.0,"gold_gain":0.0,"event_name":"Living Wall","player_choice":"Grow","floor":5.0,"gold_loss":0.0,"damage_taken":0.0,"cards_upgraded":["Discovery"]},{"damage_healed":25.0,"max_hp_gain":0.0,"max_hp_loss":0.0,"gold_gain":0.0,"event_name":"Big Fish","player_choice":"Banana","floor":7.0,"gold_loss":0.0,"damage_taken":0.0},{"damage_healed":0.0,"max_hp_gain":0.0,"max_hp_loss":0.0,"gold_gain":0.0,"cards_transformed":["Strike_B"],"event_name":"Transmorgrifier","player_choice":"Transformed","floor":22.0,"gold_loss":0.0,"damage_taken":0.0,"cards_obtained":["Thunder Strike"]}],"is_beta":true,"boss_relics":[{"not_picked":["Eternal Feather","Pandora\u0027s Box"],"picked":"Tiny House"}],"items_purged_floors":[19],"is_endless":false,"potions_floor_spawned":[2,10,14,16,18,21],"killed_by":"Gremlin Leader","ascension_level":3}