{"gold_per_floor":[99,99,99,99,16,16,16,16,16,16,16,16,16,16,16,16],"floor_reached":16,"playtime":714,"items_purged":[],"score":168,"play_id":"bfe65d73-3b3f-49ba-ae07-fb8df9fd8309","local_time":"20190424223633","is_ascension_mode":true,"campfire_choices":[{"floor":7,"key":"REST"},{"floor":10,"key":"REST"},{"floor":15,"key":"REST"}],"neow_cost":"NONE","seed_source_timestamp":298467479906712,"circlet_count":0,"master_deck":["AscendersBane","Strike_B","Strike_B","Strike_B","Strike_B","Defend_B","Defend_B","Defend_B","Zap","Dualcast","Double Energy","Conserve Battery","FTL","Redo","Conserve Battery","Melter","White Noise","Hello World","Core Surge+1"],"relics":["Ectoplasm","Pen Nib","Old Coin","Molten Egg 2"],"potions_floor_usage":[8,13,16],"damage_taken":[{"damage":2,"enemies":"Small Slimes","floor":1,"turns":4},{"damage":1,"enemies":"Cultist","floor":2,"turns":4},{"damage":1,"enemies":"Jaw Worm","floor":3,"turns":4},{"damage":35,"enemies":"Lagavulin","floor":6,"turns":6},{"damage":31,"enemies":"3 Sentries","floor":8,"turns":8},{"damage":16,"enemies":"Large Slime","floor":12,"turns":5},{"damage":10,"enemies":"2 Fungi Beasts","floor":13,"turns":3},{"damage":14,"enemies":"Gremlin Gang","floor":14,"turns":6},{"damage":33,"enemies":"Slime Boss","floor":16,"turns":3}],"seed_played":"5386554255706524050","potions_obtained":[{"floor":3,"key":"SkillPotion"},{"floor":12,"key":"Ancient Potion"},{"floor":13,"key":"Fruit Juice"},{"floor":14,"key":"AttackPotion"}],"is_trial":false,"path_per_floor":["M","M","M","?","$","E","R","E","T","R","$","M","M","M","R","B"],"character_chosen":"DEFECT","items_purchased":["Conserve Battery","Melter"],"campfire_rested":3,"item_purchase_floors":[5,5],"current_hp_per_floor":[66,65,64,64,64,29,51,20,20,42,42,26,21,7,31,0],"gold":16,"neow_bonus":"BOSS_RELIC","is_prod":false,"is_daily":false,"chose_seed":false,"campfire_upgraded":0,"win_rate":0,"timestamp":1556163393,"path_taken":["M","M","M","?","?","E","R","E","T","R","$","M","M","M","R","BOSS"],"build_version":"2019-01-23","purchased_purges":0,"victory":false,"max_hp_per_floor":[75,75,75,75,75,75,75,75,75,75,75,75,80,80,80,80],"card_choices":[{"not_picked":["Gash","Recycle"],"picked":"Double Energy","floor":1},{"not_picked":["Hello World","Steam Power"],"picked":"Conserve Battery","floor":2},{"not_picked":["Melter","Conserve Battery"],"picked":"FTL","floor":3},{"not_picked":["Go for the Eyes","Storm"],"picked":"White Noise","floor":6},{"not_picked":["Turbo","Stack","Beam Cell"],"picked":"SKIP","floor":8},{"not_picked":["Hello World","Turbo","Barrage+1"],"picked":"SKIP","floor":12},{"not_picked":["Steam","Coolheaded"],"picked":"Hello World","floor":13},{"not_picked":["Ball Lightning+1","Leap"],"picked":"Core Surge+1","floor":14}],"player_experience":531540,"relics_obtained":[{"floor":6,"key":"Pen Nib"},{"floor":8,"key":"Old Coin"},{"floor":9,"key":"Molten Egg 2"}],"event_choices":[{"damage_healed":0,"gold_gain":0,"cards_transformed":["Defend_B"],"player_choice":"Transformed","damage_taken":0,"max_hp_gain":0,"max_hp_loss":0,"event_name":"Transmorgrifier","floor":4,"gold_loss":0,"cards_obtained":["Redo"]}],"is_beta":false,"boss_relics":[],"items_purged_floors":[],"is_endless":false,"potions_floor_spawned":[3,12,13,14],"killed_by":"Slime Boss","ascension_level":10}