{"gold_per_floor":[116,21,21,21,34,63,63,94,167,167,180,180,200,228,228,228],"floor_reached":16,"playtime":1354,"items_purged":[],"score":184,"play_id":"4c767e68-e750-4255-b4ee-4e05f4079274","local_time":"20191007182258","is_ascension_mode":true,"campfire_choices":[{"floor":7.0,"key":"REST"},{"data":"1","floor":12.0,"key":"LIFT"},{"data":"2","floor":15,"key":"LIFT"}],"neow_cost":"NONE","seed_source_timestamp":29474781946300,"circlet_count":0,"master_deck":["Strike_R","Strike_R","Strike_R","Strike_R","Strike_R","Defend_R","Defend_R","Defend_R","Defend_R","Bash+1","Feed","Wild Strike","Inflame+1","True Grit+1","Berserk+1","Burning Pact+1","Disarm","Twin Strike","Shockwave"],"special_seed":0,"relics":["Burning Blood","Centennial Puzzle","Omamori","Girya","Dodecahedron","War Paint"],"potions_floor_usage":[14,16,16],"damage_taken":[{"damage":19.0,"enemies":"Jaw Worm","floor":1.0,"turns":4.0},{"damage":0.0,"enemies":"Small Slimes","floor":5.0,"turns":4.0},{"damage":40.0,"enemies":"3 Sentries","floor":6.0,"turns":9.0},{"damage":28.0,"enemies":"Lagavulin","floor":8.0,"turns":7.0},{"damage":4.0,"enemies":"Cultist","floor":11.0,"turns":4.0},{"damage":7.0,"enemies":"Exordium Wildlife","floor":13.0,"turns":3.0},{"damage":33,"enemies":"3 Sentries","floor":14,"turns":5},{"damage":21,"enemies":"The Guardian","floor":16,"turns":7}],"seed_played":"-1167899778977585855","potions_obtained":[{"floor":6.0,"key":"BloodPotion"},{"floor":8.0,"key":"PowerPotion"},{"floor":13.0,"key":"FearPotion"},{"floor":14,"key":"SteroidPotion"}],"is_trial":false,"path_per_floor":["M","$","?","?","M","E","R","E","T","?","M","R","M","E","R","B"],"character_chosen":"IRONCLAD","items_purchased":["Inflame","True Grit"],"campfire_rested":1,"item_purchase_floors":[2,2],"current_hp_per_floor":[62,62,45,38,47,16,42,40,40,40,45,45,44,20,20,0],"gold":228,"neow_bonus":"ONE_RANDOM_RARE_CARD","is_prod":false,"is_daily":false,"chose_seed":false,"campfire_upgraded":0,"win_rate":0,"timestamp":1570465378,"path_taken":["M","$","?","?","M","E","R","E","T","?","M","R","M","E","R","BOSS"],"build_version":"2019-10-04","purchased_purges":0,"victory":false,"max_hp_per_floor":[83,83,83,83,86,89,89,92,92,92,95,95,95,98,98,98],"card_choices":[{"not_picked":["Dual Wield","Clash"],"picked":"Wild Strike","floor":1.0},{"not_picked":["Sever Soul","Warcry"],"picked":"Berserk","floor":5.0},{"not_picked":["Searing Blow","True Grit"],"picked":"Burning Pact","floor":6.0},{"not_picked":["Anger","Burning Pact"],"picked":"Disarm","floor":8.0},{"not_picked":["Havoc","Wild Strike"],"picked":"Twin Strike","floor":11.0},{"not_picked":["Iron Wave","Thunderclap"],"picked":"Shockwave","floor":13.0},{"not_picked":["Havoc","Headbutt","Perfected Strike"],"picked":"SKIP","floor":14}],"player_experience":474479,"relics_obtained":[{"floor":6.0,"key":"Omamori"},{"floor":8.0,"key":"Girya"},{"floor":9.0,"key":"Dodecahedron"},{"floor":14,"key":"War Paint"}],"event_choices":[{"damage_healed":0.0,"max_hp_gain":0.0,"max_hp_loss":0.0,"gold_gain":0.0,"event_name":"Shining Light","player_choice":"Entered Light","floor":3.0,"gold_loss":0.0,"damage_taken":17.0,"cards_upgraded":["Inflame","Bash"]},{"damage_healed":0.0,"max_hp_gain":0.0,"max_hp_loss":0.0,"gold_gain":0.0,"event_name":"Scrap Ooze","player_choice":"Success","floor":4.0,"gold_loss":0.0,"damage_taken":7.0,"relics_obtained":["Centennial Puzzle"]},{"damage_healed":0.0,"max_hp_gain":0.0,"max_hp_loss":0.0,"gold_gain":0.0,"event_name":"Upgrade Shrine","player_choice":"Upgraded","floor":10.0,"gold_loss":0.0,"damage_taken":0.0,"cards_upgraded":["Berserk"]}],"is_beta":true,"boss_relics":[],"items_purged_floors":[],"is_endless":false,"potions_floor_spawned":[6,8,13,14],"killed_by":"The Guardian","ascension_level":7}