{"gold_per_floor":[113,113,163,177,188,188,113,127,176,61,61,72,72,105,105,178,178,148,148],"floor_reached":19,"playtime":1306,"items_purged":["Strike_R"],"score":326,"play_id":"e7819842-86a3-47f3-aaec-3f1a4339c67e","local_time":"20190507100537","is_ascension_mode":true,"campfire_choices":[{"floor":6,"key":"REST"},{"data":"Pommel Strike","floor":11,"key":"SMITH"},{"data":"Pommel Strike","floor":13,"key":"SMITH"},{"floor":15,"key":"REST"}],"neow_cost":"PERCENT_DAMAGE","seed_source_timestamp":1376070636984675,"circlet_count":0,"master_deck":["AscendersBane","Strike_R+1","Strike_R+1","Strike_R+1","Defend_R","Defend_R","Defend_R","Defend_R","Bash+1","Inflame","Pommel Strike+1","Rage","Pommel Strike+1","Pommel Strike","Barricade","Demon Form","Flex"],"relics":["Burning Blood","Unceasing Top","Whetstone","Dream Catcher","Black Star"],"potions_floor_usage":[12,14,16,16,19],"damage_taken":[{"damage":9,"enemies":"Jaw Worm","floor":1,"turns":3},{"damage":4,"enemies":"Small Slimes","floor":4,"turns":4},{"damage":1,"enemies":"Cultist","floor":5,"turns":3},{"damage":2,"enemies":"Exordium Wildlife","floor":8,"turns":4},{"damage":4,"enemies":"Exordium Thugs","floor":12,"turns":3},{"damage":29,"enemies":"3 Sentries","floor":14,"turns":8},{"damage":34,"enemies":"The Guardian","floor":16,"turns":13},{"damage":29,"enemies":"2 Thieves","floor":18,"turns":4},{"damage":55,"enemies":"Shell Parasite","floor":19,"turns":5}],"seed_played":"-6035702344985312843","potions_obtained":[{"floor":1,"key":"Fire Potion"},{"floor":8,"key":"GamblersBrew"},{"floor":12,"key":"PowerPotion"},{"floor":14,"key":"SkillPotion"},{"floor":18,"key":"PowerPotion"}],"is_trial":false,"path_per_floor":["M","?","?","M","M","R","?","M","T","$","R","M","R","E","R","B",null,"M","M"],"character_chosen":"IRONCLAD","items_purchased":["Rage"],"campfire_rested":2,"item_purchase_floors":[10],"current_hp_per_floor":[47,24,24,26,31,53,53,57,57,57,57,59,59,36,58,30,64,41,0],"gold":148,"neow_bonus":"ONE_RARE_RELIC","is_prod":false,"is_daily":false,"chose_seed":false,"campfire_upgraded":2,"win_rate":0,"timestamp":1557241537,"path_taken":["M","?","?","?","M","R","?","M","T","?","R","?","R","E","R","BOSS","M","M"],"build_version":"2019-01-23","purchased_purges":1,"victory":false,"max_hp_per_floor":[75,75,75,75,75,75,75,75,75,75,75,75,75,75,75,75,75,75,75],"card_choices":[{"not_picked":["Armaments","Cleave"],"picked":"Inflame","floor":1},{"not_picked":["Cleave","Flame Barrier"],"picked":"Pommel Strike","floor":4},{"not_picked":["Havoc","Thunderclap","Body Slam"],"picked":"SKIP","floor":5},{"not_picked":["Bloodletting","Corruption","Battle Trance"],"picked":"SKIP","floor":8},{"not_picked":["Rage","Wild Strike"],"picked":"Pommel Strike","floor":12},{"not_picked":["Sentinel","Perfected Strike"],"picked":"Pommel Strike","floor":14},{"not_picked":["Seeing Red","Searing Blow"],"picked":"Barricade","floor":15},{"not_picked":["Exhume","Bludgeon"],"picked":"Demon Form","floor":16},{"not_picked":["Uppercut+1","Havoc"],"picked":"Flex","floor":18}],"player_experience":616786,"relics_obtained":[{"floor":9,"key":"Whetstone"},{"floor":14,"key":"Dream Catcher"}],"event_choices":[{"damage_healed":0,"gold_gain":0,"player_choice":"Entered Light","damage_taken":23,"max_hp_gain":0,"max_hp_loss":0,"event_name":"Shining Light","floor":2,"gold_loss":0,"cards_upgraded":["Strike_R","Strike_R"]},{"damage_healed":0,"gold_gain":50,"player_choice":"Pray","damage_taken":0,"max_hp_gain":0,"max_hp_loss":0,"event_name":"Golden Shrine","floor":3,"gold_loss":0},{"cards_removed":["Strike_R"],"damage_healed":0,"gold_gain":0,"player_choice":"Card Removal","damage_taken":0,"max_hp_gain":0,"max_hp_loss":0,"event_name":"The Cleric","floor":7,"gold_loss":75}],"is_beta":false,"boss_relics":[{"not_picked":["Astrolabe","Runic Pyramid"],"picked":"Black Star"}],"items_purged_floors":[10],"is_endless":false,"potions_floor_spawned":[1,8,12,14,18],"killed_by":"Shell Parasite","ascension_level":19}