{"gold_per_floor":[115,130,130,130,147,147,162,162,162,182,182,56,56,75,75,75],"floor_reached":16,"playtime":1044,"items_purged":["Strike_R"],"score":179,"play_id":"276cdb3f-fdc2-4bcb-82b4-ef454f9c9ec1","local_time":"20190527121240","is_ascension_mode":true,"campfire_choices":[{"data":"Pommel Strike","floor":6,"key":"SMITH"},{"floor":8,"key":"REST"},{"floor":13,"key":"REST"},{"data":"Armaments","floor":15,"key":"SMITH"}],"neow_cost":"NONE","seed_source_timestamp":72151335036790,"circlet_count":0,"master_deck":["AscendersBane","Strike_R","Strike_R","Strike_R","Strike_R+1","Defend_R","Defend_R","Defend_R","Defend_R","Bash+1","Pommel Strike+1","Sever Soul","Pommel Strike+1","Pommel Strike","Ghostly Armor","Armaments+1","Whirlwind"],"relics":["Burning Blood","Champion Belt"],"potions_floor_usage":[16],"damage_taken":[{"damage":7,"enemies":"Small Slimes","floor":1,"turns":3},{"damage":13,"enemies":"2 Louse","floor":2,"turns":3},{"damage":6,"enemies":"Cultist","floor":5,"turns":3},{"damage":6,"enemies":"2 Fungi Beasts","floor":7,"turns":3},{"damage":33,"enemies":"Large Slime","floor":10,"turns":5},{"damage":0,"enemies":"Blue Slaver","floor":14,"turns":4},{"damage":56,"enemies":"Slime Boss","floor":16,"turns":7}],"seed_played":"8513808525661053692","potions_obtained":[{"floor":5,"key":"Energy Potion"},{"floor":10,"key":"GamblersBrew"}],"is_trial":false,"path_per_floor":["M","M","?","?","M","R","M","R","T","M","?","$","R","M","R","B"],"character_chosen":"IRONCLAD","items_purchased":["Armaments"],"campfire_rested":2,"item_purchase_floors":[12],"current_hp_per_floor":[67,60,60,37,37,37,37,59,59,32,21,21,43,49,49,0],"gold":75,"neow_bonus":"THREE_CARDS","is_prod":false,"is_daily":false,"chose_seed":false,"campfire_upgraded":2,"win_rate":0,"timestamp":1558984360,"path_taken":["M","M","?","?","M","R","M","R","T","M","?","$","R","?","R","BOSS"],"build_version":"2019-01-23","purchased_purges":1,"victory":false,"max_hp_per_floor":[75,75,75,75,75,75,75,75,75,75,75,75,75,75,75,75],"card_choices":[{"not_picked":["Sword Boomerang","Body Slam"],"picked":"Pommel Strike","floor":0},{"not_picked":["Havoc","Wild Strike"],"picked":"Sever Soul","floor":1},{"not_picked":["Body Slam","Flex","Wild Strike"],"picked":"SKIP","floor":2},{"not_picked":["Body Slam","Flex","Wild Strike"],"picked":"SKIP","floor":2},{"not_picked":["Blood for Blood","Clash"],"picked":"Pommel Strike","floor":5},{"not_picked":["True Grit","Dual Wield"],"picked":"Pommel Strike","floor":7},{"not_picked":["Intimidate","Flex"],"picked":"Ghostly Armor","floor":10},{"not_picked":["Clothesline","Fire Breathing"],"picked":"Whirlwind","floor":14}],"player_experience":619659,"relics_obtained":[{"floor":9,"key":"Champion Belt"}],"event_choices":[{"damage_healed":0,"gold_gain":0,"player_choice":"Grow","damage_taken":0,"max_hp_gain":0,"max_hp_loss":0,"event_name":"Living Wall","floor":3,"gold_loss":0,"cards_upgraded":["Pommel Strike"]},{"damage_healed":0,"gold_gain":0,"player_choice":"Entered Light","damage_taken":23,"max_hp_gain":0,"max_hp_loss":0,"event_name":"Shining Light","floor":4,"gold_loss":0,"cards_upgraded":["Bash","Strike_R"]},{"damage_healed":0,"gold_gain":0,"player_choice":"Damaged","damage_taken":11,"max_hp_gain":0,"max_hp_loss":0,"event_name":"Wheel of Change","floor":11,"gold_loss":0}],"is_beta":false,"boss_relics":[],"items_purged_floors":[12],"is_endless":false,"potions_floor_spawned":[5,10],"killed_by":"Slime Boss","ascension_level":19}