{"gold_per_floor":[113,63,18,30,41,41,41,67,67,67,67,67,78,112,112,212,212,194,109,126,51,51,68,68,68,147,147,1,20,20,51,51,148,148,165,48,61,61,78,78,78,91,91,91,111,111],"floor_reached":46,"playtime":2760,"items_purged":["Strike_G"],"score":446,"play_id":"0a563f9d-4625-4c31-99e4-4bc4039b7ef4","local_time":"20190529205512","is_ascension_mode":false,"campfire_choices":[{"data":"Neutralize","floor":6,"key":"SMITH"},{"floor":10,"key":"REST"},{"floor":15,"key":"REST"},{"data":"Malaise","floor":24,"key":"SMITH"},{"data":"Footwork","floor":27,"key":"SMITH"},{"floor":30,"key":"REST"},{"floor":32,"key":"REST"},{"floor":40,"key":"REST"},{"data":"Noxious Fumes","floor":44,"key":"SMITH"}],"neow_cost":"NONE","seed_source_timestamp":465055032192100,"circlet_count":0,"master_deck":["Strike_G","Strike_G","Defend_G","Defend_G","Defend_G","Defend_G","Defend_G","Survivor","Neutralize+1","Envenom","Backflip","Dodge and Roll","Accuracy","Backstab","Leg Sweep","Blade Dance","Footwork+1","Malaise+1","Underhanded Strike+1","Caltrops","Phantasmal Killer","Doubt","Terror","Finisher+1","Sucker Punch","After Image","Backstab+1","Noxious Fumes+1","Acrobatics","Bane+1","Blade Dance+1","Dagger Spray+1","Doubt","Bane"],"relics":["Ring of the Snake","Kunai","Ancient Tea Set","Question Card","Regal Pillow","Cursed Key","Sundial","Bottled Tornado","Ornamental Fan","Black Star","The Courier"],"potions_floor_usage":[8,13,29,31,31,39,39,45],"damage_taken":[{"damage":2,"enemies":"Small Slimes","floor":1,"turns":4},{"damage":1,"enemies":"Cultist","floor":4,"turns":5},{"damage":2,"enemies":"Jaw Worm","floor":5,"turns":7},{"damage":11,"enemies":"Lagavulin","floor":8,"turns":9},{"damage":0,"enemies":"Large Slime","floor":13,"turns":12},{"damage":19,"enemies":"3 Sentries","floor":14,"turns":14},{"damage":20,"enemies":"The Guardian","floor":16,"turns":18},{"damage":4,"enemies":"2 Thieves","floor":18,"turns":4},{"damage":0,"enemies":"Shell Parasite","floor":20,"turns":11},{"damage":10,"enemies":"Chosen and Byrds","floor":23,"turns":10},{"damage":21,"enemies":"Sentry and Sphere","floor":29,"turns":12},{"damage":34,"enemies":"Gremlin Leader","floor":31,"turns":9},{"damage":47,"enemies":"Champ","floor":33,"turns":28},{"damage":19,"enemies":"Orb Walker","floor":35,"turns":7},{"damage":11,"enemies":"3 Darklings","floor":37,"turns":10},{"damage":30,"enemies":"4 Shapes","floor":39,"turns":9},{"damage":22,"enemies":"Transient","floor":42,"turns":5},{"damage":21,"enemies":"Maw","floor":45,"turns":9},{"damage":28,"enemies":"3 Darklings","floor":46,"turns":4}],"seed_played":"-5699567257221014134","potions_obtained":[{"floor":5,"key":"Strength Potion"},{"floor":13,"key":"Fruit Juice"},{"floor":23,"key":"Explosive Potion"},{"floor":29,"key":"Poison Potion"},{"floor":33,"key":"AttackPotion"},{"floor":37,"key":"Regen Potion"},{"floor":42,"key":"SpeedPotion"}],"is_trial":false,"path_per_floor":["M","?","$","M","M","R","?","E","T","R","?","$","M","E","R","B",null,"M","?","M","$","?","M","R","?","T","R","$","M","R","E","R","B",null,"M","$","M","$","M","R","$","M","T","R","M","M"],"character_chosen":"THE_SILENT","items_purchased":["Dodge and Roll","Terror","Ancient Potion","Noxious Fumes","Acrobatics"],"campfire_rested":5,"item_purchase_floors":[3,28,28,36,36],"current_hp_per_floor":[68,68,68,67,65,65,47,36,36,57,57,57,62,43,75,55,75,71,71,71,71,71,61,61,61,61,61,61,40,75,41,75,28,75,56,56,45,45,30,67,67,45,45,45,24,0],"gold":111,"neow_bonus":"ONE_RANDOM_RARE_CARD","is_prod":false,"is_daily":false,"chose_seed":false,"campfire_upgraded":4,"win_rate":0,"timestamp":1559152512,"path_taken":["M","?","$","M","M","R","?","E","T","R","?","$","?","E","R","BOSS","M","?","M","$","?","M","R","?","T","R","$","?","R","E","R","BOSS","M","$","M","?","M","R","$","M","T","R","M","M"],"build_version":"2019-05-28","purchased_purges":1,"victory":false,"max_hp_per_floor":[70,70,70,70,70,70,70,70,70,70,70,70,75,75,75,75,75,75,75,75,75,75,75,75,75,75,75,75,75,75,75,75,75,75,75,75,75,75,75,75,75,75,75,75,75,75],"card_choices":[{"not_picked":["Slice","Dodge and Roll"],"picked":"Backflip","floor":1},{"not_picked":["Deflect","Backflip"],"picked":"Accuracy","floor":4},{"not_picked":["Well Laid Plans","Bane"],"picked":"Backstab","floor":5},{"not_picked":["Flying Knee","Outmaneuver"],"picked":"Leg Sweep","floor":8},{"not_picked":["Leg Sweep","Calculated Gamble","Poisoned Stab"],"picked":"Blade Dance","floor":13},{"not_picked":["Grand Finale","Backstab","PiercingWail"],"picked":"Footwork","floor":14},{"not_picked":["Burst","Adrenaline","Venomology"],"picked":"Malaise","floor":16},{"not_picked":["Slice+1","Acrobatics+1","Dodge and Roll"],"picked":"Underhanded Strike+1","floor":18},{"not_picked":["Masterful Stab+1","Sucker Punch","Flying Knee+1"],"picked":"Caltrops","floor":20},{"not_picked":["Dodge and Roll","Masterful Stab","Quick Slash"],"picked":"Phantasmal Killer","floor":23},{"not_picked":["Acrobatics","Deflect","Calculated Gamble+1"],"picked":"Finisher+1","floor":29},{"not_picked":["Riddle With Holes","Terror","Deflect"],"picked":"Sucker Punch","floor":31},{"not_picked":["Burst","Phantasmal Killer","Night Terror"],"picked":"After Image","floor":33},{"not_picked":["Quick Slash","Underhanded Strike+1","Reflex"],"picked":"Backstab+1","floor":35},{"not_picked":["Backflip+1","Acrobatics","Endless Agony+1"],"picked":"Bane+1","floor":37},{"not_picked":["Bane","Backflip+1","Deadly Poison+1"],"picked":"Blade Dance+1","floor":39},{"not_picked":["Slice","Glass Knife","Dagger Throw+1"],"picked":"Dagger Spray+1","floor":42},{"not_picked":["Finisher+1","Prepared+1","Dagger Throw"],"picked":"Bane","floor":45}],"player_experience":393737,"relics_obtained":[{"floor":8,"key":"Ancient Tea Set"},{"floor":9,"key":"Question Card"},{"floor":14,"key":"Regal Pillow"},{"floor":26,"key":"Bottled Tornado"},{"floor":31,"key":"Ornamental Fan"},{"floor":43,"key":"The Courier"}],"event_choices":[{"cards_removed":["Strike_G"],"damage_healed":0,"gold_gain":0,"player_choice":"Card Removal","damage_taken":0,"max_hp_gain":0,"max_hp_loss":0,"event_name":"The Cleric","floor":2,"gold_loss":50},{"damage_healed":0,"gold_gain":0,"player_choice":"Success","damage_taken":18,"relics_obtained":["Kunai"],"max_hp_gain":0,"max_hp_loss":0,"event_name":"Scrap Ooze","floor":7,"gold_loss":0},{"damage_healed":0,"gold_gain":0,"player_choice":"Ignored","damage_taken":0,"max_hp_gain":0,"max_hp_loss":0,"event_name":"Transmorgrifier","floor":11,"gold_loss":0},{"damage_healed":0,"gold_gain":0,"player_choice":"Obtained Relic","damage_taken":0,"relics_obtained":["Sundial"],"max_hp_gain":0,"max_hp_loss":0,"event_name":"Addict","floor":19,"gold_loss":85},{"damage_healed":0,"gold_gain":0,"player_choice":"Ignored","damage_taken":0,"max_hp_gain":0,"max_hp_loss":0,"event_name":"Vampires","floor":22,"gold_loss":0},{"cards_removed":["Strike_G"],"damage_healed":0,"gold_gain":0,"player_choice":"Purged","damage_taken":0,"max_hp_gain":0,"max_hp_loss":0,"event_name":"Purifier","floor":25,"gold_loss":0}],"is_beta":true,"boss_relics":[{"not_picked":["Calling Bell","Ring of the Serpent"],"picked":"Cursed Key"},{"not_picked":["Runic Dome","White Beast Statue"],"picked":"Black Star"}],"items_purged_floors":[21],"is_endless":false,"potions_floor_spawned":[5,13,23,29,33,37,42],"killed_by":"3 Darklings","ascension_level":0}