{"gold_per_floor":[213,163,163,62,62,96,96,96,121,121,21,33,33,46,46,145,195,215,90,90,90,108,125,125,136,136,155,155,80,80,100,100,203,203,220,220,70,70,70,98,111,111,137,137,151,163,190,190,190,190],"floor_reached":50,"playtime":1659,"items_purged":["Strike_B","Strike_B","Defend_B","Zap+1"],"score":521,"play_id":"642b2191-e5fc-4059-9bf6-4ca2f2f40bb9","local_time":"20190602101842","is_ascension_mode":false,"campfire_choices":[{"floor":7,"key":"REST"},{"data":"Gash","floor":10,"key":"SMITH"},{"data":"Coolheaded","floor":15,"key":"SMITH"},{"data":"Zap","floor":24,"key":"SMITH"},{"data":"Dualcast","floor":28,"key":"SMITH"},{"floor":30,"key":"RECALL"},{"floor":32,"key":"REST"},{"floor":44,"key":"REST"},{"floor":49,"key":"REST"}],"neow_cost":"NONE","seed_source_timestamp":773586136080500,"circlet_count":0,"master_deck":["Defend_B+1","Dualcast+1","Gash+1","Coolheaded+1","Gash+1"],"relics":["FrozenCore","Turnip","FossilizedHelix","Orichalcum","Tiny House","Happy Flower","Smiling Mask","Lantern","Strawberry"],"potions_floor_usage":[6,16,31,33,33,47,47],"damage_taken":[{"damage":2,"enemies":"2 Louse","floor":1,"turns":3},{"damage":18,"enemies":"3 Sentries","floor":6,"turns":8},{"damage":0,"enemies":"Small Slimes","floor":12,"turns":3},{"damage":0,"enemies":"Cultist","floor":14,"turns":3},{"damage":14,"enemies":"Hexaghost","floor":16,"turns":9},{"damage":7,"enemies":"Chosen","floor":18,"turns":7},{"damage":0,"enemies":"Spheric Guardian","floor":22,"turns":3},{"damage":0,"enemies":"Snecko","floor":23,"turns":6},{"damage":0,"enemies":"3 Cultists","floor":25,"turns":5},{"damage":0,"enemies":"Centurion and Healer","floor":27,"turns":6},{"damage":0,"enemies":"Snecko","floor":31,"turns":5},{"damage":26,"enemies":"Champ","floor":33,"turns":9},{"damage":0,"enemies":"3 Shapes","floor":35,"turns":7},{"damage":3,"enemies":"Nemesis","floor":40,"turns":9},{"damage":0,"enemies":"Orb Walker","floor":41,"turns":5},{"damage":0,"enemies":"Spire Growth","floor":45,"turns":3},{"damage":0,"enemies":"Sphere and 2 Shapes","floor":46,"turns":3},{"damage":70,"enemies":"Reptomancer","floor":47,"turns":9},{"damage":4,"enemies":"Donu and Deca","floor":50,"turns":4}],"seed_played":"-4430429923625458345","potions_obtained":[{"floor":1,"key":"LiquidBronze"},{"floor":14,"key":"Fire Potion"},{"floor":17,"key":"SteroidPotion"},{"floor":23,"key":"Regen Potion"},{"floor":27,"key":"GamblersBrew"},{"floor":31,"key":"Explosive Potion"},{"floor":33,"key":"Poison Potion"},{"floor":35,"key":"Poison Potion"},{"floor":46,"key":"SkillPotion"}],"is_trial":false,"path_per_floor":["M","?","?","$","?","E","R","?","T","R","$","M","$","M","R","B",null,"M","$","?","$","M","M","R","M","T","M","R","?","R","M","R","B",null,"M","?","$","?","$","E","M","?","T","R","M","M","E","T","R","B"],"character_chosen":"DEFECT","items_purchased":["Coolheaded"],"campfire_rested":4,"item_purchase_floors":[4],"current_hp_per_floor":[73,73,58,58,51,33,55,55,55,55,55,55,55,55,55,41,80,73,73,73,73,73,73,73,73,73,73,73,73,73,73,80,54,80,80,76,76,76,76,73,73,73,73,76,76,76,6,13,37,33],"gold":190,"neow_bonus":"HUNDRED_GOLD","is_prod":false,"is_daily":false,"chose_seed":false,"campfire_upgraded":4,"win_rate":0,"timestamp":1559459922,"path_taken":["M","?","?","$","?","E","R","?","T","R","?","?","$","M","R","BOSS","M","$","?","?","?","M","R","M","T","M","R","?","R","M","R","BOSS","M","?","$","?","$","E","?","?","T","R","M","M","E","?","R","BOSS"],"build_version":"2019-06-01","purchased_purges":4,"victory":false,"max_hp_per_floor":[75,75,75,75,75,75,75,75,75,75,75,75,75,75,75,75,80,80,80,80,80,80,80,80,80,80,80,80,80,80,80,80,80,80,80,76,76,76,76,76,76,76,76,76,76,76,76,83,83,83],"card_choices":[{"not_picked":["White Noise","Hologram"],"picked":"Gash","floor":1},{"not_picked":["Barrage","Conserve Battery"],"picked":"Gash","floor":6},{"not_picked":["Steam","Beam Cell","Streamline"],"picked":"SKIP","floor":12},{"not_picked":["Go for the Eyes","Ball Lightning","Buffer"],"picked":"SKIP","floor":14},{"not_picked":["Ball Lightning","Leap+1","Storm"],"picked":"SKIP","floor":18},{"not_picked":["Go for the Eyes","Capacitor","Leap"],"picked":"SKIP","floor":22},{"not_picked":["Leap","Rip and Tear+1","Consume"],"picked":"SKIP","floor":23},{"not_picked":["Recycle","Go for the Eyes","Rebound"],"picked":"SKIP","floor":25},{"not_picked":["Hologram","Compile Driver","Hyperbeam"],"picked":"SKIP","floor":27},{"not_picked":["Turbo","Cold Snap+1","Genetic Algorithm"],"picked":"SKIP","floor":31},{"not_picked":["FTL","Beam Cell","Rebound"],"picked":"SKIP","floor":35},{"not_picked":["Cold Snap+1","Rip and Tear+1","Capacitor"],"picked":"SKIP","floor":40},{"not_picked":["White Noise","Coolheaded","Turbo+1"],"picked":"SKIP","floor":41},{"not_picked":["Ball Lightning+1","Coolheaded","Rainbow"],"picked":"SKIP","floor":45},{"not_picked":["Go for the Eyes","Scrape+1","Streamline"],"picked":"SKIP","floor":46},{"not_picked":["Doom and Gloom","FTL","Glacier"],"picked":"SKIP","floor":47}],"player_experience":426505,"relics_obtained":[{"floor":6,"key":"FossilizedHelix"},{"floor":9,"key":"Orichalcum"},{"floor":40,"key":"Happy Flower"},{"floor":43,"key":"Smiling Mask"},{"floor":47,"key":"Lantern"},{"floor":48,"key":"Strawberry"}],"event_choices":[{"cards_removed":["Strike_B"],"damage_healed":0,"gold_gain":0,"player_choice":"Card Removal","damage_taken":0,"max_hp_gain":0,"max_hp_loss":0,"event_name":"The Cleric","floor":2,"gold_loss":50},{"damage_healed":0,"gold_gain":0,"player_choice":"Entered Light","damage_taken":15,"max_hp_gain":0,"max_hp_loss":0,"event_name":"Shining Light","floor":3,"gold_loss":0,"cards_upgraded":["Defend_B","Gash"]},{"damage_healed":0,"gold_gain":0,"player_choice":"Success","damage_taken":7,"relics_obtained":["Turnip"],"max_hp_gain":0,"max_hp_loss":0,"event_name":"Scrap Ooze","floor":5,"gold_loss":0},{"cards_removed":["Strike_B"],"damage_healed":0,"gold_gain":0,"player_choice":"Forget","damage_taken":0,"max_hp_gain":0,"max_hp_loss":0,"event_name":"Living Wall","floor":8,"gold_loss":0},{"damage_healed":0,"gold_gain":0,"player_choice":"Ignored","damage_taken":0,"max_hp_gain":0,"max_hp_loss":0,"event_name":"N\u0027loth","floor":20,"gold_loss":0},{"cards_removed":["Defend_B"],"damage_healed":0,"gold_gain":0,"player_choice":"Gave Gold","damage_taken":0,"max_hp_gain":0,"max_hp_loss":0,"event_name":"Beggar","floor":29,"gold_loss":75},{"damage_healed":0,"gold_gain":0,"player_choice":"Max HP","damage_taken":0,"max_hp_gain":0,"max_hp_loss":4,"event_name":"Winding Halls","floor":36,"gold_loss":0},{"damage_healed":0,"gold_gain":0,"player_choice":"0 cards matched","damage_taken":0,"max_hp_gain":0,"max_hp_loss":0,"event_name":"Match and Keep!","floor":38,"gold_loss":0,"cards_obtained":[]},{"cards_removed":["Defend_B"],"damage_healed":0,"gold_gain":0,"player_choice":"Removed Skill","damage_taken":0,"max_hp_gain":0,"max_hp_loss":0,"event_name":"Falling","floor":42,"gold_loss":0}],"is_beta":true,"boss_relics":[{"not_picked":["Calling Bell","Velvet Choker"],"picked":"Tiny House"},{"not_picked":["Lizard Tail","Black Star"],"picked":"FrozenCore"}],"items_purged_floors":[4,11,19,37],"is_endless":false,"potions_floor_spawned":[1,14,23,27,31,33,35,46],"killed_by":"Donu and Deca","ascension_level":0}