{"gold_per_floor":[118,98,24,44,44,77,91,106,106,106,122,140,140],"floor_reached":13,"playtime":500,"items_purged":[],"score":91,"play_id":"450b5b45-ca47-4919-b575-2e548bd19d78","local_time":"20191015133902","is_ascension_mode":true,"campfire_choices":[{"floor":10,"key":"REST"}],"neow_cost":"PERCENT_DAMAGE","seed_source_timestamp":238780826909400,"circlet_count":0,"master_deck":["Strike_R","Strike_R","Strike_R","Strike_R","Defend_R","Defend_R","Defend_R","Bash","Double Tap","Flex","Dropkick","Demon Form","Perfected Strike","Seeing Red","Shrug It Off","Heavy Blade","Disarm"],"relics":["Burning Blood","Bottled Flame","Self Forming Clay"],"potions_floor_usage":[8,13,13],"damage_taken":[{"damage":0,"enemies":"Small Slimes","floor":1,"turns":4},{"damage":0,"enemies":"Cultist","floor":4,"turns":3},{"damage":36,"enemies":"Lagavulin","floor":6,"turns":6},{"damage":11,"enemies":"Jaw Worm","floor":7,"turns":3},{"damage":5,"enemies":"Lots of Slimes","floor":8,"turns":4},{"damage":12,"enemies":"3 Louse","floor":11,"turns":4},{"damage":5,"enemies":"Looter","floor":12,"turns":2},{"damage":19,"enemies":"3 Sentries","floor":13,"turns":4}],"seed_played":"-8517625827206078032","potions_obtained":[{"floor":1,"key":"Fire Potion"},{"floor":2,"key":"Ancient Potion"},{"floor":6,"key":"Strength Potion"},{"floor":11,"key":"PowerPotion"}],"is_trial":false,"path_per_floor":["M","?","$","M","$","E","M","M","T","R","M","M","E"],"character_chosen":"IRONCLAD","items_purchased":["Demon Form"],"campfire_rested":1,"item_purchase_floors":[3],"current_hp_per_floor":[62,62,62,68,68,38,33,34,34,58,52,53,34],"gold":140,"neow_bonus":"TRANSFORM_TWO_CARDS","is_prod":false,"is_daily":false,"chose_seed":false,"campfire_upgraded":0,"win_rate":0,"timestamp":1571164742,"path_taken":["M","?","$","M","?","E","?","M","T","R","M","M","E"],"build_version":"2019-10-14","purchased_purges":0,"victory":false,"max_hp_per_floor":[80,80,80,80,80,80,80,80,80,80,80,80,80],"card_choices":[{"not_picked":["Dual Wield","Whirlwind"],"picked":"Dropkick","floor":1},{"not_picked":["Clothesline","Armaments"],"picked":"Perfected Strike","floor":4},{"not_picked":["Berserk","Uppercut"],"picked":"Seeing Red","floor":6},{"not_picked":["Bloodletting","Carnage"],"picked":"Shrug It Off","floor":7},{"not_picked":["Second Wind","Iron Wave","Sword Boomerang"],"picked":"SKIP","floor":8},{"not_picked":["True Grit","Body Slam"],"picked":"Heavy Blade","floor":11},{"not_picked":["Flex","Shrug It Off"],"picked":"Disarm","floor":12}],"player_experience":32150,"relics_obtained":[{"floor":6,"key":"Bottled Flame"},{"floor":9,"key":"Self Forming Clay"}],"event_choices":[{"damage_healed":0,"gold_gain":0,"player_choice":"Bought 1 Potion","damage_taken":0,"max_hp_gain":0,"max_hp_loss":0,"event_name":"The Woman in Blue","floor":2,"gold_loss":0}],"is_beta":true,"boss_relics":[],"items_purged_floors":[],"is_endless":false,"potions_floor_spawned":[1,6,11,12],"killed_by":"3 Sentries","ascension_level":1}