{"gold_per_floor":[115,132,149,149,51,77,77,28,52,21,21,34,34,34,34,134,134,147,246,246,262,43,43,59,59,89,89,89,89,103,103,103,202,202,212,239,0,0,0,0,17,48,74,74,99,123,135,165,177,189],"floor_reached":50,"playtime":1915,"items_purged":["Defend_B"],"score":519,"play_id":"4d89c000-dadd-48d6-bf00-d5bff16074f3","local_time":"20190531100751","is_ascension_mode":false,"campfire_choices":[{"data":"Zap","floor":7,"key":"SMITH"},{"data":"Hologram","floor":11,"key":"SMITH"},{"data":"Go for the Eyes","floor":13,"key":"SMITH"},{"floor":15,"key":"REST"},{"data":"Defragment","floor":23,"key":"SMITH"},{"data":"Gash","floor":27,"key":"SMITH"},{"data":"Gash","floor":29,"key":"SMITH"},{"floor":32,"key":"REST"},{"data":"Go for the Eyes","floor":40,"key":"SMITH"},{"data":"Redo","floor":44,"key":"SMITH"},{"floor":49,"key":"REST"}],"neow_cost":"NONE","seed_source_timestamp":599867506868900,"circlet_count":0,"master_deck":["Strike_B+1","Strike_B+1","Strike_B+1","Defend_B+1","Defend_B+1","Defend_B+1","Zap+1","Dualcast","Conserve Battery","Redo+1","Hologram+1","Gash+1","Go for the Eyes+1","Defragment+1","Electrodynamics","Gash+1","Conserve Battery","Cold Snap","Chill+1","Gash+1","Go for the Eyes+1","Gash+1","Metamorphosis","Go for the Eyes+1","Defragment","Parasite","Steam+1"],"relics":["Cracked Core","Strawberry","Juzu Bracelet","Lizard Tail","Runic Capacitor","Tiny Chest","Empty Cage","Blood Vial","Red Mask","Ice Cream","PreservedInsect","MawBank"],"potions_floor_usage":[16,18,21,33,33,33,42,45,50,50],"damage_taken":[{"damage":1,"enemies":"Cultist","floor":1,"turns":3},{"damage":3,"enemies":"Jaw Worm","floor":2,"turns":4},{"damage":0,"enemies":"2 Louse","floor":3,"turns":3},{"damage":37,"enemies":"3 Sentries","floor":6,"turns":7},{"damage":0,"enemies":"Large Slime","floor":12,"turns":5},{"damage":27,"enemies":"Slime Boss","floor":16,"turns":12},{"damage":23,"enemies":"2 Thieves","floor":18,"turns":3},{"damage":0,"enemies":"Chosen","floor":21,"turns":5},{"damage":6,"enemies":"Centurion and Healer","floor":24,"turns":5},{"damage":1,"enemies":"Cultist and Chosen","floor":30,"turns":6},{"damage":11,"enemies":"Champ","floor":33,"turns":11},{"damage":6,"enemies":"Orb Walker","floor":35,"turns":4},{"damage":0,"enemies":"3 Shapes","floor":41,"turns":6},{"damage":14,"enemies":"Nemesis","floor":42,"turns":9},{"damage":14,"enemies":"Reptomancer","floor":45,"turns":5},{"damage":25,"enemies":"Spire Growth","floor":46,"turns":6},{"damage":22,"enemies":"Writhing Mass","floor":48,"turns":7},{"damage":44,"enemies":"Donu and Deca","floor":50,"turns":7}],"seed_played":"-3305593179087120826","potions_obtained":[{"floor":3,"key":"Block Potion"},{"floor":6,"key":"Block Potion"},{"floor":16,"key":"Swift Potion"},{"floor":18,"key":"Fire Potion"},{"floor":24,"key":"Block Potion"},{"floor":30,"key":"Dexterity Potion"},{"floor":41,"key":"Weak Potion"},{"floor":42,"key":"EssenceOfSteel"},{"floor":45,"key":"Strength Potion"},{"floor":48,"key":"AttackPotion"}],"is_trial":false,"path_per_floor":["M","M","M","?","$","E","R","$","T","?","R","M","R","$","R","B",null,"M","?","?","M","$","R","M","$","T","R","?","R","M","$","R","B",null,"M","T","?","$","?","R","M","E","T","R","E","M","?","M","R","B"],"character_chosen":"DEFECT","items_purchased":["Gash","Stack","Runic Capacitor","Cold Snap"],"campfire_rested":3,"item_purchase_floors":[5,8,22,22],"current_hp_per_floor":[81,78,78,78,78,48,48,48,48,48,48,48,48,48,74,47,89,66,66,66,66,66,66,60,60,60,60,60,60,59,59,85,74,89,83,83,83,83,83,83,85,73,73,73,61,38,38,18,44,2],"gold":189,"neow_bonus":"TEN_PERCENT_HP_BONUS","is_prod":false,"is_daily":false,"chose_seed":false,"campfire_upgraded":8,"win_rate":0,"timestamp":1559286471,"path_taken":["M","M","M","?","$","E","R","?","T","?","R","M","R","?","R","BOSS","M","?","?","M","$","R","M","?","T","R","?","R","M","$","R","BOSS","M","?","?","$","?","R","M","E","T","R","E","M","?","M","R","BOSS"],"build_version":"2019-05-28","purchased_purges":1,"victory":false,"max_hp_per_floor":[82,82,82,82,82,89,89,89,89,89,89,89,89,89,89,89,89,89,89,89,89,89,89,89,89,89,89,89,89,89,89,89,89,89,89,89,89,89,89,89,89,89,89,89,89,89,89,89,89,89],"card_choices":[{"not_picked":["Compile Driver","Rebound"],"picked":"Conserve Battery","floor":1},{"not_picked":["Static Discharge","Fusion"],"picked":"Redo","floor":2},{"not_picked":["Barrage","Streamline"],"picked":"Hologram","floor":3},{"not_picked":["Steam Power","Undo"],"picked":"Go for the Eyes","floor":6},{"not_picked":["Lockon","Leap"],"picked":"Defragment","floor":12},{"not_picked":["Machine Learning","Meteor Strike"],"picked":"Electrodynamics","floor":16},{"not_picked":["Ball Lightning","Rebound"],"picked":"Gash","floor":18},{"not_picked":["Stack+1","Storm"],"picked":"Conserve Battery","floor":21},{"not_picked":["Steam+1","Compile Driver+1"],"picked":"Chill+1","floor":24},{"not_picked":["Doom and Gloom+1","Force Field+1"],"picked":"Go for the Eyes","floor":30},{"not_picked":["All For One","Core Surge"],"picked":"Electrodynamics","floor":33},{"not_picked":["Steam","Sweeping Beam+1"],"picked":"Gash+1","floor":35},{"not_picked":["Mind Blast","Master of Strategy"],"picked":"Metamorphosis","floor":39},{"not_picked":["Sweeping Beam+1","Barrage"],"picked":"Go for the Eyes+1","floor":41},{"not_picked":["Redo","Melter+1","Go for the Eyes+1"],"picked":"SKIP","floor":42},{"not_picked":["Core Surge","Sweeping Beam+1","Undo"],"picked":"SKIP","floor":45},{"not_picked":["Cold Snap+1","Sweeping Beam"],"picked":"Defragment","floor":46},{"not_picked":["Static Discharge+1","Hologram+1"],"picked":"Steam+1","floor":48}],"player_experience":409451,"relics_obtained":[{"floor":6,"key":"Strawberry"},{"floor":9,"key":"Juzu Bracelet"},{"floor":26,"key":"Tiny Chest"},{"floor":36,"key":"Blood Vial"},{"floor":42,"key":"Ice Cream"},{"floor":43,"key":"PreservedInsect"},{"floor":45,"key":"MawBank"}],"event_choices":[{"cards_removed":["Strike_B"],"damage_healed":0,"gold_gain":0,"player_choice":"Purged","damage_taken":0,"max_hp_gain":0,"max_hp_loss":0,"event_name":"Purifier","floor":4,"gold_loss":0},{"damage_healed":0,"gold_gain":0,"player_choice":"Left Gold","damage_taken":0,"max_hp_gain":0,"max_hp_loss":0,"event_name":"World of Goop","floor":10,"gold_loss":31},{"damage_healed":0,"gold_gain":99,"player_choice":"Stole From Cult","damage_taken":0,"max_hp_gain":0,"max_hp_loss":0,"event_name":"Nest","floor":19,"gold_loss":0},{"damage_healed":0,"gold_gain":0,"player_choice":"Simplicity","damage_taken":0,"max_hp_gain":0,"max_hp_loss":0,"event_name":"Back to Basics","floor":20,"gold_loss":0,"cards_upgraded":["Strike_B","Strike_B","Strike_B","Defend_B","Defend_B","Defend_B"]},{"damage_healed":0,"gold_gain":0,"player_choice":"Copied","damage_taken":0,"max_hp_gain":0,"max_hp_loss":0,"event_name":"Duplicator","floor":28,"gold_loss":0,"cards_obtained":["Gash"]},{"damage_healed":0,"gold_gain":0,"player_choice":"Paid","damage_taken":0,"relics_obtained":["Red Mask"],"max_hp_gain":0,"max_hp_loss":0,"event_name":"Tomb of Lord Red Mask","floor":37,"gold_loss":239},{"damage_healed":0,"gold_gain":0,"player_choice":"Memory 1","damage_taken":0,"max_hp_gain":0,"max_hp_loss":0,"event_name":"SensoryStone","floor":39,"gold_loss":0},{"damage_healed":0,"gold_gain":0,"player_choice":"Ignored","damage_taken":0,"max_hp_gain":0,"max_hp_loss":0,"event_name":"SecretPortal","floor":47,"gold_loss":0}],"is_beta":true,"boss_relics":[{"not_picked":["Coffee Dripper","Orrery"],"picked":"Lizard Tail"},{"not_picked":["White Beast Statue","Runic Dome"],"picked":"Empty Cage"}],"items_purged_floors":[5],"is_endless":false,"potions_floor_spawned":[3,6,16,18,24,30,41,42,45,48],"killed_by":"Donu and Deca","ascension_level":0}