{"gold_per_floor":[117,117,117,136,147,207,218,60,60,10,10,10,44,62,62,62],"floor_reached":16,"playtime":660,"items_purged":["Strike_R"],"score":121,"play_id":"010c4495-ecfd-4ff5-8786-0d5f20322959","local_time":"20191016020644","is_ascension_mode":true,"campfire_choices":[{"data":"Bash","floor":11.0,"key":"SMITH"},{"floor":15.0,"key":"REST"}],"neow_cost":"NONE","seed_source_timestamp":283452278551300,"circlet_count":0,"master_deck":["Strike_R","Strike_R","Strike_R","Strike_R","Defend_R","Defend_R","Defend_R","Bash+1","Offering","Spot Weakness","Dropkick","Whirlwind","Inflame","Flash of Steel","Twin Strike","Shrug It Off"],"special_seed":0,"relics":["Burning Blood","Tiny Chest","Ornamental Fan","GremlinMask","Paper Frog"],"potions_floor_usage":[],"damage_taken":[{"damage":6.0,"enemies":"2 Louse","floor":1.0,"turns":4.0},{"damage":18.0,"enemies":"Small Slimes","floor":4.0,"turns":3.0},{"damage":6.0,"enemies":"Cultist","floor":5.0,"turns":2.0},{"damage":14.0,"enemies":"3 Sentries","floor":6.0,"turns":5.0},{"damage":10.0,"enemies":"Red Slaver","floor":7.0,"turns":2.0},{"damage":34.0,"enemies":"Gremlin Nob","floor":13.0,"turns":4.0},{"damage":6.0,"enemies":"Large Slime","floor":14.0,"turns":2.0},{"damage":51,"enemies":"The Guardian","floor":16,"turns":8}],"seed_played":"-8072265706013999818","potions_obtained":[{"floor":4.0,"key":"Fire Potion"},{"floor":5.0,"key":"DistilledChaos"},{"floor":13.0,"key":"Ancient Potion"}],"is_trial":false,"path_per_floor":["M","?","?","M","M","E","M","$","T","?","R","?","E","M","R","B"],"character_chosen":"IRONCLAD","items_purchased":["Flash of Steel"],"campfire_rested":1,"item_purchase_floors":[8],"current_hp_per_floor":[80,80,85,73,73,65,61,61,61,61,61,61,33,33,58,7],"gold":62,"neow_bonus":"ONE_RANDOM_RARE_CARD","is_prod":false,"is_daily":false,"chose_seed":false,"campfire_upgraded":1,"win_rate":0,"timestamp":1571209604,"path_taken":["M","?","?","M","M","E","M","$","T","?","R","?","E","M","R","BOSS"],"build_version":"2019-10-15","purchased_purges":1,"victory":false,"max_hp_per_floor":[80,80,85,85,85,85,85,85,85,85,85,85,85,85,85,85],"card_choices":[{"not_picked":["Twin Strike","Sever Soul","Headbutt"],"picked":"SKIP","floor":1.0},{"not_picked":["Sword Boomerang","True Grit"],"picked":"Spot Weakness","floor":4.0},{"not_picked":["Body Slam","Perfected Strike"],"picked":"Dropkick","floor":5.0},{"not_picked":["Body Slam","Iron Wave"],"picked":"Whirlwind","floor":6.0},{"not_picked":["Cleave","Iron Wave"],"picked":"Inflame","floor":7.0},{"not_picked":["Rampage","Berserk"],"picked":"Twin Strike","floor":13.0},{"not_picked":["Flex","Headbutt"],"picked":"Shrug It Off","floor":14.0}],"player_experience":52444,"relics_obtained":[{"floor":6.0,"key":"Tiny Chest"},{"floor":9.0,"key":"Ornamental Fan"},{"floor":13.0,"key":"Paper Frog"}],"event_choices":[{"damage_healed":0.0,"max_hp_gain":0.0,"max_hp_loss":0.0,"gold_gain":0.0,"event_name":"Liars Game","player_choice":"Ignored","floor":2.0,"gold_loss":0.0,"damage_taken":0.0},{"damage_healed":0.0,"max_hp_gain":5.0,"max_hp_loss":0.0,"gold_gain":0.0,"event_name":"Big Fish","player_choice":"Donut","floor":3.0,"gold_loss":0.0,"damage_taken":0.0},{"cards_removed":["Defend_R"],"damage_healed":0.0,"max_hp_gain":0.0,"max_hp_loss":0.0,"gold_gain":0.0,"event_name":"The Cleric","player_choice":"Card Removal","floor":10.0,"gold_loss":50.0,"damage_taken":0.0},{"damage_healed":0.0,"max_hp_gain":0.0,"max_hp_loss":0.0,"gold_gain":0.0,"event_name":"FaceTrader","player_choice":"Trade","floor":12.0,"gold_loss":0.0,"damage_taken":0.0,"relics_obtained":["GremlinMask"]}],"is_beta":true,"boss_relics":[],"items_purged_floors":[8],"is_endless":false,"potions_floor_spawned":[4,5,13],"killed_by":"The Guardian","ascension_level":2}