{"gold_per_floor":[110,123,123,136,6,35,35,35,35,45,45,70,70,90,90,189,189,200,299,19,19,19,19,19],"floor_reached":24,"playtime":820,"items_purged":["Strike_B"],"score":263,"play_id":"78b8419e-4430-4d45-98ad-ffc9f3186c94","local_time":"20191017202929","is_ascension_mode":true,"campfire_choices":[{"data":"Seek","floor":7.0,"key":"SMITH"},{"data":"Chill","floor":11.0,"key":"SMITH"},{"floor":15.0,"key":"REST"},{"data":"Creative AI","floor":23,"key":"SMITH"}],"neow_cost":"NONE","seed_source_timestamp":40191465702300,"circlet_count":0,"master_deck":["Strike_B","Strike_B","Defend_B","Defend_B","Defend_B","Defend_B+1","Zap","Dualcast","Sweeping Beam","Beam Cell","Seek+1","Melter","Redo+1","Conserve Battery","Chill+1","Sunder","Go for the Eyes","Creative AI+1","CurseOfTheBell","Conserve Battery+1","Leap"],"special_seed":0,"relics":["Cracked Core","NeowsBlessing","Mercury Hourglass","War Paint","Kunai","Calling Bell","Orichalcum","Dodecahedron","FossilizedHelix","Oddly Smooth Stone","White Beast Statue"],"potions_floor_usage":[],"damage_taken":[{"damage":0.0,"enemies":"2 Louse","floor":1.0,"turns":1.0},{"damage":0.0,"enemies":"Cultist","floor":2.0,"turns":1.0},{"damage":0.0,"enemies":"Small Slimes","floor":4.0,"turns":1.0},{"damage":25.0,"enemies":"3 Sentries","floor":6.0,"turns":6.0},{"damage":21.0,"enemies":"Exordium Thugs","floor":10.0,"turns":4.0},{"damage":17.0,"enemies":"Lagavulin","floor":12.0,"turns":7.0},{"damage":1.0,"enemies":"Blue Slaver","floor":14.0,"turns":3.0},{"damage":21,"enemies":"The Guardian","floor":16,"turns":11},{"damage":11,"enemies":"Chosen","floor":18,"turns":6},{"damage":51,"enemies":"Book of Stabbing","floor":24,"turns":7}],"seed_played":"2193643842323617596","potions_obtained":[{"floor":2.0,"key":"EssenceOfSteel"},{"floor":4.0,"key":"Swift Potion"},{"floor":16,"key":"SteroidPotion"},{"floor":18,"key":"LiquidBronze"}],"is_trial":false,"path_per_floor":["M","M","?","M","$","E","R","$","T","M","R","E","?","M","R","B",null,"M","?","$","?","?","R","E"],"character_chosen":"DEFECT","items_purchased":["Melter","Redo","Oddly Smooth Stone","Leap"],"campfire_rested":1,"item_purchase_floors":[5,5,20,20],"current_hp_per_floor":[68,68,68,68,68,43,43,43,43,22,22,5,5,4,26,5,58,47,47,47,47,47,47,0],"gold":19,"neow_bonus":"THREE_ENEMY_KILL","is_prod":false,"is_daily":false,"chose_seed":false,"campfire_upgraded":3,"win_rate":0,"timestamp":1571336969,"path_taken":["M","M","?","M","$","E","R","?","T","M","R","E","?","M","R","BOSS","M","?","$","?","?","R","E"],"build_version":"2019-10-16","purchased_purges":1,"victory":false,"max_hp_per_floor":[75,75,75,75,75,75,75,75,75,75,75,75,75,75,75,75,75,75,75,75,75,75,75,75],"card_choices":[{"not_picked":["Coolheaded","Aggregate"],"picked":"Sweeping Beam","floor":1.0},{"not_picked":["Rebound","Stack"],"picked":"Beam Cell","floor":2.0},{"not_picked":["Turbo","Redo","Barrage"],"picked":"SKIP","floor":4.0},{"not_picked":["Go for the Eyes","Compile Driver"],"picked":"Conserve Battery","floor":6.0},{"not_picked":["Gash","Leap"],"picked":"Chill","floor":10.0},{"not_picked":["Heatsinks","Seek"],"picked":"Sunder","floor":12.0},{"not_picked":["Streamline","Conserve Battery"],"picked":"Go for the Eyes","floor":14.0},{"not_picked":["Amplify","Machine Learning"],"picked":"Creative AI","floor":16},{"not_picked":["Reprogram","Aggregate"],"picked":"Conserve Battery+1","floor":18}],"player_experience":520751,"relics_obtained":[{"floor":6.0,"key":"Mercury Hourglass"},{"floor":9.0,"key":"War Paint"},{"floor":12.0,"key":"Kunai"},{"floor":17,"key":"Orichalcum"},{"floor":17,"key":"Dodecahedron"},{"floor":17,"key":"FossilizedHelix"}],"event_choices":[{"damage_healed":0.0,"max_hp_gain":0.0,"max_hp_loss":0.0,"gold_gain":0.0,"event_name":"Match and Keep!","player_choice":"1 cards matched","floor":3.0,"gold_loss":0.0,"damage_taken":0.0,"cards_obtained":["Seek"]},{"cards_removed":["Strike_B"],"damage_healed":0.0,"max_hp_gain":0.0,"max_hp_loss":0.0,"gold_gain":0.0,"event_name":"Bonfire Elementals","player_choice":"Offered Basic","floor":13.0,"gold_loss":0.0,"damage_taken":0.0},{"damage_healed":0,"gold_gain":99,"player_choice":"Stole From Cult","damage_taken":0,"max_hp_gain":0,"max_hp_loss":0,"event_name":"Nest","floor":19,"gold_loss":0},{"damage_healed":0,"gold_gain":0,"player_choice":"Ignored","damage_taken":0,"max_hp_gain":0,"max_hp_loss":0,"event_name":"Ghosts","floor":21,"gold_loss":0},{"damage_healed":0,"gold_gain":0,"player_choice":"Gave Potion","damage_taken":0,"relics_obtained":["White Beast Statue"],"max_hp_gain":0,"max_hp_loss":0,"event_name":"WeMeetAgain","floor":22,"gold_loss":0}],"is_beta":true,"boss_relics":[{"not_picked":["Coffee Dripper","Ectoplasm"],"picked":"Calling Bell"}],"items_purged_floors":[20],"is_endless":false,"potions_floor_spawned":[2,4,16,18],"killed_by":"Book of Stabbing","ascension_level":6}