{"gold_per_floor":[111,124,124,89,99,99,112,112,138,138,138],"floor_reached":11,"playtime":444,"items_purged":[],"score":123,"play_id":"6842a12f-cb1a-44bf-9215-d2256c1ead9e","local_time":"20190507085251","is_ascension_mode":true,"campfire_choices":[{"data":"Bash","floor":6,"key":"SMITH"},{"floor":8,"key":"REST"}],"neow_cost":"NONE","seed_source_timestamp":1372566659887183,"circlet_count":0,"master_deck":["AscendersBane","Strike_R","Strike_R","Strike_R","Strike_R","Defend_R","Defend_R","Defend_R","Bash+1","Burning Pact","Clothesline","Burning Pact","Spot Weakness","Seeing Red","Exhume"],"relics":["Mark of Pain","Bronze Scales"],"potions_floor_usage":[11],"damage_taken":[{"damage":10,"enemies":"Small Slimes","floor":1,"turns":4},{"damage":8,"enemies":"2 Louse","floor":2,"turns":3},{"damage":4,"enemies":"Cultist","floor":5,"turns":3},{"damage":32,"enemies":"Exordium Wildlife","floor":7,"turns":5},{"damage":67,"enemies":"Gremlin Nob","floor":11,"turns":4}],"seed_played":"1761105775068367991","potions_obtained":[{"floor":1,"key":"SkillPotion"},{"floor":5,"key":"Swift Potion"}],"is_trial":false,"path_per_floor":["M","M","?","?","M","R","M","R","T","?","E"],"character_chosen":"IRONCLAD","items_purchased":[],"campfire_rested":1,"item_purchase_floors":[],"current_hp_per_floor":[58,50,50,68,64,64,32,54,54,54,0],"gold":138,"neow_bonus":"BOSS_RELIC","is_prod":false,"is_daily":false,"chose_seed":false,"campfire_upgraded":1,"win_rate":0,"timestamp":1557237171,"path_taken":["M","M","?","?","M","R","M","R","T","?","E"],"build_version":"2019-01-23","purchased_purges":0,"victory":false,"max_hp_per_floor":[75,75,75,75,75,75,75,75,75,75,75],"card_choices":[{"not_picked":["Bloodletting","Cleave"],"picked":"Burning Pact","floor":1},{"not_picked":["Anger","Twin Strike"],"picked":"Clothesline","floor":2},{"not_picked":["Intimidate","Anger"],"picked":"Spot Weakness","floor":5},{"not_picked":["Warcry","Sentinel"],"picked":"Seeing Red","floor":7}],"player_experience":613455,"relics_obtained":[{"floor":9,"key":"Bronze Scales"}],"event_choices":[{"damage_healed":0,"gold_gain":0,"cards_transformed":["Defend_R"],"player_choice":"Change","damage_taken":0,"max_hp_gain":0,"max_hp_loss":0,"event_name":"Living Wall","floor":3,"gold_loss":0,"cards_obtained":["Burning Pact"]},{"damage_healed":18,"gold_gain":0,"player_choice":"Healed","damage_taken":0,"max_hp_gain":0,"max_hp_loss":0,"event_name":"The Cleric","floor":4,"gold_loss":35},{"damage_healed":0,"gold_gain":0,"cards_transformed":["Strike_R"],"player_choice":"Transformed","damage_taken":0,"max_hp_gain":0,"max_hp_loss":0,"event_name":"Transmorgrifier","floor":10,"gold_loss":0,"cards_obtained":["Exhume"]}],"is_beta":false,"boss_relics":[],"items_purged_floors":[],"is_endless":false,"potions_floor_spawned":[1,5],"killed_by":"Gremlin Nob","ascension_level":19}