{"gold_per_floor":[119,136,146,146,222,222,240,265,265,265,281,65,65,65,65,154,154,178,159,235,354,130,130,180,180,204,204,218,232,302,371,371,461,461,481,506,519,569,373,373,23,23,98,118,137,520,34,68,68,68],"floor_reached":51,"playtime":7440,"items_purged":["Strike_R","Strike_R","Strike_R","Strike_R"],"score":1445,"play_id":"9610bd59-5a88-471b-916a-f96bd5f399c9","local_time":"20191018211146","is_ascension_mode":true,"campfire_choices":[{"data":"Iron Wave","floor":6.0,"key":"SMITH"},{"data":"Clothesline","floor":10.0,"key":"SMITH"},{"data":"Barricade","floor":15.0,"key":"SMITH"},{"data":"Metallicize","floor":23.0,"key":"SMITH"},{"floor":25.0,"key":"REST"},{"data":"Ghostly Armor","floor":27.0,"key":"SMITH"},{"floor":32.0,"key":"REST"},{"data":"Evolve","floor":40.0,"key":"SMITH"},{"data":"Power Through","floor":42.0,"key":"SMITH"},{"floor":49.0,"key":"REST"}],"neow_cost":"NONE","seed_source_timestamp":0,"circlet_count":0,"master_deck":["AscendersBane","Strike_R","Defend_R","Defend_R","Defend_R","Defend_R","Bash","Barricade+1","Power Through+1","Iron Wave+1","Clothesline+1","Ghostly Armor+1","Feed","Offering+1","Battle Trance+1","Entrench+1","Entrench+1","Metallicize+1","Metallicize+1","Warcry+1","Entrench+1","Armaments+1","Exhume+1","Evolve+1","Shrug It Off+1","Body Slam+1","Intimidate+1","True Grit+1","Burning Pact+1"],"special_seed":0,"relics":["Burning Blood","Tiny Chest","Toxic Egg 2","SsserpentHead","Velvet Choker","Blood Vial","Ancient Tea Set","Sozu","Molten Egg 2","Bag of Preparation","Singing Bowl","Boot","Dream Catcher","Turnip"],"potions_floor_usage":[],"damage_taken":[{"damage":10.0,"enemies":"2 Louse","floor":1.0,"turns":3.0},{"damage":1.0,"enemies":"Cultist","floor":2.0,"turns":4.0},{"damage":0.0,"enemies":"Small Slimes","floor":3.0,"turns":5.0},{"damage":0.0,"enemies":"Red Slaver","floor":7.0,"turns":5.0},{"damage":9.0,"enemies":"Lots of Slimes","floor":8.0,"turns":6.0},{"damage":7.0,"enemies":"Large Slime","floor":11.0,"turns":5.0},{"damage":29.0,"enemies":"The Guardian","floor":16.0,"turns":30.0},{"damage":20.0,"enemies":"Shell Parasite","floor":18.0,"turns":10.0},{"damage":14.0,"enemies":"2 Thieves","floor":19.0,"turns":4.0},{"damage":22.0,"enemies":"Centurion and Healer","floor":21.0,"turns":22.0},{"damage":37.0,"enemies":"Cultist and Chosen","floor":28.0,"turns":20.0},{"damage":29.0,"enemies":"Chosen and Byrds","floor":29.0,"turns":16.0},{"damage":4.0,"enemies":"Snake Plant","floor":30.0,"turns":15.0},{"damage":6.0,"enemies":"Centurion and Healer","floor":31.0,"turns":17.0},{"damage":6.0,"enemies":"Champ","floor":33.0,"turns":39.0},{"damage":23.0,"enemies":"3 Darklings","floor":35.0,"turns":30.0},{"damage":0.0,"enemies":"3 Shapes","floor":36.0,"turns":71.0},{"damage":29.0,"enemies":"Spire Growth","floor":37.0,"turns":12.0},{"damage":6.0,"enemies":"Writhing Mass","floor":44.0,"turns":27.0},{"damage":36.0,"enemies":"4 Shapes","floor":45.0,"turns":17.0},{"damage":6.0,"enemies":"Nemesis","floor":48.0,"turns":33.0},{"damage":3,"enemies":"Time Eater","floor":50,"turns":11}],"seed_played":"-7047115659068444993","potions_obtained":[{"floor":3.0,"key":"EssenceOfSteel"},{"floor":8.0,"key":"Poison Potion"},{"floor":21.0,"key":"FairyPotion"},{"floor":30.0,"key":"Swift Potion"},{"floor":33.0,"key":"Energy Potion"}],"is_trial":false,"path_per_floor":["M","M","M","?","T","R","M","M","T","R","M","$","?","?","R","B",null,"M","M","T","M","$","R","?","R","T","R","M","M","M","M","R","B",null,"M","M","M","T","$","R","$","R","T","M","M","?","$","E","R","B",null],"character_chosen":"IRONCLAD","items_purchased":["Ghostly Armor","Feed","Entrench+1","Metallicize","EssenceOfSteel","Shrug It Off+1","Body Slam+1","Intimidate+1","True Grit+1","Bag of Preparation","Boot","Dream Catcher"],"campfire_rested":3,"item_purchase_floors":[12,12,22,22,22,39,39,39,41,41,47,47],"current_hp_per_floor":[64,69,75,49,49,49,55,52,52,52,51,51,33,33,33,10,59,48,40,40,29,29,29,29,53,53,53,27,17,24,29,56,62,88,77,93,76,76,76,76,76,76,76,84,63,63,63,71,112,117],"gold":68,"neow_bonus":"ONE_RANDOM_RARE_CARD","is_prod":false,"is_daily":false,"chose_seed":false,"campfire_upgraded":7,"win_rate":0,"timestamp":1571447506,"path_taken":["M","M","M","?","?","R","M","?","T","R","M","$","?","?","R","BOSS","M","M","?","?","?","R","?","R","T","R","M","M","?","?","R","BOSS","M","M","M","?","?","R","$","R","T","M","M","?","$","E","R","BOSS"],"build_version":"2019-07-17","purchased_purges":4,"victory":true,"max_hp_per_floor":[75,75,75,75,75,75,75,75,75,75,75,75,75,75,75,75,75,78,78,78,81,81,81,81,81,81,81,84,87,90,93,93,97,97,101,109,113,113,113,113,113,113,113,119,126,126,126,132,134,134],"card_choices":[{"not_picked":["Sword Boomerang","Evolve"],"picked":"Power Through","floor":1.0},{"not_picked":["Sword Boomerang","Sentinel"],"picked":"Iron Wave","floor":2.0},{"not_picked":["Heavy Blade","Power Through","Thunderclap"],"picked":"SKIP","floor":3.0},{"not_picked":["Inflame","Pommel Strike","Bloodletting"],"picked":"SKIP","floor":7.0},{"not_picked":["Uppercut","Armaments"],"picked":"Clothesline","floor":8.0},{"not_picked":["Iron Wave","Offering","Flex"],"picked":"SKIP","floor":11.0},{"not_picked":["Juggernaut","Brutality"],"picked":"Offering+1","floor":16.0},{"not_picked":["Havoc+1","Searing Blow+1"],"picked":"Battle Trance+1","floor":18.0},{"not_picked":["Cleave","Armaments+1"],"picked":"Entrench+1","floor":19.0},{"not_picked":["Fiend Fire","Rupture","Flex+1"],"picked":"SKIP","floor":21.0},{"not_picked":["Fiend Fire","Rupture","Flex+1"],"picked":"SKIP","floor":21.0},{"not_picked":["Wild Strike","Twin Strike"],"picked":"Warcry+1","floor":28.0},{"not_picked":["Headbutt","Barricade"],"picked":"Entrench+1","floor":29.0},{"not_picked":["Sever Soul","Heavy Blade"],"picked":"Armaments+1","floor":30.0},{"not_picked":["Perfected Strike","Twin Strike","Body Slam"],"picked":"SKIP","floor":31.0},{"not_picked":["Barricade","Brutality"],"picked":"Exhume+1","floor":33.0},{"not_picked":["Heavy Blade","Clash","Rupture"],"picked":"SKIP","floor":35.0},{"not_picked":["Sword Boomerang","Flex+1","Havoc+1"],"picked":"SKIP","floor":36.0},{"not_picked":["Bloodletting+1","Iron Wave"],"picked":"Evolve","floor":37.0},{"not_picked":["Sentinel+1","Heavy Blade+1","Pommel Strike+1"],"picked":"Singing Bowl","floor":44.0},{"not_picked":["Sever Soul+1","Dark Embrace"],"picked":"Burning Pact+1","floor":45.0},{"not_picked":["Twin Strike+1","Havoc+1","Immolate+1"],"picked":"Singing Bowl","floor":48.0},{"not_picked":["Perfected Strike+1","Heavy Blade+1","Thunderclap+1"],"picked":"Singing Bowl","floor":49.0}],"player_experience":846722,"relics_obtained":[{"floor":5.0,"key":"Tiny Chest"},{"floor":20.0,"key":"Blood Vial"},{"floor":26.0,"key":"Ancient Tea Set"},{"floor":38.0,"key":"Molten Egg 2"},{"floor":43.0,"key":"Singing Bowl"},{"floor":48.0,"key":"Turnip"}],"event_choices":[{"damage_healed":0.0,"max_hp_gain":0.0,"max_hp_loss":0.0,"gold_gain":0.0,"event_name":"Golden Idol","player_choice":"Take Damage","floor":4.0,"gold_loss":0.0,"damage_taken":26.0,"relics_obtained":["Golden Idol"]},{"damage_healed":0.0,"max_hp_gain":0.0,"max_hp_loss":0.0,"gold_gain":0.0,"event_name":"Scrap Ooze","player_choice":"Success","floor":13.0,"gold_loss":0.0,"damage_taken":18.0,"relics_obtained":["Toxic Egg 2"]},{"damage_healed":0.0,"max_hp_gain":0.0,"max_hp_loss":0.0,"gold_gain":0.0,"event_name":"FaceTrader","player_choice":"Trade","floor":14.0,"gold_loss":0.0,"damage_taken":0.0,"relics_obtained":["SsserpentHead"]},{"damage_healed":0.0,"max_hp_gain":0.0,"max_hp_loss":0.0,"gold_gain":0.0,"event_name":"Duplicator","player_choice":"Copied","floor":24.0,"gold_loss":0.0,"damage_taken":0.0,"cards_obtained":["Metallicize"]},{"damage_healed":0.0,"max_hp_gain":0.0,"max_hp_loss":0.0,"gold_gain":333.0,"event_name":"The Moai Head","player_choice":"Gave Idol","floor":46.0,"relics_lost":["Golden Idol"],"gold_loss":0.0,"damage_taken":0.0}],"is_beta":false,"boss_relics":[{"not_picked":["Mark of Pain","Black Blood"],"picked":"Velvet Choker"},{"not_picked":["White Beast Statue","Astrolabe"],"picked":"Sozu"}],"items_purged_floors":[22,39,41,47],"is_endless":false,"potions_floor_spawned":[3,8,21,30,33,35,37,45],"ascension_level":18}