{"gold_per_floor":[361,373,393,68,68,68,99,113,168,188,188,188,199,217,217,320,320,336,10,21,33,49,84,8,33,33,44,44,55,55,15,15,15],"floor_reached":33,"playtime":1842,"items_purged":["Regret","Strike_R"],"score":345,"play_id":"c7b30818-82fa-4fd2-917f-d780368005b0","local_time":"20191016015452","is_ascension_mode":true,"campfire_choices":[{"data":"Searing Blow","floor":6.0,"key":"SMITH"},{"data":"Searing Blow+1","floor":12.0,"key":"SMITH"},{"data":"Searing Blow+2","floor":15.0,"key":"SMITH"},{"data":"Armaments","floor":32,"key":"SMITH"}],"neow_cost":"CURSE","seed_source_timestamp":281466953564899,"circlet_count":0,"master_deck":["Defend_R","Defend_R","Defend_R","Defend_R","Bash","Searing Blow+3","Armaments+1","Headbutt","Fiend Fire","Dual Wield","Fiend Fire","Bite","Bite","Bite","Bite","Bite","Flame Barrier"],"special_seed":0,"relics":["Burning Blood","Paper Frog","Bottled Lightning","Centennial Puzzle","Busted Crown","Membership Card","Gremlin Horn","Bronze Scales","Orichalcum","Champion Belt","Peace Pipe"],"potions_floor_usage":[33],"damage_taken":[{"damage":9.0,"enemies":"Cultist","floor":1.0,"turns":3.0},{"damage":8.0,"enemies":"Small Slimes","floor":2.0,"turns":3.0},{"damage":6.0,"enemies":"Jaw Worm","floor":3.0,"turns":5.0},{"damage":14.0,"enemies":"Gremlin Nob","floor":7.0,"turns":3.0},{"damage":17.0,"enemies":"Lots of Slimes","floor":8.0,"turns":4.0},{"damage":14.0,"enemies":"Exordium Wildlife","floor":10.0,"turns":4.0},{"damage":0.0,"enemies":"2 Fungi Beasts","floor":13.0,"turns":3.0},{"damage":7.0,"enemies":"Large Slime","floor":14.0,"turns":4.0},{"damage":52.0,"enemies":"The Guardian","floor":16.0,"turns":8.0},{"damage":1.0,"enemies":"Shell Parasite","floor":18.0,"turns":2.0},{"damage":23.0,"enemies":"3 Byrds","floor":20.0,"turns":4.0},{"damage":2.0,"enemies":"Cultist and Chosen","floor":21.0,"turns":4.0},{"damage":11.0,"enemies":"Snake Plant","floor":22.0,"turns":2.0},{"damage":25.0,"enemies":"Gremlin Leader","floor":23.0,"turns":6.0},{"damage":42.0,"enemies":"Slavers","floor":25.0,"turns":5.0},{"damage":32.0,"enemies":"Centurion and Healer","floor":27.0,"turns":8.0},{"damage":0,"enemies":"Snecko","floor":29,"turns":2},{"damage":40,"enemies":"Collector","floor":33,"turns":6}],"seed_played":"-2508846392530489937","potions_obtained":[{"floor":1.0,"key":"SpeedPotion"},{"floor":5.0,"key":"EssenceOfSteel"},{"floor":5.0,"key":"FearPotion"},{"floor":5.0,"key":"AttackPotion"},{"floor":10.0,"key":"BloodPotion"},{"floor":13.0,"key":"BloodPotion"},{"floor":14.0,"key":"FairyPotion"},{"floor":23.0,"key":"DistilledChaos"},{"floor":27.0,"key":"SkillPotion"},{"floor":29,"key":"Fire Potion"}],"is_trial":false,"path_per_floor":["M","M","M","$","?","R","E","M","T","M","?","R","M","M","R","B",null,"M","$","M","M","M","E","$","E","T","M","?","M","?","$","R","B"],"character_chosen":"IRONCLAD","items_purchased":["Paper Frog","Membership Card","Gremlin Horn","Orichalcum","Flame Barrier"],"campfire_rested":0,"item_purchase_floors":[4,19,19,24,31],"current_hp_per_floor":[77,75,75,75,75,75,67,56,56,64,64,64,70,69,69,23,80,80,80,63,67,62,59,59,23,23,23,23,29,29,29,29,0],"gold":15,"neow_bonus":"TWO_FIFTY_GOLD","is_prod":false,"is_daily":false,"chose_seed":false,"campfire_upgraded":4,"win_rate":0,"timestamp":1571208892,"path_taken":["M","?","M","$","?","R","E","M","T","?","?","R","M","M","R","BOSS","M","$","M","M","M","E","?","E","T","M","?","M","?","$","R","BOSS"],"build_version":"2019-10-15","purchased_purges":2,"victory":false,"max_hp_per_floor":[80,80,80,80,80,80,80,80,80,80,80,80,80,80,80,80,80,80,80,80,80,80,80,80,80,80,80,80,80,56,56,56,56],"card_choices":[{"not_picked":["Thunderclap","Twin Strike"],"picked":"Searing Blow","floor":1.0},{"not_picked":["Warcry","Dropkick"],"picked":"Armaments","floor":2.0},{"not_picked":["Heavy Blade","Combust"],"picked":"Headbutt","floor":3.0},{"not_picked":["Sever Soul","Armaments"],"picked":"Fiend Fire","floor":7.0},{"not_picked":["Perfected Strike","Second Wind","True Grit"],"picked":"SKIP","floor":8.0},{"not_picked":["Iron Wave","True Grit"],"picked":"Dual Wield","floor":10.0},{"not_picked":["Sword Boomerang","Wild Strike","Juggernaut"],"picked":"SKIP","floor":13.0},{"not_picked":["Metallicize","Hemokinesis","Wild Strike"],"picked":"SKIP","floor":14.0},{"not_picked":["Limit Break","Brutality"],"picked":"Fiend Fire","floor":16.0},{"not_picked":["Headbutt"],"picked":"SKIP","floor":18.0},{"not_picked":["Sword Boomerang"],"picked":"SKIP","floor":20.0},{"not_picked":["Twin Strike+1"],"picked":"SKIP","floor":21.0},{"not_picked":["Wild Strike"],"picked":"SKIP","floor":22.0},{"not_picked":["Clash"],"picked":"SKIP","floor":23.0},{"not_picked":["Heavy Blade"],"picked":"SKIP","floor":25.0},{"not_picked":["Flex"],"picked":"SKIP","floor":27.0},{"not_picked":["Pommel Strike"],"picked":"SKIP","floor":29}],"player_experience":50602,"relics_obtained":[{"floor":7.0,"key":"Bottled Lightning"},{"floor":9.0,"key":"Centennial Puzzle"},{"floor":23.0,"key":"Bronze Scales"},{"floor":25.0,"key":"Champion Belt"},{"floor":26.0,"key":"Peace Pipe"}],"event_choices":[{"damage_healed":0.0,"max_hp_gain":0.0,"max_hp_loss":0.0,"gold_gain":0.0,"event_name":"Lab","player_choice":"Got Potions","floor":5.0,"gold_loss":0.0,"damage_taken":0.0},{"damage_healed":0.0,"max_hp_gain":0.0,"max_hp_loss":0.0,"gold_gain":0.0,"event_name":"Match and Keep!","player_choice":"0 cards matched","floor":11.0,"gold_loss":0.0,"damage_taken":0.0,"cards_obtained":[]},{"damage_healed":0.0,"max_hp_gain":0.0,"max_hp_loss":0.0,"gold_gain":0.0,"event_name":"Cursed Tome","player_choice":"Ignored","floor":28.0,"gold_loss":0.0,"damage_taken":0.0},{"damage_healed":0,"gold_gain":0,"player_choice":"Became a vampire","damage_taken":0,"max_hp_gain":0,"max_hp_loss":24,"event_name":"Vampires","floor":30,"gold_loss":0,"cards_obtained":["Bite","Bite","Bite","Bite","Bite"]}],"is_beta":true,"boss_relics":[{"not_picked":["Ectoplasm","Philosopher\u0027s Stone"],"picked":"Busted Crown"}],"items_purged_floors":[4,19],"is_endless":false,"potions_floor_spawned":[1,10,13,14,20,23,27,29],"killed_by":"Collector","ascension_level":2}