{"gold_per_floor":[110,130,130,142,142,142,174,174,174,174,191,201,201,229,229,306,306,319,153,172,172],"floor_reached":21,"playtime":1567,"items_purged":["Decay"],"score":564,"play_id":"54a721bb-f597-492e-8fd4-b234cb665a0b","local_time":"20190527115449","is_ascension_mode":true,"campfire_choices":[{"data":"Spot Weakness","floor":6.0,"key":"SMITH"},{"floor":10.0,"key":"REST"},{"data":"Pommel Strike","floor":13.0,"key":"SMITH"},{"floor":15,"key":"REST"}],"neow_cost":"NONE","seed_source_timestamp":0,"circlet_count":0,"master_deck":["AscendersBane","Strike_R","Strike_R","Strike_R","Strike_R","Strike_R","Defend_R","Defend_R","Defend_R","Defend_R","Bash","Spot Weakness+1","Twin Strike","Heavy Blade","Feed","Pommel Strike+1","Barricade","Sword Boomerang","Parasite","Parasite","Shrug It Off","Flash of Steel"],"special_seed":0,"relics":["White Beast Statue","Singing Bowl","Vajra","Question Card","Calling Bell","Blue Candle","Bronze Scales","Thread and Needle"],"potions_floor_usage":[14,16,16,20,20,21],"damage_taken":[{"damage":7.0,"enemies":"Small Slimes","floor":1.0,"turns":4.0},{"damage":7.0,"enemies":"2 Louse","floor":2.0,"turns":3.0},{"damage":1.0,"enemies":"Cultist","floor":4.0,"turns":3.0},{"damage":11.0,"enemies":"Gremlin Nob","floor":7.0,"turns":3.0},{"damage":11.0,"enemies":"Looter","floor":11.0,"turns":2.0},{"damage":8.0,"enemies":"Red Slaver","floor":12.0,"turns":4.0},{"damage":25,"enemies":"Lagavulin","floor":14,"turns":7},{"damage":36,"enemies":"The Guardian","floor":16,"turns":10},{"damage":43,"enemies":"Spheric Guardian","floor":18,"turns":6},{"damage":32,"enemies":"Chosen","floor":20,"turns":4},{"damage":28,"enemies":"3 Cultists","floor":21,"turns":3}],"seed_played":"7530933094430369936","potions_obtained":[{"floor":1.0,"key":"Weak Potion"},{"floor":2.0,"key":"FearPotion"},{"floor":4.0,"key":"Explosive Potion"},{"floor":7.0,"key":"Dexterity Potion"},{"floor":8.0,"key":"SteroidPotion"},{"floor":14,"key":"EssenceOfSteel"},{"floor":16,"key":"Regen Potion"},{"floor":18,"key":"BloodPotion"},{"floor":20,"key":"Swift Potion"}],"is_trial":false,"path_per_floor":["M","M","?","M","?","R","E","?","T","R","M","M","R","E","R","B",null,"M","$","M","M"],"character_chosen":"IRONCLAD","items_purchased":["Flash of Steel"],"campfire_rested":2,"item_purchase_floors":[19],"current_hp_per_floor":[61,54,54,53,58,58,47,47,47,71,60,52,52,27,51,17,66,26,26,19,0],"gold":172,"neow_bonus":"BOSS_RELIC","is_prod":false,"is_daily":false,"chose_seed":false,"campfire_upgraded":2,"win_rate":0,"timestamp":1558983289,"path_taken":["M","M","?","M","?","R","E","?","T","R","M","?","R","E","R","BOSS","M","$","M","M"],"build_version":"2019-01-23","purchased_purges":1,"victory":false,"max_hp_per_floor":[75,75,75,75,80,80,80,80,80,80,80,80,80,80,80,82,82,85,85,90,90],"card_choices":[{"not_picked":["Dropkick","Rampage"],"picked":"Spot Weakness","floor":1.0},{"not_picked":["Perfected Strike","Sentinel"],"picked":"Twin Strike","floor":2.0},{"not_picked":["Infernal Blade","Thunderclap"],"picked":"Heavy Blade","floor":4.0},{"not_picked":["Clash","Reckless Charge"],"picked":"Feed","floor":7.0},{"not_picked":["Twin Strike","Sword Boomerang"],"picked":"Pommel Strike","floor":11.0},{"not_picked":["Flex","Rupture"],"picked":"Barricade","floor":12.0},{"not_picked":["Cleave","Headbutt"],"picked":"Sword Boomerang","floor":14},{"not_picked":["Offering","Exhume","Berserk","Juggernaut"],"picked":"Singing Bowl","floor":16},{"not_picked":["Pummel","Impervious","Headbutt"],"picked":"Shrug It Off","floor":18},{"not_picked":["Sword Boomerang","Cleave","Perfected Strike","Pommel Strike"],"picked":"Singing Bowl","floor":20}],"player_experience":618092,"relics_obtained":[{"floor":7.0,"key":"Singing Bowl"},{"floor":9.0,"key":"Vajra"},{"floor":14,"key":"Question Card"},{"floor":17,"key":"Blue Candle"},{"floor":17,"key":"Bronze Scales"},{"floor":17,"key":"Thread and Needle"}],"event_choices":[{"damage_healed":0.0,"max_hp_gain":0.0,"max_hp_loss":0.0,"gold_gain":0.0,"event_name":"Shining Light","player_choice":"Ignored","floor":3.0,"gold_loss":0.0,"damage_taken":0.0},{"damage_healed":0.0,"max_hp_gain":5.0,"max_hp_loss":0.0,"gold_gain":0.0,"event_name":"Big Fish","player_choice":"Donut","floor":5.0,"gold_loss":0.0,"damage_taken":0.0},{"damage_healed":0.0,"max_hp_gain":0.0,"max_hp_loss":0.0,"gold_gain":0.0,"event_name":"Lab","player_choice":"Got Potions","floor":8.0,"gold_loss":0.0,"damage_taken":0.0}],"is_beta":false,"boss_relics":[{"not_picked":["Tiny House","Cursed Key"],"picked":"Calling Bell"}],"items_purged_floors":[19],"is_endless":false,"potions_floor_spawned":[1,2,4,7,11,12,14,16,18,20],"killed_by":"3 Cultists","ascension_level":19}