{"gold_per_floor":[109,119,129,129,139,170,181,181,205,129,140,57,17,50,50,126,126,106,106,126,51,51],"floor_reached":22,"playtime":989,"items_purged":[],"score":353,"play_id":"a32e6457-07b0-474e-a53f-9df6c13af3fd","local_time":"20190425170311","is_ascension_mode":true,"campfire_choices":[{"floor":8.0,"key":"REST"},{"floor":15,"key":"REST"}],"neow_cost":"NONE","seed_source_timestamp":364536086759969,"circlet_count":0,"master_deck":["AscendersBane","Strike_R","Strike_R","Defend_R","Defend_R","Defend_R","Bash","Rampage","Bludgeon","Juggernaut","Pommel Strike","Entrench","Ghostly Armor","Flame Barrier","Reaper","Intimidate+1","Headbutt+1","Battle Trance+1","Inflame","Bloodletting"],"special_seed":0,"relics":["Burning Blood","NeowsBlessing","Pantograph","Ancient Tea Set","Art of War","Astrolabe"],"potions_floor_usage":[11,14,16],"damage_taken":[{"damage":0.0,"enemies":"Small Slimes","floor":1.0,"turns":1.0},{"damage":0.0,"enemies":"Cultist","floor":2.0,"turns":1.0},{"damage":0.0,"enemies":"Jaw Worm","floor":3.0,"turns":1.0},{"damage":35.0,"enemies":"Lots of Slimes","floor":5.0,"turns":6.0},{"damage":35.0,"enemies":"3 Sentries","floor":6.0,"turns":7.0},{"damage":3.0,"enemies":"Blue Slaver","floor":7.0,"turns":2.0},{"damage":37,"enemies":"Gremlin Gang","floor":11,"turns":6},{"damage":12,"enemies":"Lagavulin","floor":14,"turns":7},{"damage":42,"enemies":"The Guardian","floor":16,"turns":14},{"damage":7,"enemies":"2 Thieves","floor":18,"turns":5},{"damage":43,"enemies":"Chosen","floor":20,"turns":6},{"damage":31,"enemies":"Snake Plant","floor":22,"turns":3}],"seed_played":"-8566533676885693882","potions_obtained":[{"floor":2.0,"key":"FearPotion"},{"floor":6.0,"key":"Weak Potion"},{"floor":11,"key":"Weak Potion"},{"floor":13,"key":"PowerPotion"},{"floor":13,"key":"FairyPotion"},{"floor":14,"key":"Dexterity Potion"},{"floor":16,"key":"FearPotion"},{"floor":18,"key":"Ancient Potion"}],"is_trial":false,"path_per_floor":["M","M","M","?","M","E","M","R","T","$","M","$","?","E","R","B",null,"M","$","M","?","M"],"character_chosen":"IRONCLAD","items_purchased":["Ghostly Armor","BloodPotion"],"campfire_rested":2,"item_purchase_floors":[10,12],"current_hp_per_floor":[74,75,75,75,46,17,20,42,42,42,11,11,11,13,35,24,62,61,61,24,24,0],"gold":51,"neow_bonus":"THREE_ENEMY_KILL","is_prod":false,"is_daily":false,"chose_seed":false,"campfire_upgraded":0,"win_rate":0,"timestamp":1556229791,"path_taken":["M","M","M","?","M","E","?","R","T","$","M","?","?","E","R","BOSS","M","?","M","?","M"],"build_version":"2019-01-23","purchased_purges":0,"victory":false,"max_hp_per_floor":[75,75,75,75,75,75,75,75,75,75,75,75,75,75,75,75,75,75,75,75,75,75],"card_choices":[{"not_picked":["Thunderclap","Havoc","Sword Boomerang"],"picked":"SKIP","floor":1.0},{"not_picked":["Heavy Blade","Armaments","Warcry"],"picked":"SKIP","floor":2.0},{"not_picked":["Evolve","Fire Breathing"],"picked":"Rampage","floor":3.0},{"not_picked":["Corruption","Rage"],"picked":"Juggernaut","floor":5.0},{"not_picked":["Havoc","Fiend Fire"],"picked":"Pommel Strike","floor":6.0},{"not_picked":["Body Slam","Sentinel"],"picked":"Entrench","floor":7.0},{"not_picked":["Flex","Sword Boomerang"],"picked":"Flame Barrier","floor":11},{"not_picked":["Wild Strike","Clothesline","Flex"],"picked":"SKIP","floor":14},{"not_picked":["Feed","Berserk"],"picked":"Reaper","floor":16},{"not_picked":["Combust","Pommel Strike"],"picked":"Inflame","floor":18},{"not_picked":["Armaments","Corruption"],"picked":"Bloodletting","floor":20}],"player_experience":550666,"relics_obtained":[{"floor":6.0,"key":"Pantograph"},{"floor":9.0,"key":"Ancient Tea Set"},{"floor":14,"key":"Art of War"}],"event_choices":[{"damage_healed":0.0,"max_hp_gain":0.0,"max_hp_loss":0.0,"gold_gain":0.0,"event_name":"Match and Keep!","player_choice":"1 cards matched","floor":4.0,"gold_loss":0.0,"damage_taken":0.0,"cards_obtained":["Bludgeon"]},{"damage_healed":0,"gold_gain":0,"player_choice":"Bought 3 Potions","damage_taken":0,"max_hp_gain":0,"max_hp_loss":0,"event_name":"The Woman in Blue","floor":13,"gold_loss":0},{"cards_removed":["Strike_R"],"damage_healed":0,"gold_gain":0,"player_choice":"Gave Gold","damage_taken":0,"max_hp_gain":0,"max_hp_loss":0,"event_name":"Beggar","floor":21,"gold_loss":75}],"is_beta":false,"boss_relics":[{"not_picked":["Orrery","Runic Pyramid"],"picked":"Astrolabe"}],"items_purged_floors":[],"is_endless":false,"potions_floor_spawned":[2,6,11,14,16,18],"killed_by":"Snake Plant","ascension_level":16}