{"gold_per_floor":[110,60,70,82,101,101,162,162,162,337,337,8,24,24,24,124,124,137,151,151,151,151],"floor_reached":22,"playtime":1369,"items_purged":["Doubt"],"score":289,"play_id":"df6869f8-f265-40d4-aed0-91aa2be31b62","local_time":"20190425142503","is_ascension_mode":true,"campfire_choices":[{"floor":6.0,"key":"REST"},{"floor":8.0,"key":"REST"},{"data":"Multi-Cast","floor":11.0,"key":"SMITH"},{"data":"Zap","floor":15.0,"key":"SMITH"}],"neow_cost":"NONE","seed_source_timestamp":354613406500279,"circlet_count":0,"master_deck":["AscendersBane","Zap+1","Dualcast","Multi-Cast+1","Gash","Gash","Darkness","Scrape","Buffer","Recycle","Skim","All For One","Meteor Strike","Static Discharge","Heatsinks","Coolheaded","Leap","Go for the Eyes+1"],"special_seed":0,"relics":["Cracked Core","Gremlin Horn","The Courier","Lee\u0027s Waffle","Pandora\u0027s Box"],"potions_floor_usage":[],"damage_taken":[{"damage":4.0,"enemies":"2 Louse","floor":1.0,"turns":3.0},{"damage":4.0,"enemies":"Small Slimes","floor":3.0,"turns":3.0},{"damage":4.0,"enemies":"Jaw Worm","floor":4.0,"turns":3.0},{"damage":6.0,"enemies":"Blue Slaver","floor":5.0,"turns":3.0},{"damage":35.0,"enemies":"3 Sentries","floor":7.0,"turns":7.0},{"damage":4.0,"enemies":"3 Louse","floor":13.0,"turns":3.0},{"damage":64.0,"enemies":"The Guardian","floor":16.0,"turns":11.0},{"damage":17.0,"enemies":"Shell Parasite","floor":18.0,"turns":5.0},{"damage":6.0,"enemies":"3 Byrds","floor":19.0,"turns":3.0},{"damage":0.0,"enemies":"Centurion and Healer","floor":21.0,"turns":1.0},{"damage":35,"enemies":"Sentry and Sphere","floor":22,"turns":4}],"seed_played":"3928624712780065989","potions_obtained":[{"floor":1.0,"key":"FearPotion"},{"floor":4.0,"key":"SmokeBomb"},{"floor":5.0,"key":"SkillPotion"},{"floor":7.0,"key":"SmokeBomb"},{"floor":18.0,"key":"FearPotion"},{"floor":19.0,"key":"SpeedPotion"}],"is_trial":false,"path_per_floor":["M","$","M","M","M","R","?","R","T","?","R","$","M","?","R","B",null,"M","M","?","M","M"],"character_chosen":"DEFECT","items_purchased":["Gash","Lee\u0027s Waffle","Scrape","Fruit Juice"],"campfire_rested":2,"item_purchase_floors":[2,12,12,12],"current_hp_per_floor":[64,64,60,56,50,72,37,59,59,59,59,87,83,88,88,24,75,58,52,34,34,0],"gold":151,"neow_bonus":"ONE_RANDOM_RARE_CARD","is_prod":false,"is_daily":false,"chose_seed":false,"campfire_upgraded":2,"win_rate":0,"timestamp":1556220303,"path_taken":["M","$","M","M","M","R","?","R","T","?","R","$","M","?","R","BOSS","M","M","?","M","M"],"build_version":"2019-01-23","purchased_purges":1,"victory":false,"max_hp_per_floor":[75,75,75,75,75,75,75,75,75,75,75,87,87,92,92,92,92,92,92,97,97,97],"card_choices":[{"not_picked":["Skim","Redo","Rebound"],"picked":"SKIP","floor":1.0},{"not_picked":["White Noise","Rebound","Cold Snap"],"picked":"SKIP","floor":3.0},{"not_picked":["Sweeping Beam","Ball Lightning"],"picked":"Gash","floor":4.0},{"not_picked":["Chaos","Redo"],"picked":"Darkness","floor":5.0},{"not_picked":["Coolheaded","Stack","Ball Lightning"],"picked":"SKIP","floor":13.0},{"not_picked":["Hyperbeam","Fission"],"picked":"Buffer","floor":16.0},{"not_picked":["Leap","Barrage"],"picked":"Go for the Eyes+1","floor":18.0},{"not_picked":["Skim","Cold Snap","Hologram"],"picked":"SKIP","floor":19.0}],"player_experience":541769,"relics_obtained":[{"floor":7.0,"key":"Gremlin Horn"},{"floor":9.0,"key":"The Courier"}],"event_choices":[{"damage_healed":0.0,"max_hp_gain":0.0,"max_hp_loss":0.0,"gold_gain":30.0,"event_name":"Dead Adventurer","player_choice":"Searched \u00272\u0027 times","floor":7.0,"gold_loss":0.0,"damage_taken":0.0},{"damage_healed":0.0,"max_hp_gain":0.0,"max_hp_loss":0.0,"gold_gain":175.0,"event_name":"Liars Game","player_choice":"AGREE","floor":10.0,"gold_loss":0.0,"damage_taken":0.0,"cards_obtained":["Doubt"]},{"damage_healed":0.0,"max_hp_gain":5.0,"max_hp_loss":0.0,"gold_gain":0.0,"event_name":"Big Fish","player_choice":"Donut","floor":14.0,"gold_loss":0.0,"damage_taken":0.0},{"damage_healed":0.0,"max_hp_gain":5.0,"max_hp_loss":0.0,"gold_gain":0.0,"event_name":"Forgotten Altar","player_choice":"Shed Blood","floor":20.0,"gold_loss":0.0,"damage_taken":23.0}],"is_beta":false,"boss_relics":[{"not_picked":["Coffee Dripper","FrozenCore"],"picked":"Pandora\u0027s Box"}],"items_purged_floors":[12],"is_endless":false,"potions_floor_spawned":[1,4,5,7,18,19,21],"killed_by":"Sentry and Sphere","ascension_level":10}