{"gold_per_floor":[109,123,134,149,162,162,189,189,214,228,228,228,248,304,304,377,377,395,426,426,17,29,29,55,85,85,95,111,111,122,137,137,210,210,228,243,243,129,149,178,195,224,224,224,249,268,69,85,85,85],"floor_reached":51,"playtime":3166,"items_purged":["Defend_R","Defend_R"],"score":1342,"play_id":"5328bb53-c324-4591-b6e9-22fea8a0d505","local_time":"20190424213312","is_ascension_mode":true,"campfire_choices":[{"data":"Shrug It Off","floor":6.0,"key":"SMITH"},{"floor":8.0,"key":"REST"},{"data":"Shockwave","floor":11.0,"key":"SMITH"},{"floor":15.0,"key":"REST"},{"floor":23.0,"key":"REST"},{"data":"Immolate","floor":29.0,"key":"SMITH"},{"data":"Pommel Strike","floor":32.0,"key":"SMITH"},{"data":"Sword Boomerang","floor":44,"key":"SMITH"},{"floor":49,"key":"REST"}],"neow_cost":"NONE","seed_source_timestamp":291893566010272,"circlet_count":0,"master_deck":["AscendersBane","Strike_R","Strike_R","Strike_R","Strike_R","Strike_R","Defend_R","Defend_R","Bash+1","Shockwave+1","Impervious","Shrug It Off+1","Pommel Strike+1","Headbutt","Uppercut+1","Sword Boomerang+1","Immolate+1","Shrug It Off","Seeing Red","Reaper","Clothesline","Pommel Strike+1","Pummel+1","Impervious","Shrug It Off","Pommel Strike+1","Ghostly Armor+1","Perfected Strike+1","Seeing Red","Shockwave+1","Armaments+1","Flame Barrier+1","Armaments+1","Uppercut+1","Seeing Red+1"],"special_seed":0,"relics":["Burning Blood","Anchor","Red Skull","Vajra","Sozu","Red Mask","Membership Card","Paper Frog","Dream Catcher","Tiny Chest","Question Card","Busted Crown","Bronze Scales","Bottled Flame","Centennial Puzzle","Toxic Egg 2","StoneCalendar","Lee\u0027s Waffle"],"potions_floor_usage":[],"damage_taken":[{"damage":1.0,"enemies":"Cultist","floor":1.0,"turns":3.0},{"damage":8.0,"enemies":"Jaw Worm","floor":2.0,"turns":4.0},{"damage":16.0,"enemies":"Small Slimes","floor":3.0,"turns":4.0},{"damage":7.0,"enemies":"Looter","floor":4.0,"turns":4.0},{"damage":4.0,"enemies":"2 Fungi Beasts","floor":5.0,"turns":5.0},{"damage":32.0,"enemies":"3 Sentries","floor":7.0,"turns":12.0},{"damage":7.0,"enemies":"Gremlin Gang","floor":10.0,"turns":6.0},{"damage":1.0,"enemies":"Looter","floor":13.0,"turns":3.0},{"damage":25.0,"enemies":"Gremlin Nob","floor":14.0,"turns":5.0},{"damage":33.0,"enemies":"The Guardian","floor":16.0,"turns":13.0},{"damage":2.0,"enemies":"Chosen","floor":18.0,"turns":3.0},{"damage":0.0,"enemies":"Masked Bandits","floor":19.0,"turns":3.0},{"damage":19.0,"enemies":"Shell Parasite","floor":22.0,"turns":5.0},{"damage":0.0,"enemies":"Gremlin Leader","floor":24.0,"turns":5.0},{"damage":8.0,"enemies":"Snake Plant","floor":27.0,"turns":2.0},{"damage":0.0,"enemies":"Cultist and Chosen","floor":28.0,"turns":4.0},{"damage":0.0,"enemies":"Snecko","floor":30.0,"turns":4.0},{"damage":0.0,"enemies":"Centurion and Healer","floor":31.0,"turns":3.0},{"damage":85,"enemies":"Collector","floor":33,"turns":11},{"damage":0,"enemies":"3 Darklings","floor":35,"turns":3},{"damage":0,"enemies":"3 Shapes","floor":36,"turns":3},{"damage":22,"enemies":"Transient","floor":39,"turns":5},{"damage":20,"enemies":"Reptomancer","floor":40,"turns":8},{"damage":11,"enemies":"Maw","floor":41,"turns":7},{"damage":2,"enemies":"Nemesis","floor":42,"turns":5},{"damage":34,"enemies":"Giant Head","floor":45,"turns":7},{"damage":1,"enemies":"4 Shapes","floor":46,"turns":3},{"damage":23,"enemies":"Spire Growth","floor":48,"turns":4},{"damage":66,"enemies":"Donu and Deca","floor":50,"turns":8}],"seed_played":"4346099507542299038","potions_obtained":[{"floor":1.0,"key":"SpeedPotion"},{"floor":2.0,"key":"FearPotion"},{"floor":14.0,"key":"Swift Potion"},{"floor":16.0,"key":"Energy Potion"}],"is_trial":false,"path_per_floor":["M","M","M","M","M","R","E","R","T","M","R","?","M","?","R","B",null,"M","?","?","$","M","R","E","?","T","M","M","R","M","M","R","B",null,"M","M","?","$","M","E","M","E","T","R","E","M","$","M","R","B",null],"character_chosen":"IRONCLAD","items_purchased":["Membership Card","Paper Frog","Reaper","Bronze Scales","Lee\u0027s Waffle","Flame Barrier+1","Armaments+1"],"campfire_rested":4,"item_purchase_floors":[21,21,21,38,47,47,47],"current_hp_per_floor":[73,71,61,60,62,62,36,58,58,57,57,57,62,43,65,38,66,70,75,54,54,46,70,76,76,76,74,80,80,80,80,80,31,68,74,80,80,80,64,63,66,70,70,70,46,51,87,70,87,27],"gold":85,"neow_bonus":"UPGRADE_CARD","is_prod":false,"is_daily":false,"chose_seed":false,"campfire_upgraded":5,"win_rate":0,"timestamp":1556159592,"path_taken":["M","M","M","?","M","R","E","R","T","M","R","?","?","?","R","BOSS","M","?","?","$","M","R","E","?","T","M","M","R","M","M","R","BOSS","M","?","?","$","?","E","M","E","T","R","E","M","$","M","R","BOSS"],"build_version":"2019-01-23","purchased_purges":2,"victory":true,"max_hp_per_floor":[75,75,75,75,75,75,75,75,75,75,75,75,75,75,75,75,75,75,75,80,80,80,80,80,80,80,80,80,80,80,80,80,80,80,80,80,80,80,80,80,80,80,80,80,80,80,87,87,87,87],"card_choices":[{"not_picked":["Clothesline","Feel No Pain"],"picked":"Shockwave","floor":1.0},{"not_picked":["Anger","Body Slam","Power Through"],"picked":"SKIP","floor":2.0},{"not_picked":["Warcry","Second Wind"],"picked":"Impervious","floor":3.0},{"not_picked":["Body Slam","Thunderclap"],"picked":"Shrug It Off","floor":4.0},{"not_picked":["Perfected Strike","Body Slam"],"picked":"Pommel Strike","floor":5.0},{"not_picked":["Dark Embrace","Hemokinesis"],"picked":"Headbutt","floor":7.0},{"not_picked":["Clash","Blood for Blood","Reckless Charge"],"picked":"SKIP","floor":10.0},{"not_picked":["Seeing Red","Iron Wave"],"picked":"Uppercut","floor":13.0},{"not_picked":["Shockwave","Wild Strike"],"picked":"Sword Boomerang","floor":14.0},{"not_picked":["Double Tap","Juggernaut"],"picked":"Immolate","floor":16.0},{"not_picked":["Sever Soul","Fire Breathing"],"picked":"Shrug It Off","floor":18.0},{"not_picked":["Body Slam","Bloodletting"],"picked":"Seeing Red","floor":19.0},{"not_picked":["Armaments","Intimidate","Fire Breathing"],"picked":"SKIP","floor":22.0},{"not_picked":["True Grit","Armaments"],"picked":"Clothesline","floor":24.0},{"not_picked":["Anger","Cleave","Clothesline","Clash"],"picked":"SKIP","floor":27.0},{"not_picked":["Iron Wave+1","Twin Strike","Anger","Bloodletting"],"picked":"SKIP","floor":28.0},{"not_picked":["Thunderclap","Twin Strike","Bloodletting"],"picked":"Pommel Strike","floor":30.0},{"not_picked":["Clothesline","Ghostly Armor","Pommel Strike"],"picked":"Pummel+1","floor":31.0},{"not_picked":["Exhume","Fiend Fire","Bludgeon"],"picked":"Impervious","floor":33},{"not_picked":["Carnage"],"picked":"Shrug It Off","floor":35},{"not_picked":["Blood for Blood+1"],"picked":"Pommel Strike+1","floor":36},{"not_picked":["Combust"],"picked":"Ghostly Armor+1","floor":39},{"not_picked":["Ghostly Armor+1"],"picked":"Perfected Strike+1","floor":40},{"not_picked":["Clothesline","Power Through+1"],"picked":"SKIP","floor":41},{"not_picked":["Dark Embrace"],"picked":"Seeing Red","floor":42},{"not_picked":["Headbutt"],"picked":"Shockwave+1","floor":45},{"not_picked":["Burning Pact+1"],"picked":"Armaments+1","floor":46},{"not_picked":["Infernal Blade+1"],"picked":"Uppercut+1","floor":48},{"not_picked":["Anger"],"picked":"Seeing Red+1","floor":49}],"player_experience":525612,"relics_obtained":[{"floor":7.0,"key":"Anchor"},{"floor":9.0,"key":"Red Skull"},{"floor":14.0,"key":"Vajra"},{"floor":19.0,"key":"Red Mask"},{"floor":24.0,"key":"Dream Catcher"},{"floor":25.0,"key":"Tiny Chest"},{"floor":26.0,"key":"Question Card"},{"floor":40,"key":"Bottled Flame"},{"floor":42,"key":"Centennial Puzzle"},{"floor":43,"key":"Toxic Egg 2"},{"floor":45,"key":"StoneCalendar"}],"event_choices":[{"damage_healed":0.0,"max_hp_gain":0.0,"max_hp_loss":0.0,"gold_gain":0.0,"event_name":"Upgrade Shrine","player_choice":"Upgraded","floor":12.0,"gold_loss":0.0,"damage_taken":0.0,"cards_upgraded":["Pommel Strike"]},{"damage_healed":0.0,"max_hp_gain":0.0,"max_hp_loss":0.0,"gold_gain":0.0,"event_name":"Dead Adventurer","player_choice":"Searched \u00271\u0027 times","floor":14.0,"gold_loss":0.0,"damage_taken":0.0},{"damage_healed":0.0,"max_hp_gain":0.0,"max_hp_loss":0.0,"gold_gain":0.0,"event_name":"Masked Bandits","player_choice":"Fought Bandits","floor":19.0,"gold_loss":0.0,"damage_taken":0.0},{"damage_healed":0.0,"max_hp_gain":5.0,"max_hp_loss":0.0,"gold_gain":0.0,"event_name":"Forgotten Altar","player_choice":"Shed Blood","floor":20.0,"gold_loss":0.0,"damage_taken":26.0},{"damage_healed":0.0,"max_hp_gain":0.0,"max_hp_loss":0.0,"gold_gain":0.0,"event_name":"Wheel of Change","player_choice":"Relic","floor":25.0,"gold_loss":0.0,"damage_taken":0.0},{"damage_healed":0,"gold_gain":0,"player_choice":"Upgraded","damage_taken":0,"max_hp_gain":0,"max_hp_loss":0,"event_name":"Upgrade Shrine","floor":37,"gold_loss":0,"cards_upgraded":["Uppercut"]}],"is_beta":false,"boss_relics":[{"not_picked":["Black Blood","Runic Dome"],"picked":"Sozu"},{"not_picked":["Snecko Eye","Velvet Choker"],"picked":"Busted Crown"}],"items_purged_floors":[38,47],"is_endless":false,"potions_floor_spawned":[1,2,5,14,16,22,24,27,30,36,40,48],"ascension_level":15}