{"gold_per_floor":[119,134,94,108,108,138,138,172,199,231,34,34,34,65,65,165,165,165,165,65,65,65,65,65,65,65,65,65,65,65,25,25,25,25,25,25,25,25,25,25,25,25,25,25,25,25,25,25,25,25],"floor_reached":51,"playtime":4965,"items_purged":[],"score":1257,"play_id":"4a38a667-6988-4cae-a9a4-eb5b0c6fcae3","local_time":"20190120211717","is_ascension_mode":true,"campfire_choices":[{"data":"Eviscerate","floor":7,"key":"SMITH"},{"floor":12,"key":"REST"},{"data":"Dash","floor":15,"key":"SMITH"},{"data":"Dagger Spray","floor":24,"key":"SMITH"},{"floor":29,"key":"DIG"},{"floor":32,"key":"DIG"},{"floor":40,"key":"DIG"},{"floor":44,"key":"DIG"},{"floor":49,"key":"REST"}],"neow_cost":"NONE","seed_source_timestamp":2008513930296334,"circlet_count":0,"master_deck":["Defend_G+1","Defend_G+1","Defend_G+1","Defend_G+1","Defend_G+1","Strike_G+1","Strike_G+1","Strike_G+1","Strike_G+1","Strike_G+1","Survivor","Neutralize","Dagger Spray+1","Eviscerate+1","Flechettes","Backflip","Dash+1","Predator","Venomology","Backflip","Malaise","Blur","Night Terror","Backflip+1","Enlightenment","Skewer+1","Footwork"],"relics":["Snecko Eye","Omamori","Smiling Mask","Centennial Puzzle","Ancient Tea Set","Membership Card","Bag of Marbles","PreservedInsect","Ectoplasm","Sling","Pen Nib","Shovel","Anchor","Enchiridion","Lantern","Bottled Lightning","Dream Catcher","Cursed Key","Molten Egg 2","Darkstone Periapt","Art of War","Vajra","Bag of Preparation","Dead Branch"],"potions_floor_usage":[3,16,21,25,25,27,30,33,33,33,38,39,47,47,48,50,50,50],"damage_taken":[{"damage":0,"enemies":"Small Slimes","floor":1,"turns":5},{"damage":0,"enemies":"Cultist","floor":2,"turns":4},{"damage":10,"enemies":"2 Louse","floor":4,"turns":3},{"damage":29,"enemies":"Gremlin Nob","floor":6,"turns":4},{"damage":12,"enemies":"Lagavulin","floor":8,"turns":5},{"damage":5,"enemies":"3 Sentries","floor":10,"turns":6},{"damage":5,"enemies":"Gremlin Nob","floor":14,"turns":3},{"damage":21,"enemies":"Slime Boss","floor":16,"turns":7},{"damage":0,"enemies":"Spheric Guardian","floor":18,"turns":3},{"damage":2,"enemies":"Chosen","floor":21,"turns":2},{"damage":3,"enemies":"Book of Stabbing","floor":23,"turns":3},{"damage":0,"enemies":"Slavers","floor":25,"turns":2},{"damage":0,"enemies":"Snecko","floor":27,"turns":3},{"damage":0,"enemies":"Gremlin Leader","floor":30,"turns":2},{"damage":34,"enemies":"Champ","floor":33,"turns":10},{"damage":0,"enemies":"3 Shapes","floor":35,"turns":3},{"damage":0,"enemies":"Orb Walker","floor":37,"turns":2},{"damage":0,"enemies":"Maw","floor":38,"turns":8},{"damage":10,"enemies":"Spire Growth","floor":39,"turns":5},{"damage":0,"enemies":"Reptomancer","floor":42,"turns":2},{"damage":0,"enemies":"Nemesis","floor":46,"turns":2},{"damage":0,"enemies":"Transient","floor":47,"turns":5},{"damage":15,"enemies":"Reptomancer","floor":48,"turns":4},{"damage":6,"enemies":"Time Eater","floor":50,"turns":10}],"seed_played":"-4613038138090245808","potions_obtained":[{"floor":2,"key":"Fruit Juice"},{"floor":4,"key":"GhostInAJar"},{"floor":8,"key":"SmokeBomb"},{"floor":16,"key":"Fire Potion"},{"floor":21,"key":"GhostInAJar"},{"floor":23,"key":"Swift Potion"},{"floor":25,"key":"SteroidPotion"},{"floor":33,"key":"Regen Potion"},{"floor":35,"key":"Regen Potion"},{"floor":38,"key":"PowerPotion"},{"floor":47,"key":"SpeedPotion"},{"floor":48,"key":"Strength Potion"}],"is_trial":false,"path_per_floor":["M","M","$","M","?","E","R","E","T","E","$","R","?","E","R","B",null,"M","?","$","M","?","E","R","E","T","M","?","R","E","$","R","B",null,"M","?","M","M","M","R","?","E","T","R","$","E","M","E","R","B",null],"character_chosen":"THE_SILENT","items_purchased":["Eviscerate","Membership Card","Sling","Blur"],"campfire_rested":2,"item_purchase_floors":[3,11,20,31],"current_hp_per_floor":[63,63,68,58,75,46,46,34,34,29,29,51,48,43,43,22,62,62,62,62,60,60,57,57,57,57,57,41,41,41,41,41,7,58,58,58,58,73,63,63,63,63,63,63,63,63,63,48,70,64],"gold":25,"neow_bonus":"BOSS_RELIC","is_prod":false,"is_daily":false,"chose_seed":false,"campfire_upgraded":3,"win_rate":0,"timestamp":1548047837,"path_taken":["M","M","$","M","?","E","R","E","T","E","?","R","?","E","R","BOSS","M","?","$","M","?","E","R","E","T","M","?","R","E","?","R","BOSS","M","?","M","M","M","R","?","E","T","R","?","E","?","E","R","BOSS"],"build_version":"2019-01-17v2","purchased_purges":0,"victory":true,"max_hp_per_floor":[70,70,75,75,75,75,75,75,75,75,75,75,75,75,75,75,75,75,75,75,75,75,75,75,75,75,75,75,75,75,75,75,75,75,75,75,75,75,75,75,75,75,75,75,75,75,75,75,75,75],"card_choices":[{"not_picked":["Sucker Punch","Deadly Poison","Catalyst"],"picked":"SKIP","floor":1},{"not_picked":["Terror","PiercingWail"],"picked":"Dagger Spray","floor":2},{"not_picked":["Sucker Punch","Dodge and Roll"],"picked":"Flechettes","floor":4},{"not_picked":["Deadly Poison","Dodge and Roll"],"picked":"Backflip","floor":6},{"not_picked":["Slice","Eviscerate"],"picked":"Dash","floor":8},{"not_picked":["Dodge and Roll","Expertise","Concentrate"],"picked":"SKIP","floor":10},{"not_picked":["Envenom","Slice"],"picked":"Predator","floor":14},{"not_picked":["Doppelganger","Grand Finale"],"picked":"Venomology","floor":16},{"not_picked":["Bane","Cloak And Dagger"],"picked":"Backflip","floor":18},{"not_picked":["Dagger Spray","Heel Hook","Masterful Stab+1"],"picked":"SKIP","floor":21},{"not_picked":["PiercingWail+1","Deflect","Dagger Spray"],"picked":"SKIP","floor":23},{"not_picked":["Dodge and Roll+1","Quick Slash+1"],"picked":"Malaise","floor":25},{"not_picked":["Blade Dance","Poisoned Stab","Distraction"],"picked":"SKIP","floor":27},{"not_picked":["Deflect","Slice","Bane"],"picked":"SKIP","floor":30},{"not_picked":["Grand Finale","Storm of Steel"],"picked":"Night Terror","floor":33},{"not_picked":["Dagger Throw","Concentrate"],"picked":"Backflip+1","floor":35},{"not_picked":["Flash of Steel","Finesse"],"picked":"Enlightenment","floor":36},{"not_picked":["Flying Knee","Underhanded Strike","Deadly Poison"],"picked":"SKIP","floor":37},{"not_picked":["Underhanded Strike+1","Sucker Punch+1","Slice"],"picked":"SKIP","floor":38},{"not_picked":["Tactician","PiercingWail","Endless Agony"],"picked":"SKIP","floor":39},{"not_picked":["Deadly Poison+1","Calculated Gamble"],"picked":"Skewer+1","floor":42},{"not_picked":["Acrobatics","Blur","PiercingWail+1"],"picked":"SKIP","floor":46},{"not_picked":["PiercingWail+1","Caltrops+1"],"picked":"Footwork","floor":47},{"not_picked":["Dagger Spray+1","Acrobatics","Flechettes+1"],"picked":"SKIP","floor":48}],"player_experience":224608,"relics_obtained":[{"floor":6,"key":"Omamori"},{"floor":8,"key":"Smiling Mask"},{"floor":9,"key":"Centennial Puzzle"},{"floor":10,"key":"Ancient Tea Set"},{"floor":14,"key":"PreservedInsect"},{"floor":23,"key":"Pen Nib"},{"floor":25,"key":"Shovel"},{"floor":26,"key":"Anchor"},{"floor":28,"key":"Enchiridion"},{"floor":29,"key":"Lantern"},{"floor":30,"key":"Bottled Lightning"},{"floor":32,"key":"Dream Catcher"},{"floor":40,"key":"Molten Egg 2"},{"floor":42,"key":"Darkstone Periapt"},{"floor":43,"key":"Art of War"},{"floor":44,"key":"Vajra"},{"floor":46,"key":"Bag of Preparation"},{"floor":48,"key":"Dead Branch"}],"event_choices":[{"damage_healed":17,"gold_gain":0,"player_choice":"Full Heal","damage_taken":0,"max_hp_gain":0,"max_hp_loss":0,"event_name":"Wheel of Change","floor":5,"gold_loss":0},{"damage_healed":0,"gold_gain":0,"player_choice":"Success","damage_taken":3,"relics_obtained":["Bag of Marbles"],"max_hp_gain":0,"max_hp_loss":0,"event_name":"Scrap Ooze","floor":13,"gold_loss":0},{"damage_healed":0,"gold_gain":0,"player_choice":"Ignored","damage_taken":0,"max_hp_gain":0,"max_hp_loss":0,"event_name":"Ghosts","floor":19,"gold_loss":0},{"damage_healed":0,"gold_gain":0,"player_choice":"Simplicity","damage_taken":0,"max_hp_gain":0,"max_hp_loss":0,"event_name":"Back to Basics","floor":22,"gold_loss":0,"cards_upgraded":["Defend_G","Defend_G","Defend_G","Defend_G","Defend_G","Strike_G","Strike_G","Strike_G","Strike_G","Strike_G"]},{"damage_healed":0,"gold_gain":0,"player_choice":"Obtained Book","damage_taken":16,"max_hp_gain":0,"max_hp_loss":0,"event_name":"Cursed Tome","floor":28,"gold_loss":0},{"damage_healed":0,"gold_gain":0,"player_choice":"Memory 1","damage_taken":0,"max_hp_gain":0,"max_hp_loss":0,"event_name":"SensoryStone","floor":36,"gold_loss":0},{"damage_healed":0,"gold_gain":0,"player_choice":"Ignored","damage_taken":0,"max_hp_gain":0,"max_hp_loss":0,"event_name":"Mysterious Sphere","floor":41,"gold_loss":0}],"is_beta":false,"boss_relics":[{"not_picked":["Astrolabe","Busted Crown"],"picked":"Ectoplasm"},{"not_picked":["WristBlade","Eternal Feather"],"picked":"Cursed Key"}],"items_purged_floors":[],"is_endless":false,"potions_floor_spawned":[2,4,8,16,21,23,25,33,35,38,47,48],"ascension_level":9}