{"gold_per_floor":[110,110,130,147,157,192,192,206,206,206,237,249,249,283,283,387,387,402,258,258,270,282,312,312,329,374,374,399,314,214,234,234,234],"floor_reached":33,"playtime":2869,"items_purged":["Strike_R","Pain"],"score":501,"play_id":"39235255-39ac-45c6-b928-3dd2814eea81","local_time":"20190627221159","is_ascension_mode":true,"campfire_choices":[{"data":"Armaments","floor":7.0,"key":"SMITH"},{"floor":10.0,"key":"REST"},{"data":"Juggernaut","floor":15.0,"key":"SMITH"},{"floor":24.0,"key":"RECALL"},{"data":"Flame Barrier","floor":32.0,"key":"SMITH"}],"neow_cost":"NONE","seed_source_timestamp":399160022064347,"circlet_count":0,"master_deck":["AscendersBane","Defend_R","Defend_R","Defend_R","Defend_R","Bash","Clothesline","Juggernaut+1","Armaments+1","Flame Barrier+1","Infernal Blade","Iron Wave","Twin Strike","Reaper","Headbutt","Demon Form","Heavy Blade+1","Whirlwind","Bite","Bite","Bite","Bite","Bite","Shrug It Off+1","Sword Boomerang+1"],"special_seed":0,"relics":["Burning Blood","Juzu Bracelet","Bag of Preparation","Kunai","Ginger","Bottled Lightning","Coffee Dripper","Bag of Marbles","WarpedTongs","Boot","Molten Egg 2"],"potions_floor_usage":[33,33],"damage_taken":[{"damage":4.0,"enemies":"Small Slimes","floor":1.0,"turns":4.0},{"damage":0.0,"enemies":"Cultist","floor":3.0,"turns":4.0},{"damage":5.0,"enemies":"Jaw Worm","floor":4.0,"turns":5.0},{"damage":9.0,"enemies":"3 Louse","floor":5.0,"turns":4.0},{"damage":39.0,"enemies":"Gremlin Nob","floor":6.0,"turns":5.0},{"damage":4.0,"enemies":"Exordium Thugs","floor":8.0,"turns":4.0},{"damage":13.0,"enemies":"3 Sentries","floor":11.0,"turns":8.0},{"damage":3.0,"enemies":"Looter","floor":12.0,"turns":5.0},{"damage":9.0,"enemies":"Lagavulin","floor":14.0,"turns":6.0},{"damage":31.0,"enemies":"Slime Boss","floor":16.0,"turns":11.0},{"damage":0.0,"enemies":"Chosen","floor":18.0,"turns":4.0},{"damage":13.0,"enemies":"Shell Parasite","floor":21.0,"turns":5.0},{"damage":11.0,"enemies":"Centurion and Healer","floor":22.0,"turns":5.0},{"damage":18.0,"enemies":"Gremlin Leader","floor":23.0,"turns":6.0},{"damage":21.0,"enemies":"Snake Plant","floor":25.0,"turns":4.0},{"damage":55.0,"enemies":"Slavers","floor":28.0,"turns":10.0},{"damage":17.0,"enemies":"Sentry and Sphere","floor":31.0,"turns":5.0},{"damage":57,"enemies":"Collector","floor":33,"turns":6}],"seed_played":"-2529616057630150244","potions_obtained":[{"floor":3.0,"key":"Strength Potion"},{"floor":5.0,"key":"BloodPotion"},{"floor":6.0,"key":"Swift Potion"},{"floor":18.0,"key":"Weak Potion"},{"floor":22.0,"key":"GamblersBrew"},{"floor":31.0,"key":"Ancient Potion"}],"is_trial":false,"path_per_floor":["M","?","M","M","M","E","R","M","T","R","E","M","?","E","R","B",null,"M","$","?","M","M","E","R","M","T","?","E","?","$","M","R","B"],"character_chosen":"IRONCLAD","items_purchased":["Whirlwind"],"campfire_rested":1,"item_purchase_floors":[19],"current_hp_per_floor":[74,74,80,80,77,44,44,46,46,70,63,66,71,68,68,55,78,85,85,59,59,59,55,55,49,49,49,21,21,21,36,36,0],"gold":234,"neow_bonus":"RANDOM_COMMON_RELIC","is_prod":false,"is_daily":false,"chose_seed":false,"campfire_upgraded":3,"win_rate":0,"timestamp":1561698719,"path_taken":["M","?","M","M","M","E","R","M","T","R","E","M","?","E","R","BOSS","M","$","?","M","M","E","R","M","T","?","E","?","$","M","R","BOSS"],"build_version":"2019-01-23","purchased_purges":2,"victory":false,"max_hp_per_floor":[80,80,80,80,80,80,80,80,80,80,80,80,85,85,85,85,85,85,85,59,59,59,59,59,59,59,59,59,59,59,59,59,59],"card_choices":[{"not_picked":["Wild Strike","Anger"],"picked":"Clothesline","floor":1.0},{"not_picked":["Thunderclap","Anger"],"picked":"Armaments","floor":3.0},{"not_picked":["Pommel Strike","Uppercut"],"picked":"Flame Barrier","floor":4.0},{"not_picked":["Clothesline","Combust"],"picked":"Infernal Blade","floor":5.0},{"not_picked":["Armaments","Warcry"],"picked":"Iron Wave","floor":6.0},{"not_picked":["Havoc","Perfected Strike"],"picked":"Twin Strike","floor":8.0},{"not_picked":["Havoc","Warcry","Twin Strike"],"picked":"SKIP","floor":11.0},{"not_picked":["Wild Strike","Iron Wave"],"picked":"Reaper","floor":12.0},{"not_picked":["Feel No Pain","Havoc"],"picked":"Headbutt","floor":14.0},{"not_picked":["Berserk","Bludgeon"],"picked":"Demon Form","floor":16.0},{"not_picked":["Headbutt+1","Pummel"],"picked":"Heavy Blade+1","floor":18.0},{"not_picked":["Blood for Blood+1","Power Through","Anger"],"picked":"SKIP","floor":21.0},{"not_picked":["Body Slam","Sword Boomerang","Pommel Strike+1"],"picked":"SKIP","floor":22.0},{"not_picked":["Pommel Strike","Brutality","Armaments+1"],"picked":"SKIP","floor":23.0},{"not_picked":["Shockwave","Clothesline","Iron Wave"],"picked":"SKIP","floor":25.0},{"not_picked":["Heavy Blade","Havoc"],"picked":"Shrug It Off+1","floor":28.0},{"not_picked":["Sentinel","Reckless Charge+1"],"picked":"Sword Boomerang+1","floor":31.0}],"player_experience":236271,"relics_obtained":[{"floor":6.0,"key":"Bag of Preparation"},{"floor":9.0,"key":"Kunai"},{"floor":11.0,"key":"Ginger"},{"floor":14.0,"key":"Bottled Lightning"},{"floor":23.0,"key":"Bag of Marbles"},{"floor":28.0,"key":"Boot"}],"event_choices":[{"damage_healed":0.0,"max_hp_gain":0.0,"max_hp_loss":0.0,"gold_gain":0.0,"cards_transformed":["Strike_R"],"event_name":"Transmorgrifier","player_choice":"Transformed","floor":2.0,"gold_loss":0.0,"damage_taken":0.0,"cards_obtained":["Juggernaut"]},{"damage_healed":0.0,"max_hp_gain":5.0,"max_hp_loss":0.0,"gold_gain":0.0,"event_name":"Big Fish","player_choice":"Donut","floor":13.0,"gold_loss":0.0,"damage_taken":0.0},{"damage_healed":0.0,"max_hp_gain":0.0,"max_hp_loss":26.0,"gold_gain":0.0,"event_name":"Vampires","player_choice":"Became a vampire","floor":20.0,"gold_loss":0.0,"damage_taken":0.0,"cards_obtained":["Bite","Bite","Bite","Bite","Bite"]},{"damage_healed":0.0,"max_hp_gain":0.0,"max_hp_loss":0.0,"gold_gain":0.0,"event_name":"Accursed Blacksmith","player_choice":"Rummage","floor":27.0,"gold_loss":0.0,"damage_taken":0.0,"relics_obtained":["WarpedTongs"],"cards_obtained":["Pain"]},{"damage_healed":0.0,"max_hp_gain":0.0,"max_hp_loss":0.0,"gold_gain":0.0,"event_name":"Addict","player_choice":"Obtained Relic","floor":29.0,"gold_loss":85.0,"damage_taken":0.0,"relics_obtained":["Molten Egg 2"]}],"is_beta":false,"boss_relics":[{"not_picked":["Pandora\u0027s Box","Runic Dome"],"picked":"Coffee Dripper"}],"items_purged_floors":[19,30],"is_endless":false,"potions_floor_spawned":[3,5,6,12,18,22,31],"killed_by":"Collector","ascension_level":11}