{"gold_per_floor":[111,121,135,60,60,60,86,86,109,109,140,40,52,65,65,163,163,181,56,76,89,89,89],"floor_reached":23,"playtime":1782,"items_purged":["Defend_R","Strike_R","Strike_R"],"score":325,"play_id":"67f13d9e-3d26-4466-9d04-d2912b1b587a","local_time":"20180725203859","is_ascension_mode":true,"campfire_choices":[{"data":"Bash","floor":6.0,"key":"SMITH"},{"data":"Whirlwind","floor":8.0,"key":"SMITH"},{"data":"Iron Wave","floor":10.0,"key":"SMITH"},{"data":"Flame Barrier","floor":15.0,"key":"SMITH"}],"neow_cost":"TEN_PERCENT_HP_LOSS","seed_source_timestamp":941923264978322,"circlet_count":0,"master_deck":["Strike_R","Defend_R","Defend_R","Defend_R","Bash+1","Iron Wave+1","True Grit+1","Battle Trance","Whirlwind+1","Flame Barrier","Headbutt","Flame Barrier+1","Barricade","Feel No Pain","Iron Wave+1"],"special_seed":0,"relics":["Burning Blood","Omamori","Mercury Hourglass","Mark of Pain","Nloth\u0027s Gift"],"potions_floor_usage":[],"damage_taken":[{"damage":1.0,"enemies":"2 Louse","floor":1.0,"turns":5.0},{"damage":1.0,"enemies":"Cultist","floor":2.0,"turns":4.0},{"damage":12.0,"enemies":"Small Slimes","floor":3.0,"turns":5.0},{"damage":7.0,"floor":7.0,"turns":6.0},{"damage":25.0,"enemies":"Gremlin Nob","floor":11.0,"turns":4.0},{"damage":0.0,"enemies":"Looter","floor":13.0,"turns":3.0},{"damage":0.0,"enemies":"Gremlin Gang","floor":14.0,"turns":1.0},{"damage":0.0,"enemies":"The Guardian","floor":16.0,"turns":15.0},{"damage":7.0,"enemies":"Shell Parasite","floor":18.0,"turns":9.0},{"damage":12.0,"enemies":"2 Thieves","floor":20.0,"turns":4.0},{"damage":14,"enemies":"Centurion and Healer","floor":21,"turns":5},{"damage":58,"enemies":"Book of Stabbing","floor":23,"turns":7}],"seed_played":"-7033302513417898260","potions_obtained":[{"floor":1.0,"key":"SteroidPotion"},{"floor":2.0,"key":"PowerPotion"},{"floor":3.0,"key":"Dexterity Potion"},{"floor":18.0,"key":"Block Potion"}],"is_trial":false,"path_per_floor":["M","M","M","$","?","R","?","R","T","R","E","$","M","M","R","B",null,"M","$","M","M","?"],"character_chosen":"IRONCLAD","items_purchased":[],"campfire_rested":0,"item_purchase_floors":[],"current_hp_per_floor":[72,72,66,66,66,66,65,65,65,65,46,46,52,58,58,64,70,69,69,63,55,55,0],"gold":89,"neow_bonus":"REMOVE_TWO","is_prod":false,"is_daily":false,"chose_seed":false,"campfire_upgraded":4,"win_rate":0,"timestamp":1532576339,"path_taken":["M","M","M","$","?","R","?","R","T","R","E","$","M","M","R","BOSS","M","$","M","M","?","E"],"build_version":"2018-07-19v2","purchased_purges":3,"victory":false,"max_hp_per_floor":[72,72,72,72,72,72,72,72,72,72,72,72,72,72,72,72,72,72,72,72,72,72,72],"card_choices":[{"not_picked":["Metallicize","Flex"],"picked":"Iron Wave","floor":1.0},{"not_picked":["Uppercut","Entrench"],"picked":"True Grit","floor":2.0},{"not_picked":["Intimidate","True Grit"],"picked":"Battle Trance","floor":3.0},{"not_picked":["Sever Soul","Carnage"],"picked":"Whirlwind","floor":7.0},{"not_picked":["Armaments","Iron Wave"],"picked":"Flame Barrier","floor":11.0},{"not_picked":["Sword Boomerang","Havoc"],"picked":"Headbutt","floor":13.0},{"not_picked":["Headbutt","Hemokinesis"],"picked":"Flame Barrier","floor":14.0},{"not_picked":["Exhume","Dark Embrace"],"picked":"Barricade","floor":16.0},{"not_picked":["Thunderclap","Pommel Strike"],"picked":"Feel No Pain","floor":18.0},{"not_picked":["Uppercut+1","Battle Trance+1","Dual Wield"],"picked":"SKIP","floor":20.0},{"not_picked":["Second Wind","Pummel"],"picked":"Iron Wave+1","floor":21}],"player_experience":147127,"relics_obtained":[{"floor":7.0,"key":"Odd Mushroom"},{"floor":9.0,"key":"Omamori"},{"floor":11.0,"key":"Mercury Hourglass"}],"event_choices":[{"event_name":"Upgrade Shrine","player_choice":"Upgraded","floor":5.0,"damage_taken":0.0},{"event_name":"Mushrooms","player_choice":"Fought Mushrooms","floor":7.0,"damage_taken":0.0},{"event_name":"N\u0027loth","player_choice":"Traded a Odd Mushroom","floor":22,"damage_taken":0}],"is_beta":false,"boss_relics":[{"not_picked":["Runic Dome","Busted Crown"],"picked":"Mark of Pain"}],"items_purged_floors":[4,12,19],"is_endless":false,"potions_floor_spawned":[1,2,3,18],"killed_by":"Book of Stabbing","ascension_level":7}