{"gold_per_floor":[118,130,31,46,57,57,57,57,57,57,34,44,55,89,89,166,166,183,37,54,54,69,69,69],"floor_reached":24,"playtime":1313,"items_purged":["Pain"],"score":372,"play_id":"37fc7ab9-baa2-4b90-903f-98e136e9140b","local_time":"20190310171838","is_ascension_mode":true,"campfire_choices":[{"data":"Creative AI","floor":6,"key":"SMITH"},{"data":"Zap","floor":8,"key":"SMITH"},{"data":"Dualcast","floor":10,"key":"SMITH"},{"floor":15,"key":"REST"},{"floor":23,"key":"REST"}],"neow_cost":"NONE","seed_source_timestamp":1374760273810887,"circlet_count":0,"master_deck":["AscendersBane","Strike_B","Strike_B","Strike_B","Strike_B","Defend_B","Defend_B","Defend_B","Defend_B","Zap+1","Dualcast+1","Coolheaded","FTL","Glacier","Ball Lightning","Creative AI+1","Gash","Gash","Streamline","Gash","Chill","Echo Form","Gash+1","White Noise","Chill"],"relics":["Cracked Core","WarpedTongs","Peace Pipe","Calipers","Cursed Key"],"potions_floor_usage":[14,16],"damage_taken":[{"damage":1,"enemies":"Cultist","floor":1,"turns":4},{"damage":2,"enemies":"Small Slimes","floor":2,"turns":4},{"damage":0,"enemies":"Jaw Worm","floor":4,"turns":3},{"damage":2,"enemies":"2 Fungi Beasts","floor":5,"turns":3},{"damage":8,"enemies":"Looter","floor":12,"turns":2},{"damage":7,"enemies":"Large Slime","floor":13,"turns":5},{"damage":21,"enemies":"Gremlin Nob","floor":14,"turns":5},{"damage":24,"enemies":"Slime Boss","floor":16,"turns":9},{"damage":16,"enemies":"Chosen","floor":18,"turns":5},{"damage":18,"enemies":"Shell Parasite","floor":20,"turns":4},{"damage":23,"enemies":"Snecko","floor":22,"turns":7},{"damage":32,"enemies":"Book of Stabbing","floor":24,"turns":3}],"seed_played":"-3999163559731163285","potions_obtained":[{"floor":5,"key":"AttackPotion"},{"floor":12,"key":"LiquidBronze"},{"floor":14,"key":"AttackPotion"},{"floor":20,"key":"Energy Potion"}],"is_trial":false,"path_per_floor":["M","M","$","M","M","R","?","R","T","R","$","M","M","E","R","B",null,"M","$","M","?","M","R","E"],"character_chosen":"DEFECT","items_purchased":["Glacier","Ball Lightning","Gash","White Noise"],"campfire_rested":2,"item_purchase_floors":[3,3,11,19],"current_hp_per_floor":[70,68,68,68,66,66,66,66,66,66,66,58,51,30,53,29,66,50,50,32,32,9,32,0],"gold":69,"neow_bonus":"TEN_PERCENT_HP_BONUS","is_prod":false,"is_daily":false,"chose_seed":false,"campfire_upgraded":3,"win_rate":0,"timestamp":1552238318,"path_taken":["M","?","$","M","M","R","?","R","T","R","$","M","M","E","R","BOSS","M","?","M","?","M","R","E"],"build_version":"2019-01-23","purchased_purges":1,"victory":false,"max_hp_per_floor":[78,78,78,78,78,78,78,78,78,78,78,78,78,78,78,78,78,78,78,78,78,78,78,78],"card_choices":[{"not_picked":["Steam","Recycle"],"picked":"Coolheaded","floor":1},{"not_picked":["Go for the Eyes","Conserve Battery"],"picked":"FTL","floor":2},{"not_picked":["Rip and Tear","Streamline"],"picked":"Creative AI","floor":4},{"not_picked":["Hello World","Sweeping Beam"],"picked":"Gash","floor":5},{"not_picked":["Reprogram","Stack"],"picked":"Streamline","floor":12},{"not_picked":["Redo","Double Energy"],"picked":"Gash","floor":13},{"not_picked":["Recycle","Darkness"],"picked":"Chill","floor":14},{"not_picked":["Rainbow","Buffer"],"picked":"Echo Form","floor":16},{"not_picked":["Conserve Battery","Undo"],"picked":"Gash+1","floor":18},{"not_picked":["Hologram","Stack+1"],"picked":"Chill","floor":20},{"not_picked":["Hello World","Beam Cell","Rebound"],"picked":"SKIP","floor":22}],"player_experience":1541251,"relics_obtained":[{"floor":9,"key":"Peace Pipe"},{"floor":14,"key":"Calipers"}],"event_choices":[{"damage_healed":0,"gold_gain":0,"player_choice":"Rummage","damage_taken":0,"relics_obtained":["WarpedTongs"],"max_hp_gain":0,"max_hp_loss":0,"event_name":"Accursed Blacksmith","floor":7,"gold_loss":0,"cards_obtained":["Pain"]},{"damage_healed":0,"gold_gain":0,"player_choice":"Ignored","damage_taken":0,"max_hp_gain":0,"max_hp_loss":0,"event_name":"Vampires","floor":21,"gold_loss":0}],"is_beta":false,"boss_relics":[{"not_picked":["White Beast Statue","Orrery"],"picked":"Cursed Key"}],"items_purged_floors":[19],"is_endless":false,"potions_floor_spawned":[5,12,13,14,20,22],"killed_by":"Book of Stabbing","ascension_level":15}