{"gold_per_floor":[119,139,157,157,169,231,231,243,315,315,329,344,354,629,629,732,732,742,742,767,767,129,129,145,23,47,47,47],"floor_reached":28,"playtime":2352,"items_purged":["Strike_B","Regret"],"score":220,"play_id":"a69881c6-f6ce-46c1-80d1-a3481a5d4ed8","local_time":"20190622194419","is_ascension_mode":false,"campfire_choices":[{"floor":7,"key":"REST"},{"floor":10,"key":"REST"},{"data":"Zap","floor":15,"key":"SMITH"},{"data":"Dualcast","floor":23,"key":"SMITH"}],"neow_cost":"NONE","seed_source_timestamp":53744870124500,"circlet_count":0,"master_deck":["Strike_B","Strike_B","Strike_B","Defend_B","Defend_B","Defend_B","Defend_B","Zap+1","Dualcast+1","Genetic Algorithm","Cold Snap","Auto Shields","Conserve Battery","Go for the Eyes","Doom and Gloom","Go for the Eyes","Steam Power","Capacitor","Creative AI","Self Repair","Deep Breath","Secret Weapon","Hologram","Cold Snap+1","Turbo"],"relics":["Cracked Core","Tiny Chest","Darkstone Periapt","Nuclear Battery","Unceasing Top","Lantern","Gremlin Horn","Juzu Bracelet"],"potions_floor_usage":[16],"damage_taken":[{"damage":0,"enemies":"Small Slimes","floor":1,"turns":3},{"damage":1,"enemies":"Cultist","floor":2,"turns":5},{"damage":9,"enemies":"Jaw Worm","floor":3,"turns":4},{"damage":0,"enemies":"2 Fungi Beasts","floor":5,"turns":5},{"damage":60,"enemies":"Gremlin Nob","floor":6,"turns":6},{"damage":5,"enemies":"Blue Slaver","floor":8,"turns":4},{"damage":4,"enemies":"Exordium Thugs","floor":11,"turns":5},{"damage":2,"enemies":"Large Slime","floor":12,"turns":7},{"damage":0,"enemies":"2 Fungi Beasts","floor":13,"turns":3},{"damage":58,"enemies":"Slime Boss","floor":16,"turns":12},{"damage":25,"enemies":"Spheric Guardian","floor":18,"turns":8},{"damage":25,"enemies":"3 Byrds","floor":24,"turns":6},{"damage":51,"enemies":"Slavers","floor":28,"turns":3}],"seed_played":"-4384981783195380945","potions_obtained":[{"floor":2,"key":"SkillPotion"},{"floor":3,"key":"SpeedPotion"},{"floor":4,"key":"FocusPotion"},{"floor":4,"key":"FearPotion"},{"floor":13,"key":"FairyPotion"},{"floor":18,"key":"SteroidPotion"}],"is_trial":false,"path_per_floor":["M","M","M","?","M","E","R","M","T","R","M","M","M","?","R","B",null,"M","T","T","?","$","R","M","$","T","$","E"],"character_chosen":"DEFECT","items_purchased":["Deep Breath","Secret Weapon","Hologram","Gremlin Horn","Turbo"],"campfire_rested":2,"item_purchase_floors":[22,22,22,22,25],"current_hp_per_floor":[82,81,72,72,72,12,36,31,31,55,51,49,49,55,55,8,88,63,63,63,63,63,63,45,45,45,45,0],"gold":47,"neow_bonus":"TEN_PERCENT_HP_BONUS","is_prod":false,"is_daily":false,"chose_seed":false,"campfire_upgraded":2,"win_rate":0,"timestamp":1561257859,"path_taken":["M","M","M","?","?","E","R","M","T","R","M","M","?","?","R","BOSS","M","?","?","?","$","R","M","?","T","$","E"],"build_version":"2019-01-23","purchased_purges":2,"victory":false,"max_hp_per_floor":[82,82,82,82,82,82,82,82,82,82,82,82,82,88,88,88,88,88,88,88,88,88,88,88,88,88,88,88],"card_choices":[{"not_picked":["Cold Snap","Rebound"],"picked":"Genetic Algorithm","floor":1},{"not_picked":["Rebound","Go for the Eyes"],"picked":"Cold Snap","floor":2},{"not_picked":["Multi-Cast","Turbo"],"picked":"Auto Shields","floor":3},{"not_picked":["Barrage","Reprogram"],"picked":"Conserve Battery","floor":5},{"not_picked":["Ball Lightning","Barrage"],"picked":"Go for the Eyes","floor":6},{"not_picked":["Leap","Gash"],"picked":"Doom and Gloom","floor":8},{"not_picked":["Tempest","Ball Lightning"],"picked":"Go for the Eyes","floor":11},{"not_picked":["Rebound","Recycle"],"picked":"Steam Power","floor":12},{"not_picked":["Streamline","Steam"],"picked":"Capacitor","floor":13},{"not_picked":["Rainbow","Amplify"],"picked":"Creative AI","floor":16},{"not_picked":["Conserve Battery","Capacitor","Stack"],"picked":"SKIP","floor":18},{"not_picked":["Auto Shields","Beam Cell"],"picked":"Cold Snap+1","floor":24}],"player_experience":61323,"relics_obtained":[{"floor":6,"key":"Tiny Chest"},{"floor":9,"key":"Darkstone Periapt"},{"floor":19,"key":"Unceasing Top"},{"floor":20,"key":"Lantern"},{"floor":26,"key":"Juzu Bracelet"}],"event_choices":[{"damage_healed":0,"gold_gain":0,"player_choice":"Got Potions","damage_taken":0,"max_hp_gain":0,"max_hp_loss":0,"event_name":"Lab","floor":4,"gold_loss":0},{"damage_healed":0,"gold_gain":275,"player_choice":"Desecrate","damage_taken":0,"max_hp_gain":0,"max_hp_loss":0,"event_name":"Golden Shrine","floor":14,"gold_loss":0,"cards_obtained":["Regret"]},{"damage_healed":0,"gold_gain":0,"player_choice":"Read","damage_taken":0,"max_hp_gain":0,"max_hp_loss":0,"event_name":"The Library","floor":21,"gold_loss":0,"cards_obtained":["Self Repair"]}],"is_beta":false,"boss_relics":[{"not_picked":["Sozu","Snecko Eye"],"picked":"Nuclear Battery"}],"items_purged_floors":[22,25],"is_endless":false,"potions_floor_spawned":[2,3,8,12,13,18],"killed_by":"Slavers","ascension_level":0}