{"gold_per_floor":[109,109,184,203,32,32,62,62,62,80,95,95,152,179,179,179],"floor_reached":16,"playtime":1273,"items_purged":[],"score":98,"play_id":"ada6e7b9-4834-479f-8f4b-b4ebb17a4ed9","local_time":"20190619020159","is_ascension_mode":false,"campfire_choices":[{"floor":6,"key":"REST"},{"floor":8,"key":"REST"},{"floor":12,"key":"REST"},{"floor":15,"key":"REST"}],"neow_cost":"NONE","seed_source_timestamp":37986625754200,"circlet_count":0,"master_deck":["Defend_G","Defend_G","Defend_G","Defend_G","Defend_G","Strike_G","Strike_G","Strike_G","Strike_G","Strike_G","Survivor","Neutralize","Impatience","Eviscerate+1","Dodge and Roll","Venomology","Slice","Die Die Die","Infinite Blades","Backflip","Tactician"],"relics":["Ring of the Snake","Oddly Smooth Stone","Anchor","Lantern","Bag of Preparation"],"potions_floor_usage":[7,11,11,13,13,16],"damage_taken":[{"damage":5,"enemies":"Small Slimes","floor":1,"turns":5},{"damage":2,"enemies":"2 Louse","floor":4,"turns":4},{"damage":43,"enemies":"3 Sentries","floor":7,"turns":17},{"damage":0,"enemies":"Jaw Worm","floor":10,"turns":5},{"damage":0,"enemies":"Exordium Thugs","floor":11,"turns":4},{"damage":59,"enemies":"Lagavulin Event","floor":13,"turns":11},{"damage":40,"enemies":"Slime Boss","floor":16,"turns":8}],"seed_played":"-1663281170103434128","potions_obtained":[{"floor":7,"key":"SmokeBomb"},{"floor":10,"key":"AttackPotion"}],"is_trial":false,"path_per_floor":["?","?","$","M","?","T"],"character_chosen":"THE_SILENT","items_purchased":["Venomology","Slice"],"campfire_rested":4,"item_purchase_floors":[5,5],"current_hp_per_floor":[65,65,54,52,52,70,27,48,48,48,48,69,10,10,31,0],"gold":179,"neow_bonus":"RANDOM_COLORLESS","is_prod":false,"is_daily":false,"chose_seed":false,"campfire_upgraded":0,"win_rate":0.0,"timestamp":1560934919,"path_taken":["M","?","?","M","?","R","E","R","T","M","?","R","?","?","R","BOSS"],"build_version":"2019-01-23","purchased_purges":0,"victory":false,"max_hp_per_floor":[70,70,70,70,70,70,70,70,70,70,70,70,70,70,70,70],"card_choices":[{"not_picked":["Sucker Punch","Choke"],"picked":"Eviscerate","floor":1},{"not_picked":["Quick Slash","Blade Dance"],"picked":"Dodge and Roll","floor":4},{"not_picked":["Heel Hook","Distraction"],"picked":"Die Die Die","floor":7},{"not_picked":["Dodge and Roll","Endless Agony"],"picked":"Infinite Blades","floor":10},{"not_picked":["Deflect","Caltrops"],"picked":"Backflip","floor":11},{"not_picked":["Bane","Slice"],"picked":"Tactician","floor":13}],"player_experience":11512,"relics_obtained":[{"floor":7,"key":"Oddly Smooth Stone"},{"floor":9,"key":"Anchor"},{"floor":14,"key":"Bag of Preparation"}],"event_choices":[{"damage_healed":0,"gold_gain":0,"player_choice":"Grow","damage_taken":0,"max_hp_gain":0,"max_hp_loss":0,"event_name":"Living Wall","floor":2,"gold_loss":0,"cards_upgraded":["Eviscerate"]},{"damage_healed":0,"gold_gain":75,"player_choice":"Gather Gold","damage_taken":11,"max_hp_gain":0,"max_hp_loss":0,"event_name":"World of Goop","floor":3,"gold_loss":0},{"damage_healed":0,"gold_gain":0,"player_choice":"Searched \u00272\u0027 times","damage_taken":0,"relics_obtained":["Lantern"],"max_hp_gain":0,"max_hp_loss":0,"event_name":"Dead Adventurer","floor":13,"gold_loss":0}],"is_beta":false,"boss_relics":[],"items_purged_floors":[],"is_endless":false,"potions_floor_spawned":[7,10],"killed_by":"Slime Boss","ascension_level":0}