{"gold_per_floor":[113,38,38,48,64,98,98,125,150,182,182,182,211,211,211,308,308,320,320,332,349,349,349,368,368,391,425,425,49,49,65,65,65],"floor_reached":33,"playtime":1976,"items_purged":["Strike_R","Clash"],"score":407,"play_id":"49ad4b00-d7da-41d5-9873-992b43047e23","local_time":"20180801105820","is_ascension_mode":true,"campfire_choices":[{"data":"Bash","floor":7,"key":"SMITH"},{"data":"Flame Barrier","floor":12,"key":"SMITH"},{"floor":15,"key":"REST"},{"data":"Whirlwind","floor":23,"key":"SMITH"},{"data":"Limit Break","floor":25,"key":"SMITH"},{"data":"Flame Barrier","floor":30,"key":"SMITH"},{"data":"Limit Break","floor":32,"key":"SMITH"}],"neow_cost":"NONE","seed_source_timestamp":118532719991422,"circlet_count":0,"master_deck":["Strike_R+1","Defend_R","Defend_R","Defend_R","Defend_R","Bash+1","Sword Boomerang+1","Pommel Strike","Limit Break+1","Shockwave","Flame Barrier+1","Whirlwind+1","Headbutt","Offering","True Grit","Rupture","Shrug It Off","Flame Barrier+1","Limit Break+1"],"relics":["Burning Blood","NeowsBlessing","Juzu Bracelet","Omamori","Art of War","Dream Catcher","Paper Frog","Empty Cage","Ice Cream","Happy Flower","Question Card","CultistMask","Shuriken"],"potions_floor_usage":[6,8,10,16,27,27,33],"damage_taken":[{"damage":0,"enemies":"Cultist","floor":1,"turns":1},{"damage":0,"enemies":"Small Slimes","floor":4,"turns":1},{"damage":0,"enemies":"Jaw Worm","floor":5,"turns":1},{"damage":35,"enemies":"Lagavulin","floor":6,"turns":4},{"damage":5,"enemies":"Gremlin Nob","floor":8,"turns":3},{"damage":30,"enemies":"Lagavulin","floor":10,"turns":6},{"damage":30,"enemies":"Gremlin Nob","floor":13,"turns":5},{"damage":47,"enemies":"The Guardian","floor":16,"turns":13},{"damage":14,"enemies":"Shell Parasite","floor":18,"turns":4},{"damage":5,"enemies":"Chosen","floor":20,"turns":4},{"damage":13,"enemies":"Snecko","floor":21,"turns":6},{"damage":22,"enemies":"Cultist and Chosen","floor":24,"turns":6},{"damage":13,"enemies":"Book of Stabbing","floor":27,"turns":7},{"damage":0,"enemies":"Snake Plant","floor":31,"turns":5},{"damage":69,"enemies":"Collector","floor":33,"turns":5}],"seed_played":"-7704545474015370793","potions_obtained":[{"floor":1,"key":"AttackPotion"},{"floor":5,"key":"Regen Potion"},{"floor":6,"key":"SteroidPotion"},{"floor":10,"key":"Weak Potion"},{"floor":16,"key":"EssenceOfSteel"},{"floor":20,"key":"BloodPotion"},{"floor":24,"key":"Dexterity Potion"}],"is_trial":false,"path_per_floor":["M","$","?","M","M","E","R","E","T","E","?","R","E","?","R","B",null,"M","?","M","M","?","R","M","R","T","E","?","$","R","M","R"],"character_chosen":"IRONCLAD","items_purchased":["Shuriken","Flame Barrier"],"campfire_rested":1,"item_purchase_floors":[29,29],"current_hp_per_floor":[78,78,62,68,74,45,45,46,46,36,56,56,32,25,49,8,62,54,54,55,48,48,48,32,32,32,25,25,25,25,31,31,0],"gold":65,"neow_bonus":"THREE_ENEMY_KILL","is_prod":false,"is_daily":false,"chose_seed":false,"campfire_upgraded":6,"win_rate":0,"timestamp":1533146300,"path_taken":["M","$","?","?","?","E","R","E","T","E","?","R","E","?","R","BOSS","M","?","M","M","?","R","M","R","T","E","?","$","R","M","R","BOSS"],"build_version":"2018-07-26","purchased_purges":2,"victory":false,"max_hp_per_floor":[80,80,80,80,80,80,80,80,80,80,80,80,80,80,80,80,80,80,80,80,80,80,80,80,80,80,80,80,80,80,80,80,80],"card_choices":[{"not_picked":["Sentinel","Hemokinesis"],"picked":"Sword Boomerang","floor":1},{"not_picked":["Searing Blow","Rage"],"picked":"Pommel Strike","floor":4},{"not_picked":["Dual Wield","Flex"],"picked":"Clash","floor":5},{"not_picked":["Clash","Shockwave"],"picked":"Limit Break","floor":6},{"not_picked":["Perfected Strike","Pummel"],"picked":"Shockwave","floor":8},{"not_picked":["Clash","Body Slam"],"picked":"Flame Barrier","floor":10},{"not_picked":["Wild Strike","Heavy Blade"],"picked":"Whirlwind","floor":13},{"not_picked":["Seeing Red","Clash"],"picked":"Headbutt","floor":15},{"not_picked":["Juggernaut","Demon Form"],"picked":"Offering","floor":16},{"not_picked":["Headbutt","Heavy Blade"],"picked":"True Grit","floor":18},{"not_picked":["Clothesline","Dropkick+1"],"picked":"Rupture","floor":20},{"not_picked":["Entrench+1","Thunderclap"],"picked":"Shrug It Off","floor":21},{"not_picked":["Infernal Blade","Body Slam","Havoc+1"],"picked":"SKIP","floor":24},{"not_picked":["Wild Strike+1","Rampage","Burning Pact+1"],"picked":"SKIP","floor":27},{"not_picked":["Shockwave","Flex","Body Slam"],"picked":"Limit Break","floor":31}],"player_experience":190184,"relics_obtained":[{"floor":6,"key":"Juzu Bracelet"},{"floor":8,"key":"Omamori"},{"floor":9,"key":"Art of War"},{"floor":10,"key":"Dream Catcher"},{"floor":13,"key":"Paper Frog"},{"floor":26,"key":"Happy Flower"},{"floor":27,"key":"Question Card"}],"event_choices":[{"event_name":"Shining Light","player_choice":"Entered Light","floor":3,"damage_taken":0},{"event_name":"Mushrooms","player_choice":"Healed and dodged fight","floor":11,"damage_taken":0},{"event_name":"Golden Wing","player_choice":"Card Removal","floor":14,"damage_taken":0},{"event_name":"The Mausoleum","player_choice":"Yes","floor":19,"damage_taken":0},{"event_name":"Ghosts","player_choice":"Ignored","floor":22,"damage_taken":0},{"event_name":"FaceTrader","player_choice":"Trade","floor":28,"damage_taken":0}],"is_beta":false,"boss_relics":[{"not_picked":["Philosopher\u0027s Stone","Tiny House"],"picked":"Empty Cage"}],"items_purged_floors":[2,29],"is_endless":false,"potions_floor_spawned":[1,5,6,10,16,20,24],"killed_by":"Collector","ascension_level":8}