{"gold_per_floor":[109,109,109,123,123,123,157,177,177,177,196,216,216,216,216,312,312,252,271,41,52,70,70,3,3,3,3,29,29,39,57,57,57],"floor_reached":33,"playtime":2646,"items_purged":["Strike_G","Defend_G"],"score":331,"play_id":"9a1a1c86-6408-452b-8352-ecc412e2484d","local_time":"20190622232714","is_ascension_mode":true,"campfire_choices":[{"floor":6,"key":"REST"},{"floor":15,"key":"DIG"},{"data":"Caltrops","floor":23,"key":"SMITH"},{"data":"Accuracy","floor":25,"key":"SMITH"},{"floor":27,"key":"REST"},{"floor":32,"key":"REST"}],"neow_cost":"NONE","seed_source_timestamp":66823939192800,"circlet_count":0,"master_deck":["Defend_G","Defend_G+1","Defend_G","Defend_G","Strike_G+1","Strike_G","Strike_G","Survivor+1","Neutralize","Distraction+1","Cloak And Dagger+1","Tactician","Blur","Caltrops+1","Cloak And Dagger","Regret","Phantasmal Killer","Dash","Flechettes+1","Backflip","Accuracy+1","Infinite Blades","Storm of Steel","Storm of Steel","Expertise+1"],"relics":["Ring of the Snake","NeowsBlessing","Meat on the Bone","War Paint","Bottled Lightning","Shovel","Girya","Kunai","Black Star","Membership Card","Mummified Hand","Darkstone Periapt","Pear"],"potions_floor_usage":[16,16,22,33],"damage_taken":[{"damage":0,"enemies":"Small Slimes","floor":1,"turns":1},{"damage":0,"enemies":"2 Louse","floor":4,"turns":1},{"damage":0,"enemies":"Lagavulin","floor":7,"turns":1},{"damage":7,"enemies":"Cultist","floor":8,"turns":6},{"damage":0,"enemies":"3 Louse","floor":11,"turns":3},{"damage":0,"enemies":"Exordium Wildlife","floor":12,"turns":5},{"damage":26,"enemies":"Hexaghost","floor":16,"turns":11},{"damage":3,"enemies":"2 Thieves","floor":18,"turns":4},{"damage":7,"enemies":"3 Byrds","floor":19,"turns":6},{"damage":36,"enemies":"Centurion and Healer","floor":21,"turns":8},{"damage":10,"enemies":"Snecko","floor":22,"turns":7},{"damage":52,"enemies":"Gremlin Leader","floor":28,"turns":9},{"damage":19,"enemies":"Shelled Parasite and Fungi","floor":30,"turns":7},{"damage":7,"enemies":"Snake Plant","floor":31,"turns":6},{"damage":54,"enemies":"Automaton","floor":33,"turns":6}],"seed_played":"1392737453593062684","potions_obtained":[{"floor":1,"key":"SteroidPotion"},{"floor":4,"key":"Strength Potion"},{"floor":21,"key":"Swift Potion"},{"floor":28,"key":"Poison Potion"}],"is_trial":false,"path_per_floor":["M","?","?","M","?","R","E","M","T","T","M","M","?","T","R","B",null,"M","M","$","M","M","R","$","R","T","R","E","?","M","M","R","B"],"character_chosen":"THE_SILENT","items_purchased":["Membership Card","Infinite Blades"],"campfire_rested":3,"item_purchase_floors":[20,24],"current_hp_per_floor":[70,63,63,63,49,70,70,63,63,63,63,63,63,63,63,37,70,67,60,60,36,38,38,38,38,38,59,29,29,22,27,51,0],"gold":57,"neow_bonus":"THREE_ENEMY_KILL","is_prod":false,"is_daily":false,"chose_seed":false,"campfire_upgraded":2,"win_rate":0,"timestamp":1561271234,"path_taken":["M","?","?","?","?","R","E","M","T","?","M","M","?","?","R","BOSS","M","M","$","M","M","R","$","R","T","R","E","?","M","M","R","BOSS"],"build_version":"2019-01-23","purchased_purges":2,"victory":false,"max_hp_per_floor":[70,70,70,70,70,70,70,70,70,70,70,70,70,70,70,70,70,70,70,70,70,70,70,70,70,70,70,80,80,80,80,80,80],"card_choices":[{"not_picked":["Acrobatics","Predator"],"picked":"Distraction","floor":1},{"not_picked":["Underhanded Strike","Flying Knee"],"picked":"Cloak And Dagger","floor":4},{"not_picked":["Poisoned Stab","Leg Sweep"],"picked":"Tactician","floor":7},{"not_picked":["Tactician","Bouncing Flask"],"picked":"Blur","floor":8},{"not_picked":["PiercingWail","Flying Knee"],"picked":"Caltrops","floor":11},{"not_picked":["Bullet Time","All Out Attack"],"picked":"Cloak And Dagger","floor":12},{"not_picked":["Bullet Time","Doppelganger"],"picked":"Phantasmal Killer","floor":16},{"not_picked":["Dagger Throw+1","Dodge and Roll+1"],"picked":"Dash","floor":18},{"not_picked":["Endless Agony","Deflect"],"picked":"Flechettes+1","floor":19},{"not_picked":["Caltrops","Dash"],"picked":"Backflip","floor":21},{"not_picked":["Calculated Gamble","Dash"],"picked":"Accuracy","floor":22},{"not_picked":["Predator","Quick Slash+1"],"picked":"Storm of Steel","floor":28},{"not_picked":["Masterful Stab","Terror+1"],"picked":"Expertise+1","floor":30},{"not_picked":["Flechettes","Dodge and Roll","Skewer"],"picked":"SKIP","floor":31}],"player_experience":68629,"relics_obtained":[{"floor":7,"key":"Meat on the Bone"},{"floor":9,"key":"War Paint"},{"floor":10,"key":"Bottled Lightning"},{"floor":14,"key":"Girya"},{"floor":15,"key":"Kunai"},{"floor":26,"key":"Mummified Hand"},{"floor":28,"key":"Darkstone Periapt"},{"floor":28,"key":"Pear"}],"event_choices":[{"cards_removed":["Strike_G"],"damage_healed":0,"gold_gain":0,"player_choice":"Card Removal","damage_taken":7,"max_hp_gain":0,"max_hp_loss":0,"event_name":"Golden Wing","floor":2,"gold_loss":0},{"damage_healed":0,"gold_gain":0,"player_choice":"Forge","damage_taken":0,"max_hp_gain":0,"max_hp_loss":0,"event_name":"Accursed Blacksmith","floor":3,"gold_loss":0,"cards_upgraded":["Distraction"]},{"damage_healed":0,"gold_gain":0,"player_choice":"Entered Light","damage_taken":14,"max_hp_gain":0,"max_hp_loss":0,"event_name":"Shining Light","floor":5,"gold_loss":0,"cards_upgraded":["Defend_G","Strike_G"]},{"damage_healed":0,"gold_gain":0,"player_choice":"Box","damage_taken":0,"relics_obtained":["Shovel"],"max_hp_gain":0,"max_hp_loss":0,"event_name":"Big Fish","floor":13,"gold_loss":0,"cards_obtained":["Regret"]},{"damage_healed":0,"gold_gain":0,"player_choice":"Copied","damage_taken":0,"max_hp_gain":0,"max_hp_loss":0,"event_name":"Duplicator","floor":29,"gold_loss":0,"cards_obtained":["Storm of Steel"]}],"is_beta":false,"boss_relics":[{"not_picked":["Coffee Dripper","Runic Pyramid"],"picked":"Black Star"}],"items_purged_floors":[20,24],"is_endless":false,"potions_floor_spawned":[1,4,21,28],"killed_by":"Automaton","ascension_level":1}