{"gold_per_floor":[414,429,95,110,110,148,148,14,64,83,102,121,121],"floor_reached":13,"playtime":814,"items_purged":[],"score":87,"play_id":"85c35b94-c640-4019-9de9-3fb1c934af64","local_time":"20190524024942","daily_mods":["Heirloom","Vintage","DeadlyEvents"],"is_ascension_mode":false,"campfire_choices":[],"neow_cost":"","seed_source_timestamp":0,"circlet_count":0,"master_deck":["Defend_G","Defend_G","Defend_G","Defend_G","Defend_G","Strike_G","Strike_G","Strike_G","Strike_G","Survivor","Neutralize+1","Accuracy","Blade Dance","Accuracy","Injury","Cloak And Dagger","After Image","Skewer+1"],"special_seed":18040,"relics":["Ring of the Snake","Old Coin","Singing Bowl","DollysMirror","Gremlin Horn","Golden Idol","Potion Belt","Blood Vial","Whetstone","Sundial","Bottled Tornado"],"potions_floor_usage":[11,11,12,12],"damage_taken":[{"damage":5,"enemies":"2 Louse","floor":1,"turns":2},{"damage":2,"enemies":"Small Slimes","floor":2,"turns":3},{"damage":1,"enemies":"Cultist","floor":4,"turns":4},{"damage":51,"enemies":"3 Sentries","floor":6,"turns":10},{"damage":4,"enemies":"Large Slime","floor":10,"turns":6},{"damage":1,"enemies":"Blue Slaver","floor":11,"turns":2},{"damage":1,"enemies":"2 Fungi Beasts","floor":12,"turns":3}],"seed_played":"8609571646194855566","potions_obtained":[{"floor":2,"key":"GhostInAJar"},{"floor":6,"key":"Poison Potion"},{"floor":10,"key":"PowerPotion"},{"floor":12,"key":"Energy Potion"}],"is_trial":false,"path_per_floor":["M","M","$","M","?","E","?","$","T","M","M","M","?"],"character_chosen":"THE_SILENT","items_purchased":["Accuracy","DollysMirror","Blade Dance","EntropicBrew","Skewer"],"campfire_rested":0,"item_purchase_floors":[3,3,3,8,8],"current_hp_per_floor":[65,63,63,62,62,11,11,11,11,9,10,11,0],"gold":121,"neow_bonus":"","is_prod":false,"is_daily":true,"chose_seed":false,"campfire_upgraded":0,"win_rate":0,"timestamp":1558662582,"path_taken":["M","M","$","M","?","E","?","$","T","M","M","M","?"],"build_version":"2019-01-23","purchased_purges":0,"victory":false,"max_hp_per_floor":[70,70,70,70,70,70,70,70,70,70,70,70,70],"card_choices":[{"not_picked":["Terror","Backflip"],"picked":"Cloak And Dagger","floor":6}],"player_experience":253095,"relics_obtained":[{"floor":1,"key":"Singing Bowl"},{"floor":4,"key":"Gremlin Horn"},{"floor":6,"key":"Potion Belt"},{"floor":9,"key":"Blood Vial"},{"floor":10,"key":"Whetstone"},{"floor":11,"key":"Sundial"},{"floor":12,"key":"Bottled Tornado"}],"event_choices":[{"damage_healed":0,"gold_gain":0,"player_choice":"Take Wound","damage_taken":0,"relics_obtained":["Golden Idol"],"max_hp_gain":0,"max_hp_loss":0,"event_name":"Golden Idol","floor":5,"gold_loss":0,"cards_obtained":["Injury"]},{"damage_healed":0,"gold_gain":0,"cards_transformed":["Strike_G"],"player_choice":"Change","damage_taken":0,"max_hp_gain":0,"max_hp_loss":0,"event_name":"Living Wall","floor":7,"gold_loss":0,"cards_obtained":["After Image"]}],"is_beta":false,"boss_relics":[],"items_purged_floors":[],"is_endless":false,"potions_floor_spawned":[2,6,10,12],"ascension_level":0}