{"gold_per_floor":[117,117,117,130,147,176,176,6,30,62,76,251,21,36,36,135,135,145,171,191,206,116,116,143,154,179,278,278],"floor_reached":28,"playtime":2187,"items_purged":["Doubt"],"score":260,"play_id":"71d7573b-28bf-40ee-ab9a-7e014d34d1fc","local_time":"20190414205226","is_ascension_mode":true,"campfire_choices":[{"data":"Sunder","floor":7,"key":"SMITH"},{"floor":15,"key":"REST"},{"data":"Fission","floor":23,"key":"SMITH"}],"neow_cost":"NONE","seed_source_timestamp":2941643485310847,"circlet_count":0,"master_deck":["Strike_B","Strike_B+1","Defend_B","Defend_B","Defend_B","Defend_B","Zap","Dualcast","Sweeping Beam","Sunder+1","White Noise","Mayhem","Buffer","Coolheaded","Ball Lightning","Fission+1","Go for the Eyes","Biased Cognition","Rip and Tear","Chill+1"],"relics":["Cracked Core","Bronze Scales","Potion Belt","Happy Flower","Anchor","Bag of Marbles","Eternal Feather","Red Mask","Boot","Centennial Puzzle"],"potions_floor_usage":[6,10,16,19,21,28],"damage_taken":[{"damage":3,"enemies":"Jaw Worm","floor":1,"turns":3},{"damage":2,"enemies":"Small Slimes","floor":4,"turns":2},{"damage":0,"enemies":"Cultist","floor":5,"turns":2},{"damage":25,"enemies":"Gremlin Nob","floor":6,"turns":4},{"damage":8,"enemies":"3 Sentries","floor":10,"turns":3},{"damage":0,"enemies":"2 Fungi Beasts","floor":11,"turns":2},{"damage":0,"enemies":"Large Slime","floor":14,"turns":4},{"damage":28,"enemies":"Hexaghost","floor":16,"turns":8},{"damage":0,"enemies":"Chosen","floor":18,"turns":3},{"damage":14,"enemies":"Masked Bandits","floor":19,"turns":4},{"damage":5,"enemies":"3 Byrds","floor":20,"turns":3},{"damage":16,"enemies":"Shelled Parasite and Fungi","floor":21,"turns":5},{"damage":27,"enemies":"Book of Stabbing","floor":24,"turns":5},{"damage":25,"enemies":"3 Cultists","floor":25,"turns":4},{"damage":8,"enemies":"Snake Plant","floor":28,"turns":2}],"seed_played":"-4056266103611138000","potions_obtained":[{"floor":5,"key":"Poison Potion"},{"floor":6,"key":"Explosive Potion"},{"floor":11,"key":"GamblersBrew"},{"floor":18,"key":"Block Potion"},{"floor":20,"key":"Explosive Potion"},{"floor":25,"key":"SpeedPotion"}],"is_trial":false,"path_per_floor":["M","?","?","M","M","E","R","$","T","E","M","?","$","M","R","B",null,"M","?","M","M","?","R","E","M","T","?","M"],"character_chosen":"DEFECT","items_purchased":["Mayhem","Bag of Marbles"],"campfire_rested":1,"item_purchase_floors":[8,13],"current_hp_per_floor":[79,54,54,52,52,27,27,27,27,19,19,19,19,19,43,15,82,82,68,63,47,47,56,29,4,4,4,0],"gold":278,"neow_bonus":"TEN_PERCENT_HP_BONUS","is_prod":false,"is_daily":false,"chose_seed":false,"campfire_upgraded":2,"win_rate":0,"timestamp":1555271546,"path_taken":["M","?","?","M","M","E","R","$","T","E","?","?","$","M","R","BOSS","M","?","M","M","?","R","E","?","T","?","M"],"build_version":"2019-01-23","purchased_purges":1,"victory":false,"max_hp_per_floor":[82,82,82,82,82,82,82,82,82,82,82,82,82,82,82,82,82,82,82,82,82,82,82,82,82,82,82,82],"card_choices":[{"not_picked":["Steam","Static Discharge"],"picked":"Sweeping Beam","floor":1},{"not_picked":["Go for the Eyes","Aggregate"],"picked":"Sunder","floor":4},{"not_picked":["BootSequence","Barrage"],"picked":"White Noise","floor":5},{"not_picked":["Storm","Heatsinks","Turbo"],"picked":"SKIP","floor":6},{"not_picked":["Conserve Battery","Stack"],"picked":"Buffer","floor":10},{"not_picked":["Beam Cell","Hello World"],"picked":"Coolheaded","floor":11},{"not_picked":["Steam","Turbo","Ball Lightning"],"picked":"SKIP","floor":14},{"not_picked":["Steam","Turbo"],"picked":"Ball Lightning","floor":14},{"not_picked":["Meteor Strike","All For One"],"picked":"Fission","floor":16},{"not_picked":["Stack","Redo"],"picked":"Go for the Eyes","floor":18},{"not_picked":["Heatsinks","Rebound"],"picked":"Biased Cognition","floor":20},{"not_picked":["Aggregate","Compile Driver+1"],"picked":"Rip and Tear","floor":21},{"not_picked":["Barrage+1","Hyperbeam","Coolheaded"],"picked":"SKIP","floor":24},{"not_picked":["Hologram+1","Defragment"],"picked":"Chill+1","floor":25}],"player_experience":1755321,"relics_obtained":[{"floor":6,"key":"Potion Belt"},{"floor":9,"key":"Happy Flower"},{"floor":10,"key":"Anchor"},{"floor":19,"key":"Red Mask"},{"floor":24,"key":"Boot"},{"floor":26,"key":"Centennial Puzzle"}],"event_choices":[{"damage_healed":0,"gold_gain":0,"player_choice":"Success","damage_taken":25,"relics_obtained":["Bronze Scales"],"max_hp_gain":0,"max_hp_loss":0,"event_name":"Scrap Ooze","floor":2,"gold_loss":0},{"cards_removed":["Strike_B"],"damage_healed":0,"gold_gain":0,"player_choice":"Offered Basic","damage_taken":0,"max_hp_gain":0,"max_hp_loss":0,"event_name":"Bonfire Elementals","floor":3,"gold_loss":0},{"damage_healed":0,"gold_gain":175,"player_choice":"AGREE","damage_taken":0,"max_hp_gain":0,"max_hp_loss":0,"event_name":"Liars Game","floor":12,"gold_loss":0,"cards_obtained":["Doubt"]},{"damage_healed":0,"gold_gain":0,"player_choice":"Fought Bandits","damage_taken":0,"max_hp_gain":0,"max_hp_loss":0,"event_name":"Masked Bandits","floor":19,"gold_loss":0},{"cards_removed":["Strike_B"],"damage_healed":0,"gold_gain":0,"player_choice":"Upgrade and Remove","damage_taken":0,"max_hp_gain":0,"max_hp_loss":0,"event_name":"Designer","floor":22,"gold_loss":90,"cards_upgraded":["Strike_B"]},{"damage_healed":0,"gold_gain":99,"player_choice":"Stole From Cult","damage_taken":0,"max_hp_gain":0,"max_hp_loss":0,"event_name":"Nest","floor":27,"gold_loss":0}],"is_beta":false,"boss_relics":[{"not_picked":["Coffee Dripper","Tiny House"],"picked":"Eternal Feather"}],"items_purged_floors":[13],"is_endless":false,"potions_floor_spawned":[5,6,11,18,20,25],"killed_by":"Snake Plant","ascension_level":1}