{"gold_per_floor":[111,125,135,148,162,162,162,181,181,24,35,35,52,66,66,167,167,180,180,194,119,134,134,152,167,167,167,182,200,211,211],"floor_reached":31,"playtime":2977,"items_purged":["Strike_B"],"score":239,"play_id":"1766b814-3020-496f-9d79-e18744432eaa","local_time":"20190708022539","is_ascension_mode":false,"campfire_choices":[{"data":"Doom and Gloom","floor":6,"key":"SMITH"},{"data":"Doom and Gloom","floor":12,"key":"SMITH"},{"floor":15,"key":"REST"},{"floor":23,"key":"REST"}],"neow_cost":"NONE","seed_source_timestamp":1290578882309500,"circlet_count":0,"master_deck":["Strike_B","Strike_B","Strike_B","Defend_B","Defend_B","Defend_B","Defend_B","Zap","Dualcast","Doom and Gloom+1","Darkness","Steam","Genetic Algorithm","Rebound","Barrage","Reinforced Body","Barrage","Melter","Doom and Gloom+1","Redo","Rip and Tear","Darkness","Seek","FTL","Self Repair","Self Repair","Redo+1","Hologram","Rebound","Redo"],"relics":["Orrery","Bottled Flame","Lantern","Sozu","Enchiridion","Kunai"],"potions_floor_usage":[22,30],"damage_taken":[{"damage":3,"enemies":"Cultist","floor":1,"turns":4},{"damage":1,"enemies":"Small Slimes","floor":2,"turns":3},{"damage":5,"enemies":"2 Louse","floor":3,"turns":2},{"damage":8,"enemies":"Looter","floor":4,"turns":3},{"damage":4,"enemies":"Gremlin Gang","floor":5,"turns":3},{"damage":11,"enemies":"Exordium Wildlife","floor":8,"turns":3},{"damage":1,"enemies":"Large Slime","floor":11,"turns":4},{"damage":3,"enemies":"2 Fungi Beasts","floor":13,"turns":2},{"damage":10,"enemies":"Looter","floor":14,"turns":3},{"damage":26,"enemies":"The Guardian","floor":16,"turns":9},{"damage":7,"enemies":"Shell Parasite","floor":18,"turns":5},{"damage":20,"enemies":"2 Thieves","floor":20,"turns":3},{"damage":24,"enemies":"Snake Plant","floor":22,"turns":4},{"damage":20,"enemies":"Shelled Parasite and Fungi","floor":24,"turns":5},{"damage":9,"enemies":"Cultist and Chosen","floor":25,"turns":5},{"damage":21,"enemies":"Snake Plant","floor":28,"turns":4},{"damage":10,"enemies":"Snecko","floor":29,"turns":5},{"damage":6,"enemies":"3 Cultists","floor":30,"turns":3},{"damage":20,"enemies":"Centurion and Healer","floor":31,"turns":1}],"seed_played":"-677169988177915096","potions_obtained":[{"floor":1,"key":"Weak Potion"},{"floor":2,"key":"Poison Potion"},{"floor":5,"key":"Strength Potion"},{"floor":16,"key":"LiquidBronze"}],"is_trial":false,"path_per_floor":["M","M","M","M","M","R","?","M","T","$","M","R","M","M","R","B",null,"M","?","M","$","M","R","M","M","T","?","M","M","M","M"],"character_chosen":"DEFECT","items_purchased":["Lantern"],"campfire_rested":2,"item_purchase_floors":[10],"current_hp_per_floor":[72,71,66,58,54,54,54,43,43,43,42,42,39,29,51,25,75,68,52,32,32,15,37,24,29,29,29,22,12,13,0],"gold":211,"neow_bonus":"BOSS_RELIC","is_prod":false,"is_daily":false,"chose_seed":false,"campfire_upgraded":2,"win_rate":0.0,"timestamp":1562520339,"path_taken":["M","M","M","?","M","R","?","M","T","$","M","R","M","M","R","BOSS","M","?","M","$","M","R","M","M","T","?","M","?","M","M"],"build_version":"2019-07-05","purchased_purges":1,"victory":false,"max_hp_per_floor":[75,75,75,75,75,75,75,75,75,75,75,75,75,75,75,75,75,75,75,75,75,75,75,75,75,75,75,75,75,75,75],"card_choices":[{"not_picked":["Tempest","Heatsinks"],"picked":"Doom and Gloom","floor":0},{"not_picked":["Go for the Eyes","Sweeping Beam"],"picked":"Darkness","floor":0},{"not_picked":["Ball Lightning","Barrage"],"picked":"Steam","floor":0},{"not_picked":["Fusion","Double Energy"],"picked":"Genetic Algorithm","floor":0},{"not_picked":["Stack","Cold Snap"],"picked":"Rebound","floor":0},{"not_picked":["Biased Cognition","Gash"],"picked":"Barrage","floor":1},{"not_picked":["Ball Lightning","Barrage"],"picked":"Reinforced Body","floor":2},{"not_picked":["Streamline","Gash"],"picked":"Barrage","floor":3},{"not_picked":["Tempest","Steam"],"picked":"Melter","floor":4},{"not_picked":["Conserve Battery","Darkness"],"picked":"Doom and Gloom","floor":5},{"not_picked":["Go for the Eyes","Compile Driver"],"picked":"Redo","floor":8},{"not_picked":["Ball Lightning","Beam Cell","Force Field"],"picked":"SKIP","floor":11},{"not_picked":["Go for the Eyes","Heatsinks"],"picked":"Rip and Tear","floor":13},{"not_picked":["Consume","Melter"],"picked":"Darkness","floor":14},{"not_picked":["Rainbow","Fission"],"picked":"Seek","floor":16},{"not_picked":["Consume","Sweeping Beam"],"picked":"FTL","floor":18},{"not_picked":["Coolheaded","Blizzard+1"],"picked":"Self Repair","floor":20},{"not_picked":["Compile Driver","Stack"],"picked":"Self Repair","floor":22},{"not_picked":["Go for the Eyes","Tempest"],"picked":"Redo+1","floor":24},{"not_picked":["Leap","Beam Cell"],"picked":"Hologram","floor":25},{"not_picked":["Gash","Cold Snap"],"picked":"Rebound","floor":28},{"not_picked":["All For One","Genetic Algorithm","Tempest"],"picked":"SKIP","floor":29},{"not_picked":["Compile Driver+1","Gash+1"],"picked":"Redo","floor":30}],"player_experience":45913,"relics_obtained":[{"floor":9,"key":"Bottled Flame"},{"floor":19,"key":"Enchiridion"},{"floor":26,"key":"Kunai"}],"event_choices":[{"damage_healed":0,"gold_gain":0,"player_choice":"Ignored","damage_taken":0,"max_hp_gain":0,"max_hp_loss":0,"event_name":"Golden Idol","floor":7,"gold_loss":0},{"damage_healed":0,"gold_gain":0,"player_choice":"Obtained Book","damage_taken":16,"max_hp_gain":0,"max_hp_loss":0,"event_name":"Cursed Tome","floor":19,"gold_loss":0},{"damage_healed":0,"gold_gain":0,"player_choice":"Bought 0 Potions","damage_taken":0,"max_hp_gain":0,"max_hp_loss":0,"event_name":"The Woman in Blue","floor":27,"gold_loss":0}],"is_beta":false,"boss_relics":[{"not_picked":["Black Star","Calling Bell"],"picked":"Sozu"}],"items_purged_floors":[21],"is_endless":false,"potions_floor_spawned":[1,2,5,14,16,22,24,29,30],"killed_by":"Centurion and Healer","ascension_level":0}