{"gold_per_floor":[112,129,129,229,246,272,90,90,90,107,107,123,144,104,104,104],"floor_reached":16,"playtime":1217,"items_purged":[],"score":102,"play_id":"e233abb8-b084-4445-a5ab-2871e0e7122e","local_time":"20190706202723","is_ascension_mode":false,"campfire_choices":[{"floor":8,"key":"REST"},{"floor":15,"key":"REST"}],"neow_cost":"NONE","seed_source_timestamp":1184440680576500,"circlet_count":0,"master_deck":["Strike_G","Strike_G","Strike_G","Strike_G","Defend_G","Defend_G","Defend_G","Defend_G","Defend_G","Survivor","Neutralize","Panacea","Backstab","Dagger Spray","Tactician","Deadly Poison","Infinite Blades","Bouncing Flask","Terror","Tools of the Trade+1","Backflip"],"relics":["Ring of the Snake","Peace Pipe","Happy Flower","Frozen Egg 2","Golden Idol"],"potions_floor_usage":[],"damage_taken":[{"damage":1,"enemies":"Cultist","floor":1,"turns":4},{"damage":0,"enemies":"Small Slimes","floor":2,"turns":4},{"damage":1,"enemies":"Jaw Worm","floor":5,"turns":4},{"damage":30,"enemies":"3 Sentries","floor":6,"turns":9},{"damage":1,"enemies":"3 Louse","floor":10,"turns":3},{"damage":6,"enemies":"2 Fungi Beasts","floor":12,"turns":3},{"damage":14,"enemies":"Exordium Thugs","floor":13,"turns":5},{"damage":44,"enemies":"Slime Boss","floor":16,"turns":6}],"seed_played":"-5332822393024189979","potions_obtained":[{"floor":2,"key":"Strength Potion"},{"floor":5,"key":"EntropicBrew"},{"floor":12,"key":"Strength Potion"}],"is_trial":false,"path_per_floor":["M","M","?","?","M","E","$","R","T","M","?","M","M","?","R","B"],"character_chosen":"THE_SILENT","items_purchased":["Happy Flower","Bouncing Flask"],"campfire_rested":2,"item_purchase_floors":[7,7],"current_hp_per_floor":[69,69,69,69,68,38,38,59,59,58,41,35,21,21,42,0],"gold":104,"neow_bonus":"RANDOM_COLORLESS","is_prod":false,"is_daily":false,"chose_seed":false,"campfire_upgraded":0,"win_rate":0.0,"timestamp":1562412443,"path_taken":["M","?","?","?","?","E","?","R","T","M","?","M","M","?","R","BOSS"],"build_version":"2019-07-05","purchased_purges":0,"victory":false,"max_hp_per_floor":[70,70,70,70,70,70,70,70,70,70,70,70,70,70,70,70],"card_choices":[{"not_picked":["Deadly Poison","Poisoned Stab"],"picked":"Backstab","floor":1},{"not_picked":["Riddle With Holes","Slice"],"picked":"Dagger Spray","floor":2},{"not_picked":["Outmaneuver","Dagger Spray"],"picked":"Deadly Poison","floor":5},{"not_picked":["Skewer","Blade Dance"],"picked":"Infinite Blades","floor":6},{"not_picked":["Expertise","Choke"],"picked":"Terror","floor":10},{"not_picked":["Prepared","Flying Knee"],"picked":"Tools of the Trade+1","floor":12},{"not_picked":["Flechettes","Escape Plan"],"picked":"Backflip","floor":13}],"player_experience":12329,"relics_obtained":[{"floor":6,"key":"Peace Pipe"},{"floor":9,"key":"Frozen Egg 2"}],"event_choices":[{"damage_healed":0,"gold_gain":0,"cards_transformed":["Strike_G"],"player_choice":"Change","damage_taken":0,"max_hp_gain":0,"max_hp_loss":0,"event_name":"Living Wall","floor":3,"gold_loss":0,"cards_obtained":["Tactician"]},{"damage_healed":0,"gold_gain":100,"player_choice":"Gold","damage_taken":0,"max_hp_gain":0,"max_hp_loss":0,"event_name":"Wheel of Change","floor":4,"gold_loss":0},{"damage_healed":0,"gold_gain":0,"player_choice":"Take Damage","damage_taken":17,"relics_obtained":["Golden Idol"],"max_hp_gain":0,"max_hp_loss":0,"event_name":"Golden Idol","floor":11,"gold_loss":0},{"damage_healed":0,"gold_gain":0,"player_choice":"Left Gold","damage_taken":0,"max_hp_gain":0,"max_hp_loss":0,"event_name":"World of Goop","floor":14,"gold_loss":40}],"is_beta":false,"boss_relics":[],"items_purged_floors":[],"is_endless":false,"potions_floor_spawned":[2,5,12],"killed_by":"Slime Boss","ascension_level":0}