{"gold_per_floor":[113,123,73,91,91,91,126,143,143,161,173,173,173,173,173,173],"floor_reached":16,"playtime":871,"items_purged":[],"score":112,"play_id":"95d8ef66-7c83-429d-b177-7615cecc522d","local_time":"20190708010752","is_ascension_mode":true,"campfire_choices":[{"data":"Searing Blow","floor":6,"key":"SMITH"},{"floor":12,"key":"REST"},{"floor":15,"key":"REST"}],"neow_cost":"NONE","seed_source_timestamp":1061047724188400,"circlet_count":0,"master_deck":["Strike_R","Strike_R","Strike_R","Strike_R","Defend_R","Defend_R","Defend_R","Defend_R","Bash","Madness","Rampage","Combust","Searing Blow+1","Double Tap","Dropkick"],"relics":["Burning Blood","Champion Belt","Calipers","Shovel","FaceOfCleric"],"potions_floor_usage":[16,16],"damage_taken":[{"damage":15,"enemies":"Cultist","floor":1,"turns":5},{"damage":17,"enemies":"Small Slimes","floor":2,"turns":5},{"damage":0,"enemies":"2 Louse","floor":4,"turns":3},{"damage":31,"enemies":"Gremlin Nob","floor":7,"turns":4},{"damage":12,"enemies":"Exordium Wildlife","floor":8,"turns":4},{"damage":18,"enemies":"Exordium Thugs","floor":10,"turns":4},{"damage":12,"enemies":"2 Fungi Beasts","floor":11,"turns":4},{"damage":65,"enemies":"Hexaghost","floor":16,"turns":9}],"seed_played":"9161613315491302665","potions_obtained":[{"floor":1,"key":"FearPotion"},{"floor":8,"key":"Ancient Potion"},{"floor":11,"key":"Swift Potion"}],"is_trial":false,"path_per_floor":["M","M","?","M","?","R","E","M","T","M","M","R","?","?","R","B"],"character_chosen":"IRONCLAD","items_purchased":[],"campfire_rested":2,"item_purchase_floors":[],"current_hp_per_floor":[71,60,60,66,66,66,41,35,35,23,17,41,41,41,65,0],"gold":173,"neow_bonus":"RANDOM_COLORLESS","is_prod":false,"is_daily":false,"chose_seed":false,"campfire_upgraded":1,"win_rate":0,"timestamp":1562573272,"path_taken":["M","?","?","M","?","R","E","M","T","M","?","R","?","?","R","BOSS"],"build_version":"2019-07-05","purchased_purges":0,"victory":false,"max_hp_per_floor":[80,80,80,80,80,80,80,80,80,80,80,80,80,80,80,80],"card_choices":[{"not_picked":["Pummel","Thunderclap"],"picked":"Rampage","floor":1},{"not_picked":["Clash","Second Wind"],"picked":"Combust","floor":2},{"not_picked":["Flex","Warcry"],"picked":"Searing Blow","floor":4},{"not_picked":["Perfected Strike","Bludgeon"],"picked":"Double Tap","floor":7},{"not_picked":["Shockwave","Heavy Blade"],"picked":"Dropkick","floor":8},{"not_picked":["Headbutt","Thunderclap","Anger"],"picked":"SKIP","floor":10},{"not_picked":["Second Wind","Clothesline","Heavy Blade"],"picked":"SKIP","floor":11}],"player_experience":118188,"relics_obtained":[{"floor":7,"key":"Calipers"},{"floor":9,"key":"Shovel"}],"event_choices":[{"cards_removed":["Strike_R"],"damage_healed":0,"gold_gain":0,"player_choice":"Card Removal","damage_taken":0,"max_hp_gain":0,"max_hp_loss":0,"event_name":"The Cleric","floor":3,"gold_loss":50},{"damage_healed":0,"gold_gain":0,"player_choice":"Gave Potion","damage_taken":0,"relics_obtained":["Champion Belt"],"max_hp_gain":0,"max_hp_loss":0,"event_name":"WeMeetAgain","floor":5,"gold_loss":0},{"damage_healed":0,"gold_gain":0,"player_choice":"Ignored","damage_taken":0,"max_hp_gain":0,"max_hp_loss":0,"event_name":"Shining Light","floor":13,"gold_loss":0},{"damage_healed":0,"gold_gain":0,"player_choice":"Trade","damage_taken":0,"relics_obtained":["FaceOfCleric"],"max_hp_gain":0,"max_hp_loss":0,"event_name":"FaceTrader","floor":14,"gold_loss":0}],"is_beta":false,"boss_relics":[],"items_purged_floors":[],"is_endless":false,"potions_floor_spawned":[1,8,11],"killed_by":"Hexaghost","ascension_level":2}