{"gold_per_floor":[117,135,148,161,64,64,98,98,98,98,198,198],"floor_reached":12,"playtime":719,"items_purged":["Strike_B"],"score":78,"play_id":"8e6a143b-5563-422f-9b55-9e87883526f7","local_time":"20190709021824","is_ascension_mode":false,"campfire_choices":[{"data":"Tempest","floor":6,"key":"SMITH"},{"data":"Thunder Strike","floor":8,"key":"SMITH"}],"neow_cost":"NONE","seed_source_timestamp":1378802972343600,"circlet_count":0,"master_deck":["Strike_B","Strike_B","Strike_B","Defend_B","Defend_B","Defend_B","Defend_B","Zap","Dualcast","Go for the Eyes","Leap","Darkness","Go for the Eyes","Rip and Tear","Redo","Thunder Strike+1","Barrage","Tempest+1","Steam"],"relics":["Orrery","Happy Flower","Ornamental Fan"],"potions_floor_usage":[],"damage_taken":[{"damage":0,"enemies":"Small Slimes","floor":1,"turns":3},{"damage":2,"enemies":"2 Louse","floor":2,"turns":3},{"damage":0,"enemies":"Cultist","floor":3,"turns":4},{"damage":17,"enemies":"Exordium Thugs","floor":4,"turns":5},{"damage":26,"enemies":"3 Sentries","floor":7,"turns":7},{"damage":34,"enemies":"Gremlin Gang","floor":12,"turns":3}],"seed_played":"8280934585431294272","potions_obtained":[{"floor":1,"key":"Dexterity Potion"},{"floor":4,"key":"EntropicBrew"}],"is_trial":false,"path_per_floor":["M","M","M","M","$","R","E","R","T","?","?","M"],"character_chosen":"DEFECT","items_purchased":["Steam"],"campfire_rested":0,"item_purchase_floors":[5],"current_hp_per_floor":[75,73,73,56,56,56,30,30,30,30,30,0],"gold":198,"neow_bonus":"BOSS_RELIC","is_prod":false,"is_daily":false,"chose_seed":false,"campfire_upgraded":2,"win_rate":0.0,"timestamp":1562606304,"path_taken":["M","M","M","M","$","R","E","R","T","?","?","?"],"build_version":"2019-07-05","purchased_purges":1,"victory":false,"max_hp_per_floor":[75,75,75,75,75,75,75,75,75,75,75,75],"card_choices":[{"not_picked":["FTL","Leap"],"picked":"Go for the Eyes","floor":0},{"not_picked":["Scrape","Turbo"],"picked":"Leap","floor":0},{"not_picked":["Compile Driver","Steam"],"picked":"Darkness","floor":0},{"not_picked":["Coolheaded","Double Energy"],"picked":"Go for the Eyes","floor":0},{"not_picked":["Skim","Heatsinks"],"picked":"Rip and Tear","floor":0},{"not_picked":["Conserve Battery","Coolheaded"],"picked":"Redo","floor":1},{"not_picked":["Compile Driver","Steam"],"picked":"Thunder Strike","floor":2},{"not_picked":["Go for the Eyes","Storm"],"picked":"Barrage","floor":3},{"not_picked":["Reprogram","Melter"],"picked":"Tempest","floor":4},{"not_picked":["Cold Snap","Go for the Eyes","Streamline"],"picked":"SKIP","floor":7}],"player_experience":62601,"relics_obtained":[{"floor":7,"key":"Happy Flower"},{"floor":9,"key":"Ornamental Fan"}],"event_choices":[{"damage_healed":0,"gold_gain":0,"player_choice":"Ignored","damage_taken":0,"max_hp_gain":0,"max_hp_loss":0,"event_name":"Golden Idol","floor":10,"gold_loss":0},{"damage_healed":0,"gold_gain":100,"player_choice":"Pray","damage_taken":0,"max_hp_gain":0,"max_hp_loss":0,"event_name":"Golden Shrine","floor":11,"gold_loss":0}],"is_beta":false,"boss_relics":[],"items_purged_floors":[5],"is_endless":false,"potions_floor_spawned":[1,4],"killed_by":"Gremlin Gang","ascension_level":0}