{"gold_per_floor":[210,210,26,26,46,80,97,22,22,22,42,68,78,92,92,187,187,207,207,207,219,232,232,232],"floor_reached":24,"playtime":2304,"items_purged":["Strike_B"],"score":218,"play_id":"a5210465-132c-456c-9a09-aa9eee04ec4f","local_time":"20190624235217","is_ascension_mode":true,"campfire_choices":[{"floor":15,"key":"REST"},{"floor":23,"key":"REST"}],"neow_cost":"NONE","seed_source_timestamp":241474804262500,"circlet_count":0,"master_deck":["Strike_B","Strike_B","Defend_B","Defend_B","Defend_B","Zap","Dualcast","Undo","Sweeping Beam","Skim","Hologram","Sunder","Ball Lightning","Capacitor","Coolheaded+1","Seek+1","Gash+1","BootSequence+1","Ball Lightning"],"relics":["Cracked Core","Shuriken","PreservedInsect","Pen Nib","Mummified Hand","Toxic Egg 2","Mercury Hourglass","Empty Cage"],"potions_floor_usage":[12,16,21,22,22],"damage_taken":[{"damage":0,"enemies":"2 Louse","floor":1,"turns":2},{"damage":0,"enemies":"Cultist","floor":5,"turns":5},{"damage":13,"enemies":"3 Sentries","floor":6,"turns":5},{"damage":0,"enemies":"Small Slimes","floor":7,"turns":3},{"damage":7,"enemies":"3 Louse","floor":11,"turns":4},{"damage":18,"enemies":"Lagavulin","floor":12,"turns":6},{"damage":2,"enemies":"Looter","floor":13,"turns":3},{"damage":0,"enemies":"Large Slime","floor":14,"turns":3},{"damage":2,"enemies":"Slime Boss","floor":16,"turns":9},{"damage":30,"enemies":"2 Thieves","floor":18,"turns":4},{"damage":38,"enemies":"Colosseum Slavers","floor":19,"turns":3},{"damage":12,"enemies":"Spheric Guardian","floor":21,"turns":5},{"damage":16,"enemies":"Centurion and Healer","floor":22,"turns":3},{"damage":27,"enemies":"Shelled Parasite and Fungi","floor":24,"turns":7}],"seed_played":"440622644331310065","potions_obtained":[{"floor":5,"key":"Dexterity Potion"},{"floor":7,"key":"SteroidPotion"},{"floor":13,"key":"Fire Potion"},{"floor":14,"key":"Regen Potion"},{"floor":16,"key":"Strength Potion"}],"is_trial":false,"path_per_floor":["M","?","$","$","M","E","M","$","T","?","M","E","M","M","R","B",null,"M","?","?","M","M","R","M"],"character_chosen":"DEFECT","items_purchased":["PreservedInsect","Undo"],"campfire_rested":2,"item_purchase_floors":[3,3],"current_hp_per_floor":[75,75,75,75,75,62,62,62,62,44,37,19,17,17,39,52,75,45,7,32,20,4,26,0],"gold":232,"neow_bonus":"HUNDRED_GOLD","is_prod":false,"is_daily":false,"chose_seed":false,"campfire_upgraded":0,"win_rate":0,"timestamp":1561445537,"path_taken":["M","?","?","$","M","E","M","$","T","?","M","E","M","M","R","BOSS","M","?","?","M","M","R","M"],"build_version":"2019-01-23","purchased_purges":1,"victory":false,"max_hp_per_floor":[75,75,75,75,75,75,75,75,75,75,75,75,75,75,75,75,75,75,75,75,75,75,75,75],"card_choices":[{"not_picked":["Beam Cell","Cold Snap"],"picked":"Reinforced Body","floor":1},{"not_picked":["Storm","Coolheaded"],"picked":"Sweeping Beam","floor":5},{"not_picked":["Reprogram","Lockon"],"picked":"Skim","floor":6},{"not_picked":["Coolheaded","Stack"],"picked":"Hologram","floor":7},{"not_picked":["Leap+1","Undo+1"],"picked":"Sunder","floor":11},{"not_picked":["Rip and Tear","Leap+1"],"picked":"Ball Lightning","floor":12},{"not_picked":["Tempest+1","Barrage"],"picked":"Capacitor","floor":13},{"not_picked":["Capacitor","Compile Driver"],"picked":"Coolheaded+1","floor":14},{"not_picked":["Core Surge","Machine Learning"],"picked":"Seek+1","floor":16},{"not_picked":["Beam Cell","Go for the Eyes"],"picked":"Gash+1","floor":18},{"not_picked":["Skim+1","Heatsinks+1"],"picked":"BootSequence+1","floor":21},{"not_picked":["Steam+1","Tempest+1"],"picked":"Ball Lightning","floor":22}],"player_experience":94104,"relics_obtained":[{"floor":6,"key":"Pen Nib"},{"floor":9,"key":"Mummified Hand"},{"floor":12,"key":"Mercury Hourglass"}],"event_choices":[{"cards_removed":["Reinforced Body"],"damage_healed":0,"gold_gain":0,"player_choice":"Gave Card","damage_taken":0,"relics_obtained":["Shuriken"],"max_hp_gain":0,"max_hp_loss":0,"event_name":"WeMeetAgain","floor":2,"gold_loss":0},{"damage_healed":0,"gold_gain":0,"player_choice":"Success","damage_taken":18,"relics_obtained":["Toxic Egg 2"],"max_hp_gain":0,"max_hp_loss":0,"event_name":"Scrap Ooze","floor":10,"gold_loss":0},{"damage_healed":0,"gold_gain":0,"player_choice":"Fight","damage_taken":0,"max_hp_gain":0,"max_hp_loss":0,"event_name":"Colosseum","floor":19,"gold_loss":0},{"damage_healed":0,"gold_gain":0,"player_choice":"Fled From Nobs","damage_taken":0,"max_hp_gain":0,"max_hp_loss":0,"event_name":"Colosseum","floor":19,"gold_loss":0},{"damage_healed":25,"gold_gain":0,"player_choice":"Heal","damage_taken":0,"max_hp_gain":0,"max_hp_loss":0,"event_name":"The Library","floor":20,"gold_loss":0}],"is_beta":false,"boss_relics":[{"not_picked":["Ectoplasm","Pandora\u0027s Box"],"picked":"Empty Cage"}],"items_purged_floors":[8],"is_endless":false,"potions_floor_spawned":[5,7,13,14,16],"killed_by":"Shelled Parasite and Fungi","ascension_level":1}