{"gold_per_floor":[109,125,140,151,121,121,156,156,156,189,264,335,335,351,351,448,448,458,489,489,489,32,32,67,67,118,118,135,149,162,17,17,112,112,128,147,147,369,36,36,367,367,392,392,404,128,128,60,60,60],"floor_reached":51,"playtime":3051,"items_purged":["Strike_G","Strike_G","Normality"],"score":724,"play_id":"41f3785d-d04a-4563-b551-eb26762ff4db","local_time":"20190707154442","is_ascension_mode":false,"campfire_choices":[{"data":"Dash","floor":6,"key":"SMITH"},{"floor":8,"key":"REST"},{"floor":15,"key":"REST"},{"data":"Venomology","floor":23,"key":"SMITH"},{"floor":25,"key":"REST"},{"floor":32,"key":"REST"},{"data":"Madness","floor":40,"key":"SMITH"},{"data":"Venomology","floor":42,"key":"SMITH"},{"data":"Bullet Time","floor":44,"key":"SMITH"},{"floor":49,"key":"REST"}],"neow_cost":"CURSE","seed_source_timestamp":105056932531300,"circlet_count":0,"master_deck":["Strike_G","Strike_G+1","Strike_G+1","Defend_G","Defend_G","Defend_G","Defend_G","Defend_G","Survivor","Neutralize","Parasite","Well Laid Plans","Accuracy","Blur","Dash+1","Sucker Punch","Footwork","Dodge and Roll","Leg Sweep","Venomology+1","Distraction","Poisoned Stab+1","Venomology+1","PiercingWail","Parasite","Escape Plan","Deadly Poison+1","Noxious Fumes","Dash","Bullet Time+1","Madness+1","Madness","Calculated Gamble","PiercingWail+1","Parasite","Noxious Fumes"],"relics":["Ring of the Snake","Dead Branch","Centennial Puzzle","Vajra","Dodecahedron","Meat on the Bone","Cursed Key","Red Mask","MutagenicStrength","Gambling Chip","Torii","Sundial","PreservedInsect","Busted Crown","Boot","Old Coin","Whetstone","Happy Flower","Pocketwatch"],"potions_floor_usage":[7,16,19,19,24,24,28,28,29,29,30,30,33,33,35,36,41,41,45,45,50,50,50,50],"damage_taken":[{"damage":7,"enemies":"2 Louse","floor":1,"turns":3},{"damage":1,"enemies":"Jaw Worm","floor":2,"turns":5},{"damage":5,"enemies":"Small Slimes","floor":3,"turns":4},{"damage":4,"enemies":"Blue Slaver","floor":4,"turns":10},{"damage":5,"enemies":"Looter","floor":5,"turns":4},{"damage":16,"enemies":"3 Sentries","floor":7,"turns":9},{"damage":3,"enemies":"Lagavulin","floor":10,"turns":11},{"damage":0,"enemies":"3 Louse","floor":14,"turns":4},{"damage":31,"enemies":"Slime Boss","floor":16,"turns":17},{"damage":0,"enemies":"3 Byrds","floor":18,"turns":10},{"damage":39,"enemies":"Masked Bandits","floor":19,"turns":10},{"damage":39,"enemies":"Slavers","floor":24,"turns":9},{"damage":1,"enemies":"Chosen","floor":28,"turns":4},{"damage":2,"enemies":"Centurion and Healer","floor":29,"turns":6},{"damage":0,"enemies":"Snake Plant","floor":30,"turns":5},{"damage":32,"enemies":"Collector","floor":33,"turns":12},{"damage":0,"enemies":"3 Shapes","floor":35,"turns":7},{"damage":0,"enemies":"Orb Walker","floor":36,"turns":3},{"damage":1,"enemies":"Reptomancer","floor":41,"turns":6},{"damage":10,"enemies":"3 Darklings","floor":45,"turns":5},{"damage":30,"enemies":"Donu and Deca","floor":50,"turns":9}],"seed_played":"-6071594988889423033","potions_obtained":[{"floor":2,"key":"Weak Potion"},{"floor":3,"key":"FearPotion"},{"floor":10,"key":"SkillPotion"},{"floor":18,"key":"PowerPotion"},{"floor":24,"key":"EssenceOfSteel"},{"floor":35,"key":"GhostInAJar"}],"is_trial":false,"path_per_floor":["M","M","M","M","M","R","E","R","T","E","?","?","?","M","R","B",null,"M","?","?","?","$","R","E","R","T","?","M","M","M","$","R","B",null,"M","M","?","?","$","R","E","R","T","R","M","$","T","$","R","B",null],"character_chosen":"THE_SILENT","items_purchased":["Torii","Venomology","Noxious Fumes","Dash","Boot","Calculated Gamble","Happy Flower","Noxious Fumes"],"campfire_rested":5,"item_purchase_floors":[22,22,31,31,39,39,46,48],"current_hp_per_floor":[63,62,57,53,48,48,32,53,53,50,39,39,39,39,60,41,70,70,43,43,43,43,43,16,37,37,37,36,46,46,46,67,47,70,70,70,61,61,61,61,60,60,60,60,50,50,50,50,70,40],"gold":60,"neow_bonus":"ONE_RARE_RELIC","is_prod":false,"is_daily":false,"chose_seed":false,"campfire_upgraded":5,"win_rate":0,"timestamp":1562532282,"path_taken":["M","M","M","M","M","R","E","R","T","E","?","?","?","M","R","BOSS","M","?","?","?","$","R","E","R","T","?","M","M","M","$","R","BOSS","M","M","?","?","?","R","E","R","T","R","M","$","?","$","R","BOSS"],"build_version":"2019-07-05","purchased_purges":3,"victory":true,"max_hp_per_floor":[70,70,70,70,70,70,70,70,70,70,70,70,70,70,70,70,70,70,70,70,70,70,70,70,70,70,70,70,70,70,70,70,70,70,70,70,70,70,70,70,70,70,70,70,70,70,70,70,70,70],"card_choices":[{"not_picked":["Terror","Prepared"],"picked":"Well Laid Plans","floor":1},{"not_picked":["Flying Knee","Sucker Punch"],"picked":"Accuracy","floor":2},{"not_picked":["Riddle With Holes","Escape Plan"],"picked":"Blur","floor":3},{"not_picked":["Acrobatics","Blur"],"picked":"Dash","floor":4},{"not_picked":["Backflip","Poisoned Stab"],"picked":"Sucker Punch","floor":5},{"not_picked":["Dagger Throw","A Thousand Cuts"],"picked":"Footwork","floor":7},{"not_picked":["Sucker Punch","Dagger Throw"],"picked":"Dodge and Roll","floor":10},{"not_picked":["Flying Knee","Underhanded Strike"],"picked":"Leg Sweep","floor":14},{"not_picked":["Die Die Die","Corpse Explosion"],"picked":"Venomology","floor":16},{"not_picked":["Backflip+1","Leg Sweep"],"picked":"Distraction","floor":18},{"not_picked":["Prepared+1","Deflect+1"],"picked":"Poisoned Stab+1","floor":19},{"not_picked":["Heel Hook+1","Caltrops"],"picked":"PiercingWail","floor":24},{"not_picked":["Tactician+1","Bane","Masterful Stab+1"],"picked":"SKIP","floor":28},{"not_picked":["Outmaneuver+1","Acrobatics"],"picked":"Escape Plan","floor":29},{"not_picked":["Finisher","Catalyst"],"picked":"Deadly Poison+1","floor":30},{"not_picked":["Tools of the Trade","Envenom"],"picked":"Bullet Time","floor":33},{"not_picked":["Predator"],"picked":"SKIP","floor":35},{"not_picked":["Bane+1"],"picked":"SKIP","floor":36},{"not_picked":["All Out Attack"],"picked":"SKIP","floor":41},{"not_picked":[],"picked":"PiercingWail+1","floor":45}],"player_experience":289991,"relics_obtained":[{"floor":7,"key":"Centennial Puzzle"},{"floor":9,"key":"Vajra"},{"floor":10,"key":"Dodecahedron"},{"floor":19,"key":"Red Mask"},{"floor":24,"key":"Sundial"},{"floor":26,"key":"PreservedInsect"},{"floor":41,"key":"Old Coin"},{"floor":43,"key":"Whetstone"},{"floor":47,"key":"Pocketwatch"}],"event_choices":[{"damage_healed":0,"gold_gain":75,"player_choice":"Gather Gold","damage_taken":11,"max_hp_gain":0,"max_hp_loss":0,"event_name":"World of Goop","floor":11,"gold_loss":0},{"damage_healed":0,"gold_gain":71,"player_choice":"Gained Gold","damage_taken":0,"max_hp_gain":0,"max_hp_loss":0,"event_name":"Golden Wing","floor":12,"gold_loss":0},{"damage_healed":0,"gold_gain":0,"player_choice":"Searched \u00272\u0027 times","damage_taken":0,"relics_obtained":["Meat on the Bone"],"max_hp_gain":0,"max_hp_loss":0,"event_name":"Dead Adventurer","floor":13,"gold_loss":0},{"damage_healed":0,"gold_gain":0,"player_choice":"Fought Bandits","damage_taken":0,"max_hp_gain":0,"max_hp_loss":0,"event_name":"Masked Bandits","floor":19,"gold_loss":0},{"damage_healed":0,"gold_gain":0,"player_choice":"Inject Mutagens","damage_taken":0,"relics_obtained":["MutagenicStrength"],"max_hp_gain":0,"max_hp_loss":0,"event_name":"Drug Dealer","floor":20,"gold_loss":0},{"damage_healed":0,"gold_gain":0,"player_choice":"Opened","damage_taken":0,"relics_obtained":["Gambling Chip"],"max_hp_gain":0,"max_hp_loss":0,"event_name":"The Mausoleum","floor":21,"gold_loss":0},{"damage_healed":0,"gold_gain":0,"player_choice":"Ignored","damage_taken":0,"max_hp_gain":0,"max_hp_loss":0,"event_name":"NoteForYourself","floor":27,"gold_loss":0},{"damage_healed":0,"gold_gain":0,"player_choice":"Embrace Madness","damage_taken":9,"max_hp_gain":0,"max_hp_loss":0,"event_name":"Winding Halls","floor":37,"gold_loss":0,"cards_obtained":["Madness","Madness"]},{"damage_healed":0,"gold_gain":222,"player_choice":"Wore Mask","damage_taken":0,"max_hp_gain":0,"max_hp_loss":0,"event_name":"Tomb of Lord Red Mask","floor":38,"gold_loss":0}],"is_beta":false,"boss_relics":[{"not_picked":["Astrolabe","Lizard Tail"],"picked":"Cursed Key"},{"not_picked":["Coffee Dripper","Eternal Feather"],"picked":"Busted Crown"}],"items_purged_floors":[22,39,46],"is_endless":false,"potions_floor_spawned":[2,3,10,18,24,35,41],"ascension_level":0}