{"gold_per_floor":[119,119,135,152,171,201,55,55,102,102,102,102,102,277,277,379,379,392,272,289,299,327,358,358,372,372,372,386,397,397,407,407,503,503,523,230,241,241,341,341,369,395,407,196,209,209,222,222,222,222],"floor_reached":51,"playtime":4593,"items_purged":["Regret","Normality","Decay"],"score":772,"play_id":"dcf8b352-0443-40e0-9d63-842561bbd179","local_time":"20190328184523","daily_mods":["SealedDeck"],"is_ascension_mode":false,"campfire_choices":[{"data":"Streamline","floor":8,"key":"SMITH"},{"data":"Loop","floor":11,"key":"SMITH"},{"data":"Chaos","floor":13,"key":"SMITH"},{"data":"Darkness","floor":15,"key":"SMITH"},{"data":"Machine Learning","floor":24,"key":"SMITH"},{"data":"Redo","floor":27,"key":"SMITH"},{"data":"Creative AI","floor":32,"key":"SMITH"},{"floor":40,"key":"REST"},{"floor":49,"key":"REST"}],"neow_cost":"","seed_source_timestamp":1465716880769446,"circlet_count":0,"master_deck":["Darkness+1","Coolheaded+1","Loop+1","Coolheaded+1","Chaos+1","Coolheaded+1","Ball Lightning+1","Chill+1","Go for the Eyes+1","Chill+1","Streamline+1","Capacitor+1","Doubt","Machine Learning+1","Clumsy","Redo+1","BootSequence+1","Capacitor+1","Ball Lightning+1","Self Repair+1","Creative AI+1","Electrodynamics+1","Recycle+1","Blind+1","Steam+1"],"relics":["Cracked Core","Darkstone Periapt","Centennial Puzzle","Bag of Preparation","Anchor","Boot","Calling Bell","Regal Pillow","Mercury Hourglass","Dead Branch","Red Mask","Potion Belt","Thread and Needle","Fusion Hammer","Lee\u0027s Waffle","MawBank","Strawberry","Mark of the Bloom","SsserpentHead"],"potions_floor_usage":[16,23,31,41,41,42,50],"damage_taken":[{"damage":2,"enemies":"Jaw Worm","floor":1,"turns":3},{"damage":0,"enemies":"2 Louse","floor":3,"turns":2},{"damage":0,"enemies":"Cultist","floor":4,"turns":3},{"damage":0,"enemies":"2 Fungi Beasts","floor":5,"turns":3},{"damage":12,"enemies":"Gremlin Nob","floor":6,"turns":6},{"damage":22,"enemies":"Hexaghost","floor":16,"turns":8},{"damage":3,"enemies":"Chosen","floor":18,"turns":4},{"damage":5,"enemies":"2 Thieves","floor":20,"turns":4},{"damage":2,"enemies":"Cultist and Chosen","floor":21,"turns":5},{"damage":21,"enemies":"Masked Bandits","floor":22,"turns":6},{"damage":0,"enemies":"Gremlin Leader","floor":23,"turns":7},{"damage":0,"enemies":"Centurion and Healer","floor":25,"turns":7},{"damage":1,"enemies":"Shelled Parasite and Fungi","floor":28,"turns":7},{"damage":0,"enemies":"3 Cultists","floor":29,"turns":7},{"damage":4,"enemies":"Sentry and Sphere","floor":31,"turns":5},{"damage":32,"enemies":"Automaton","floor":33,"turns":10},{"damage":30,"enemies":"3 Darklings","floor":35,"turns":4},{"damage":0,"enemies":"Orb Walker","floor":37,"turns":5},{"damage":0,"enemies":"Giant Head","floor":41,"turns":8},{"damage":5,"enemies":"Spire Growth","floor":42,"turns":6},{"damage":17,"enemies":"Maw","floor":45,"turns":9},{"damage":11,"enemies":"3 Darklings","floor":47,"turns":4},{"damage":58,"enemies":"Awakened One","floor":50,"turns":13}],"seed_played":"-5764224992787897317","potions_obtained":[{"floor":5,"key":"SteroidPotion"},{"floor":6,"key":"Block Potion"},{"floor":16,"key":"EssenceOfSteel"},{"floor":20,"key":"Fire Potion"},{"floor":23,"key":"Weak Potion"},{"floor":25,"key":"GamblersBrew"},{"floor":29,"key":"Weak Potion"},{"floor":31,"key":"SkillPotion"},{"floor":42,"key":"SteroidPotion"},{"floor":47,"key":"Dexterity Potion"}],"is_trial":true,"path_per_floor":["M","?","M","M","M","E","$","R","T","?","R","T","R","?","R","B",null,"M","$","M","M","?","E","R","M","T","R","M","M","?","M","R","B",null,"M","$","M","?","?","R","E","M","T","$","M","?","M","?","R","B",null],"character_chosen":"DEFECT","items_purchased":["Bag of Preparation","Redo","Lee\u0027s Waffle","Blind"],"campfire_rested":2,"item_purchase_floors":[7,19,36,44],"current_hp_per_floor":[73,55,55,55,55,43,43,43,43,43,43,43,43,49,49,27,99,96,96,91,89,68,68,68,68,68,68,74,81,87,83,83,58,105,75,112,112,112,112,112,112,107,114,114,104,104,93,93,93,35],"gold":222,"neow_bonus":"","is_prod":false,"is_daily":false,"chose_seed":false,"campfire_upgraded":7,"win_rate":0,"timestamp":1553798723,"path_taken":["M","?","M","M","M","E","$","R","T","?","R","?","R","?","R","BOSS","M","$","M","M","?","E","R","M","T","R","M","M","?","?","R","BOSS","M","$","M","?","?","R","E","M","T","$","?","?","M","?","R","BOSS"],"build_version":"2019-01-23","purchased_purges":3,"victory":true,"max_hp_per_floor":[75,75,75,75,75,75,75,75,75,75,75,75,75,81,81,81,99,99,99,99,99,99,99,99,99,99,99,99,99,105,105,105,105,105,105,112,112,112,112,112,112,112,119,119,119,119,119,119,119,119],"card_choices":[{"not_picked":["Go for the Eyes","Conserve Battery"],"picked":"Chill","floor":1},{"not_picked":["Compile Driver","Stack","Recycle"],"picked":"SKIP","floor":3},{"not_picked":["Hologram","Stack"],"picked":"Streamline","floor":4},{"not_picked":["Leap","Steam"],"picked":"Capacitor","floor":5},{"not_picked":["Go for the Eyes","Streamline","Coolheaded"],"picked":"SKIP","floor":6},{"not_picked":["Thunder Strike","Seek"],"picked":"Machine Learning","floor":16},{"not_picked":["Stack","Go for the Eyes+1","Lockon+1"],"picked":"SKIP","floor":18},{"not_picked":["Redo","Sweeping Beam"],"picked":"BootSequence","floor":20},{"not_picked":["Barrage","Hello World"],"picked":"Capacitor+1","floor":21},{"not_picked":["Reinforced Body","Steam"],"picked":"Ball Lightning+1","floor":22},{"not_picked":["Go for the Eyes","Compile Driver","Beam Cell+1"],"picked":"SKIP","floor":23},{"not_picked":["Rebound","Skim"],"picked":"Self Repair","floor":25},{"not_picked":["Scrape","Skim+1","Double Energy"],"picked":"SKIP","floor":28},{"not_picked":["Reinforced Body+1","Compile Driver"],"picked":"Creative AI","floor":29},{"not_picked":["Rebound","Stack","Loop"],"picked":"SKIP","floor":31},{"not_picked":["Thunder Strike","Seek"],"picked":"Electrodynamics","floor":33},{"not_picked":["Leap","Conserve Battery+1","Hello World"],"picked":"SKIP","floor":35},{"not_picked":["Double Energy","Doom and Gloom+1","Aggregate"],"picked":"SKIP","floor":37},{"not_picked":["Beam Cell+1","Stack+1","Streamline"],"picked":"SKIP","floor":41},{"not_picked":["Reboot","Chaos"],"picked":"Recycle+1","floor":42},{"not_picked":["Darkness","White Noise","Coolheaded+1"],"picked":"SKIP","floor":45},{"not_picked":["Sweeping Beam+1","Coolheaded+1"],"picked":"Steam+1","floor":47}],"player_experience":1660248,"relics_obtained":[{"floor":6,"key":"Centennial Puzzle"},{"floor":9,"key":"Anchor"},{"floor":12,"key":"Boot"},{"floor":17,"key":"Regal Pillow"},{"floor":17,"key":"Mercury Hourglass"},{"floor":17,"key":"Dead Branch"},{"floor":22,"key":"Red Mask"},{"floor":23,"key":"Potion Belt"},{"floor":26,"key":"Thread and Needle"},{"floor":41,"key":"MawBank"},{"floor":43,"key":"Strawberry"}],"event_choices":[{"damage_healed":0,"gold_gain":0,"player_choice":"Success","damage_taken":18,"relics_obtained":["Darkstone Periapt"],"max_hp_gain":0,"max_hp_loss":0,"event_name":"Scrap Ooze","floor":2,"gold_loss":0},{"damage_healed":0,"gold_gain":0,"player_choice":"Leave","damage_taken":0,"max_hp_gain":0,"max_hp_loss":0,"event_name":"The Cleric","floor":10,"gold_loss":0},{"damage_healed":0,"gold_gain":175,"player_choice":"AGREE","damage_taken":0,"max_hp_gain":0,"max_hp_loss":0,"event_name":"Liars Game","floor":14,"gold_loss":0,"cards_obtained":["Doubt"]},{"damage_healed":0,"gold_gain":0,"player_choice":"Fought Bandits","damage_taken":0,"max_hp_gain":0,"max_hp_loss":0,"event_name":"Masked Bandits","floor":22,"gold_loss":0},{"damage_healed":0,"gold_gain":0,"player_choice":"Smashed Altar","damage_taken":0,"max_hp_gain":0,"max_hp_loss":0,"event_name":"Forgotten Altar","floor":30,"gold_loss":0,"cards_obtained":["Decay"]},{"cards_removed":["Steam"],"damage_healed":0,"gold_gain":0,"player_choice":"Removed Skill","damage_taken":0,"max_hp_gain":0,"max_hp_loss":0,"event_name":"Falling","floor":38,"gold_loss":0},{"damage_healed":0,"gold_gain":100,"player_choice":"Pray","damage_taken":0,"max_hp_gain":0,"max_hp_loss":0,"event_name":"Golden Shrine","floor":39,"gold_loss":0},{"damage_healed":0,"gold_gain":0,"player_choice":"Upgrade","damage_taken":0,"relics_obtained":["Mark of the Bloom"],"max_hp_gain":0,"max_hp_loss":0,"event_name":"MindBloom","floor":46,"gold_loss":0,"cards_upgraded":["Coolheaded","Coolheaded","Coolheaded","Ball Lightning","Chill","Go for the Eyes","Chill","Capacitor","BootSequence","Self Repair","Electrodynamics","Blind"]},{"damage_healed":0,"gold_gain":0,"player_choice":"Trade","damage_taken":0,"relics_obtained":["SsserpentHead"],"max_hp_gain":0,"max_hp_loss":0,"event_name":"FaceTrader","floor":48,"gold_loss":0}],"is_beta":false,"boss_relics":[{"not_picked":["Eternal Feather","FrozenCore"],"picked":"Calling Bell"},{"not_picked":["Runic Dome","White Beast Statue"],"picked":"Fusion Hammer"}],"items_purged_floors":[19,36,44],"is_endless":false,"potions_floor_spawned":[5,6,16,20,23,25,29,31,37,42,47],"ascension_level":0}