{"gold_per_floor":[117,117,130,40,40,72,83,103,103,122,122,135,154,154,154,252,252,266,281,293,27,46,46,79,90,90,107,117,127,127,42,42,42],"floor_reached":33,"playtime":3138,"items_purged":[],"score":325,"play_id":"6bb3bf30-de89-4e18-b4bc-a17969afbe89","local_time":"20190618215959","is_ascension_mode":false,"campfire_choices":[{"floor":11,"key":"REST"},{"data":"Dramatic Entrance","floor":15,"key":"SMITH"},{"floor":23,"key":"REST"},{"floor":30,"key":"REST"},{"floor":32,"key":"REST"}],"neow_cost":"NONE","seed_source_timestamp":21600400444800,"circlet_count":0,"master_deck":["Strike_R","Strike_R","Strike_R","Strike_R","Strike_R","Defend_R","Defend_R","Defend_R","Defend_R","Bash","Shockwave","Anger","Dramatic Entrance+1","Pummel","Cleave","Disarm","Clash","Blood for Blood","Body Slam","Double Tap","Warcry","Corruption","Entrench","Metamorphosis","Good Instincts","Shrug It Off","Entrench+1","Battle Trance","Shrug It Off","Dual Wield+1","Armaments"],"relics":["Burning Blood","NeowsBlessing","Oddly Smooth Stone","Ornamental Fan","Strawberry","Pear","Velvet Choker","Meat on the Bone","Mercury Hourglass","Calipers"],"potions_floor_usage":[28,33,33],"damage_taken":[{"damage":0,"enemies":"Cultist","floor":1,"turns":1},{"damage":0,"enemies":"Small Slimes","floor":3,"turns":1},{"damage":0,"enemies":"Lagavulin","floor":6,"turns":1},{"damage":4,"enemies":"Jaw Worm","floor":7,"turns":2},{"damage":17,"enemies":"Large Slime","floor":8,"turns":7},{"damage":11,"enemies":"Exordium Thugs","floor":10,"turns":4},{"damage":1,"enemies":"Looter","floor":12,"turns":2},{"damage":4,"enemies":"3 Louse","floor":13,"turns":3},{"damage":48,"enemies":"The Guardian","floor":16,"turns":10},{"damage":10,"enemies":"Shell Parasite","floor":18,"turns":4},{"damage":8,"enemies":"3 Byrds","floor":19,"turns":6},{"damage":15,"enemies":"Centurion and Healer","floor":20,"turns":5},{"damage":20,"enemies":"Snake Plant","floor":22,"turns":5},{"damage":33,"enemies":"Slavers","floor":24,"turns":6},{"damage":22,"enemies":"Shelled Parasite and Fungi","floor":25,"turns":6},{"damage":10,"enemies":"Centurion and Healer","floor":27,"turns":6},{"damage":14,"enemies":"Cultist and Chosen","floor":28,"turns":7},{"damage":36,"enemies":"Snecko","floor":29,"turns":6},{"damage":110,"enemies":"Champ","floor":33,"turns":15}],"seed_played":"5025254126171478363","potions_obtained":[{"floor":6,"key":"SneckoOil"},{"floor":7,"key":"SmokeBomb"},{"floor":22,"key":"GamblersBrew"},{"floor":24,"key":"Poison Potion"},{"floor":28,"key":"SpeedPotion"}],"is_trial":false,"path_per_floor":["?","?","M","?","?"],"character_chosen":"IRONCLAD","items_purchased":["Dramatic Entrance","Metamorphosis","Good Instincts"],"campfire_rested":4,"item_purchase_floors":[4,21,21],"current_hp_per_floor":[80,73,79,79,79,80,80,69,76,71,87,87,87,97,97,55,97,93,91,82,82,68,97,70,66,66,62,66,48,77,77,97,0],"gold":42,"neow_bonus":"THREE_ENEMY_KILL","is_prod":false,"is_daily":false,"chose_seed":false,"campfire_upgraded":1,"win_rate":0.0,"timestamp":1560920399,"path_taken":["M","?","M","$","?","E","M","?","T","M","R","M","M","?","R","BOSS","M","M","M","$","M","R","E","M","T","M","M","M","R","?","R","BOSS"],"build_version":"2019-01-23","purchased_purges":0,"victory":false,"max_hp_per_floor":[80,80,80,80,80,80,80,80,87,87,87,87,87,97,97,97,97,97,97,97,97,97,97,97,97,97,97,97,97,97,97,97,97],"card_choices":[{"not_picked":["Anger","Clothesline"],"picked":"Shockwave","floor":1},{"not_picked":["True Grit","Armaments"],"picked":"Anger","floor":3},{"not_picked":["Seeing Red","Burning Pact"],"picked":"Pummel","floor":6},{"not_picked":["Shrug It Off","Perfected Strike"],"picked":"Cleave","floor":7},{"not_picked":["Thunderclap","Hemokinesis"],"picked":"Disarm","floor":8},{"not_picked":["Iron Wave","Shrug It Off"],"picked":"Clash","floor":10},{"not_picked":["Flex","Perfected Strike"],"picked":"Blood for Blood","floor":12},{"not_picked":["Cleave","True Grit"],"picked":"Body Slam","floor":13},{"not_picked":["Bludgeon","Offering"],"picked":"Double Tap","floor":16},{"not_picked":["Cleave","Pommel Strike"],"picked":"Warcry","floor":18},{"not_picked":["Iron Wave","Anger+1"],"picked":"Corruption","floor":19},{"not_picked":["Clash","Brutality"],"picked":"Entrench","floor":20},{"not_picked":["Cleave","Anger"],"picked":"Shrug It Off","floor":22},{"not_picked":["Reaper","Feel No Pain"],"picked":"Entrench+1","floor":24},{"not_picked":["Second Wind","Disarm"],"picked":"Battle Trance","floor":25},{"not_picked":["Twin Strike","Reckless Charge+1"],"picked":"Shrug It Off","floor":27},{"not_picked":["Bloodletting+1","Seeing Red"],"picked":"Dual Wield+1","floor":28},{"not_picked":["Thunderclap","Sword Boomerang"],"picked":"Armaments","floor":29}],"player_experience":993,"relics_obtained":[{"floor":6,"key":"Ornamental Fan"},{"floor":9,"key":"Strawberry"},{"floor":24,"key":"Meat on the Bone"},{"floor":26,"key":"Mercury Hourglass"}],"event_choices":[{"damage_healed":0,"gold_gain":0,"player_choice":"Success","damage_taken":7,"relics_obtained":["Oddly Smooth Stone"],"max_hp_gain":0,"max_hp_loss":0,"event_name":"Scrap Ooze","floor":2,"gold_loss":0},{"damage_healed":0,"gold_gain":0,"player_choice":"Ignored","damage_taken":0,"max_hp_gain":0,"max_hp_loss":0,"event_name":"Liars Game","floor":5,"gold_loss":0},{"damage_healed":0,"gold_gain":0,"player_choice":"Gave Potion","damage_taken":0,"relics_obtained":["Pear"],"max_hp_gain":0,"max_hp_loss":0,"event_name":"WeMeetAgain","floor":14,"gold_loss":0},{"damage_healed":0,"gold_gain":0,"player_choice":"Obtained Relic","damage_taken":0,"relics_obtained":["Calipers"],"max_hp_gain":0,"max_hp_loss":0,"event_name":"Addict","floor":31,"gold_loss":85}],"is_beta":false,"boss_relics":[{"not_picked":["Lizard Tail","Sozu"],"picked":"Velvet Choker"}],"items_purged_floors":[],"is_endless":false,"potions_floor_spawned":[6,7,22,24,28],"killed_by":"Champ","ascension_level":0}