{"gold_per_floor":[114,114,129,144,144,144,144,174,174,204,219,219,219,249,249,349,349,364,364,379,379,294,324,324,354,354,384,220,550,565,147,147,247,247,262,262,277,292,292,322,322,352,377,377,103,133,4,19,19,19],"floor_reached":51,"playtime":4534,"items_purged":["Regret","Parasite","Shame"],"score":827,"play_id":"ea420e27-458a-444b-a318-b627a59715b5","local_time":"20190412233421","daily_mods":["Insanity","Red Cards","Elite Swarm"],"is_ascension_mode":false,"campfire_choices":[{"data":"Chill","floor":6,"key":"SMITH"},{"floor":13,"key":"REST"},{"floor":15,"key":"REST"},{"data":"Tempest","floor":24,"key":"SMITH"},{"floor":32,"key":"REST"},{"floor":41,"key":"REST"},{"floor":44,"key":"REST"},{"floor":49,"key":"REST"}],"neow_cost":"","seed_source_timestamp":0,"circlet_count":0,"master_deck":["Ball Lightning","Sword Boomerang","Perfected Strike","Heavy Blade","Self Repair","Heavy Blade","Heatsinks","Defragment+1","Clothesline","Darkness","Shrug It Off","Turbo","Tempest+1","Anger","Sword Boomerang","Iron Wave","Clothesline","Searing Blow","Capacitor","Flame Barrier","Coolheaded","White Noise","Twin Strike","Clash","Go for the Eyes","Streamline","Cleave","Streamline","Stack","Cleave","Uppercut","Coolheaded","Steam","True Grit","Wild Strike","Stack","Blood for Blood","Sword Boomerang","Pommel Strike","Rage","Feel No Pain","Warcry","Pommel Strike","Scrape","Barrage","Disarm","Twin Strike+1","Skim","Clothesline","Chill+1","Leap","Stack","Electrodynamics","Electrodynamics","Reboot","Rainbow","Aggregate","Seek","Reboot","Fission","Discovery","Seek","Conserve Battery","Corruption","Reaper","Dropkick+1","Metallicize+1","Perfected Strike","Biased Cognition","Thunder Strike","Enlightenment","Buffer","Loop","Metallicize+1"],"special_seed":17998,"relics":["Cracked Core","Question Card","Singing Bowl","Lantern","PreservedInsect","Cables","Cursed Key","Potion Belt","Sundial","Kunai","Mummified Hand","Oddly Smooth Stone","Old Coin","Bottled Flame","Velvet Choker","Bird Faced Urn","The Courier","Bag of Preparation","Shuriken","Gremlin Horn"],"potions_floor_usage":[23,27,29,33,38,40,46,46,48,50,50,50],"damage_taken":[{"damage":0,"enemies":"Jaw Worm","floor":1,"turns":2},{"damage":0,"enemies":"Small Slimes","floor":3,"turns":2},{"damage":0,"enemies":"2 Louse","floor":4,"turns":2},{"damage":20,"enemies":"Lagavulin","floor":8,"turns":5},{"damage":1,"enemies":"3 Sentries","floor":10,"turns":5},{"damage":2,"enemies":"Exordium Wildlife","floor":11,"turns":4},{"damage":5,"enemies":"Lagavulin","floor":14,"turns":5},{"damage":20,"enemies":"Slime Boss","floor":16,"turns":6},{"damage":0,"enemies":"Spheric Guardian","floor":18,"turns":2},{"damage":0,"enemies":"3 Byrds","floor":20,"turns":4},{"damage":11,"enemies":"Book of Stabbing","floor":23,"turns":4},{"damage":12,"enemies":"Gremlin Leader","floor":25,"turns":4},{"damage":9,"enemies":"Book of Stabbing","floor":27,"turns":4},{"damage":5,"enemies":"Gremlin Leader","floor":29,"turns":4},{"damage":12,"enemies":"Snake Plant","floor":30,"turns":4},{"damage":17,"enemies":"Collector","floor":33,"turns":7},{"damage":0,"enemies":"3 Shapes","floor":35,"turns":2},{"damage":11,"enemies":"3 Darklings","floor":37,"turns":5},{"damage":9,"enemies":"Spire Growth","floor":38,"turns":4},{"damage":14,"enemies":"Giant Head","floor":40,"turns":7},{"damage":45,"enemies":"Reptomancer","floor":42,"turns":5},{"damage":21,"enemies":"Giant Head","floor":46,"turns":6},{"damage":14,"enemies":"Transient","floor":48,"turns":5},{"damage":72,"enemies":"Awakened One","floor":50,"turns":15}],"seed_played":"7783280218717275473","potions_obtained":[{"floor":8,"key":"Block Potion"},{"floor":16,"key":"Explosive Potion"},{"floor":20,"key":"Strength Potion"},{"floor":23,"key":"Swift Potion"},{"floor":29,"key":"Regen Potion"},{"floor":30,"key":"Swift Potion"},{"floor":33,"key":"SneckoOil"},{"floor":37,"key":"EntropicBrew"},{"floor":40,"key":"Swift Potion"},{"floor":46,"key":"Fruit Juice"}],"is_trial":false,"path_per_floor":["M","$","M","M","$","R","?","E","T","E","M","?","R","E","R","B",null,"M","$","M","?","?","E","R","E","T","E","$","E","M","$","R","B",null,"M","?","M","M","?","E","R","E","T","R","$","E","$","M","R","B",null],"character_chosen":"DEFECT","items_purchased":["Discovery","Bottled Flame","Corruption","Shuriken","Enlightenment","Loop"],"campfire_rested":6,"item_purchase_floors":[28,31,31,45,45,47],"current_hp_per_floor":[75,75,75,75,75,75,60,40,40,48,46,46,69,64,77,57,77,79,79,79,79,79,68,68,56,56,47,47,49,37,37,59,64,76,76,76,65,63,63,56,76,37,37,59,59,66,66,58,81,16],"gold":19,"neow_bonus":"","is_prod":false,"is_daily":true,"chose_seed":false,"campfire_upgraded":2,"win_rate":0,"timestamp":1555108461,"path_taken":["M","$","M","M","$","R","?","E","T","E","M","?","R","E","R","BOSS","M","$","M","?","?","E","R","E","T","E","$","E","M","$","R","BOSS","M","?","M","M","?","E","R","E","T","R","$","E","$","M","R","BOSS"],"build_version":"2019-01-23","purchased_purges":3,"victory":true,"max_hp_per_floor":[75,75,75,75,75,75,75,75,75,77,77,77,77,77,77,77,77,79,79,79,79,79,79,79,79,79,79,79,79,79,76,76,76,76,76,76,76,76,76,76,76,76,76,76,76,81,81,81,81,81],"card_choices":[{"not_picked":["Beam Cell","Thunderclap"],"picked":"Chill","floor":1},{"not_picked":["Havoc","Thunderclap"],"picked":"Leap","floor":3},{"not_picked":["Leap","Rage"],"picked":"Stack","floor":4},{"not_picked":["Brutality","Feed"],"picked":"Electrodynamics","floor":8},{"not_picked":["Echo Form","Fiend Fire","Thunder Strike","Immolate"],"picked":"Singing Bowl","floor":10},{"not_picked":["Barrage","Gash","Rebound"],"picked":"Electrodynamics","floor":11},{"not_picked":["Echo Form","Meteor Strike","Brutality"],"picked":"Reboot","floor":14},{"not_picked":["Multi-Cast","All For One","Biased Cognition"],"picked":"Rainbow","floor":16},{"not_picked":["Sever Soul+1","Havoc","Body Slam","Go for the Eyes"],"picked":"Singing Bowl","floor":18},{"not_picked":["Cold Snap","Thunderclap","Recycle+1"],"picked":"Aggregate","floor":20},{"not_picked":["Juggernaut","Meteor Strike","Echo Form"],"picked":"Seek","floor":23},{"not_picked":["Bludgeon","Limit Break","Multi-Cast"],"picked":"Reboot","floor":25},{"not_picked":["Dark Embrace","Feed","Offering"],"picked":"Fission","floor":27},{"not_picked":["Limit Break","Double Tap","Bludgeon"],"picked":"Seek","floor":29},{"not_picked":["Pommel Strike","Turbo","Compile Driver"],"picked":"Conserve Battery","floor":30},{"not_picked":["Juggernaut","Seek","Rainbow"],"picked":"Reaper","floor":33},{"not_picked":["Gash+1","Steam+1","Bloodletting+1"],"picked":"Dropkick+1","floor":35},{"not_picked":["Feel No Pain","Clash+1","Compile Driver"],"picked":"Metallicize+1","floor":37},{"not_picked":["Searing Blow+1","Warcry+1","Clothesline+1"],"picked":"Perfected Strike","floor":38},{"not_picked":["Feed","Fiend Fire","Juggernaut"],"picked":"Biased Cognition","floor":40},{"not_picked":["Amplify","Brutality","Feed"],"picked":"Thunder Strike","floor":42},{"not_picked":["Feed","Amplify","Hyperbeam"],"picked":"Buffer","floor":46},{"not_picked":["Compile Driver","Shrug It Off","Leap+1"],"picked":"Metallicize+1","floor":48}],"player_experience":160974,"relics_obtained":[{"floor":8,"key":"Question Card"},{"floor":9,"key":"Singing Bowl"},{"floor":10,"key":"Lantern"},{"floor":14,"key":"Cables"},{"floor":23,"key":"Sundial"},{"floor":25,"key":"Kunai"},{"floor":26,"key":"Mummified Hand"},{"floor":27,"key":"Oddly Smooth Stone"},{"floor":29,"key":"Old Coin"},{"floor":40,"key":"Bird Faced Urn"},{"floor":42,"key":"The Courier"},{"floor":43,"key":"Bag of Preparation"},{"floor":46,"key":"Gremlin Horn"}],"event_choices":[{"damage_healed":0,"gold_gain":0,"player_choice":"Entered Light","damage_taken":15,"max_hp_gain":0,"max_hp_loss":0,"event_name":"Shining Light","floor":7,"gold_loss":0,"cards_upgraded":["Twin Strike","Defragment"]},{"damage_healed":0,"gold_gain":0,"player_choice":"Box","damage_taken":0,"relics_obtained":["PreservedInsect"],"max_hp_gain":0,"max_hp_loss":0,"event_name":"Big Fish","floor":12,"gold_loss":0,"cards_obtained":["Regret"]},{"damage_healed":0,"gold_gain":0,"player_choice":"Ignored","damage_taken":0,"max_hp_gain":0,"max_hp_loss":0,"event_name":"Ghosts","floor":21,"gold_loss":0},{"damage_healed":0,"gold_gain":0,"player_choice":"Obtained Relic","damage_taken":0,"relics_obtained":["Potion Belt"],"max_hp_gain":0,"max_hp_loss":0,"event_name":"Addict","floor":22,"gold_loss":85},{"cards_removed":["Clothesline"],"damage_healed":0,"gold_gain":0,"player_choice":"Removed Attack","damage_taken":0,"max_hp_gain":0,"max_hp_loss":0,"event_name":"Falling","floor":36,"gold_loss":0},{"damage_healed":0,"gold_gain":0,"player_choice":"Ignored","damage_taken":0,"max_hp_gain":0,"max_hp_loss":0,"event_name":"Tomb of Lord Red Mask","floor":39,"gold_loss":0}],"is_beta":false,"boss_relics":[{"not_picked":["Tiny House","Runic Pyramid"],"picked":"Cursed Key"},{"not_picked":["Coffee Dripper","Orrery"],"picked":"Velvet Choker"}],"items_purged_floors":[28,31,47],"is_endless":false,"potions_floor_spawned":[8,16,20,23,29,30,33,37,40,46],"ascension_level":0}