{"gold_per_floor":[112,126,126,201,221,221,239,239,239,267,277,293,293,309,309,385,385,385,385,310,92,92,92],"floor_reached":23,"playtime":1664,"items_purged":["Decay"],"score":341,"play_id":"1669f5d0-ea40-49d6-af0b-6da5c5cf5372","local_time":"20190306202344","is_ascension_mode":true,"campfire_choices":[{"data":"Zap","floor":6,"key":"SMITH"},{"data":"Self Repair","floor":8,"key":"SMITH"},{"data":"Streamline","floor":15,"key":"SMITH"}],"neow_cost":"NONE","seed_source_timestamp":1039885628515418,"circlet_count":0,"master_deck":["AscendersBane","Strike_B","Strike_B","Strike_B","Defend_B","Defend_B","Defend_B","Defend_B","Zap+1","Dualcast","Gash","Chill","Self Repair+1","Steam","Coolheaded","Streamline+1","Beam Cell","BootSequence","Electrodynamics"],"relics":["Cracked Core","Symbiotic Virus","Bottled Flame","Ectoplasm","Omamori"],"potions_floor_usage":[14,23],"damage_taken":[{"damage":1,"enemies":"2 Louse","floor":1,"turns":4},{"damage":7,"enemies":"Jaw Worm","floor":2,"turns":3},{"damage":7,"enemies":"Small Slimes","floor":5,"turns":3},{"damage":10,"enemies":"Blue Slaver","floor":7,"turns":4},{"damage":6,"enemies":"3 Sentries","floor":10,"turns":9},{"damage":8,"enemies":"Exordium Thugs","floor":11,"turns":4},{"damage":6,"enemies":"Large Slime","floor":12,"turns":7},{"damage":3,"enemies":"Gremlin Gang","floor":14,"turns":4},{"damage":40,"enemies":"Hexaghost","floor":16,"turns":10},{"damage":12,"enemies":"3 Byrds","floor":18,"turns":4},{"damage":16,"enemies":"2 Thieves","floor":20,"turns":4},{"damage":17,"enemies":"Chosen and Byrds","floor":22,"turns":6},{"damage":54,"enemies":"Book of Stabbing","floor":23,"turns":5}],"seed_played":"2407288869176487064","potions_obtained":[{"floor":5,"key":"Strength Potion"},{"floor":10,"key":"Dexterity Potion"},{"floor":11,"key":"Block Potion"},{"floor":16,"key":"PowerPotion"}],"is_trial":false,"path_per_floor":["M","M","?","?","M","R","M","R","T","E","M","M","?","M","R","B",null,"M","?","M","$","M","E"],"character_chosen":"DEFECT","items_purchased":["Omamori"],"campfire_rested":0,"item_purchase_floors":[21],"current_hp_per_floor":[70,63,63,52,45,45,35,35,35,39,41,45,45,52,52,22,64,62,62,56,56,49,0],"gold":92,"neow_bonus":"TEN_PERCENT_HP_BONUS","is_prod":false,"is_daily":false,"chose_seed":false,"campfire_upgraded":3,"win_rate":0,"timestamp":1551903824,"path_taken":["M","M","?","?","M","R","M","R","T","E","M","M","?","M","R","BOSS","M","?","M","$","M","E"],"build_version":"2019-01-23","purchased_purges":1,"victory":false,"max_hp_per_floor":[78,78,78,78,78,78,78,78,78,78,78,78,78,78,78,78,78,78,78,78,78,78,78],"card_choices":[{"not_picked":["Rebound","Go for the Eyes"],"picked":"Gash","floor":1},{"not_picked":["Doom and Gloom","Sweeping Beam"],"picked":"Chill","floor":2},{"not_picked":["Beam Cell","Rebound","Conserve Battery"],"picked":"SKIP","floor":5},{"not_picked":["Hello World","Turbo"],"picked":"Self Repair","floor":7},{"not_picked":["Go for the Eyes","Leap"],"picked":"Steam","floor":10},{"not_picked":["Steam","Conserve Battery"],"picked":"Coolheaded","floor":11},{"not_picked":["Turbo","Rebound"],"picked":"Streamline","floor":12},{"not_picked":["Sweeping Beam","Chaos"],"picked":"BootSequence","floor":14},{"not_picked":["Meteor Strike","Core Surge"],"picked":"Electrodynamics","floor":16},{"not_picked":["Barrage","Streamline","Beam Cell"],"picked":"SKIP","floor":18},{"not_picked":["Sunder","Self Repair","Chaos"],"picked":"SKIP","floor":20},{"not_picked":["Beam Cell","Turbo","Conserve Battery"],"picked":"SKIP","floor":22}],"player_experience":1522146,"relics_obtained":[{"floor":9,"key":"Symbiotic Virus"},{"floor":10,"key":"Bottled Flame"}],"event_choices":[{"damage_healed":0,"gold_gain":0,"player_choice":"Fled","damage_taken":0,"max_hp_gain":0,"max_hp_loss":0,"event_name":"Scrap Ooze","floor":3,"gold_loss":0},{"damage_healed":0,"gold_gain":75,"player_choice":"Gather Gold","damage_taken":11,"max_hp_gain":0,"max_hp_loss":0,"event_name":"World of Goop","floor":4,"gold_loss":0},{"damage_healed":0,"gold_gain":0,"cards_transformed":["Strike_B"],"player_choice":"Change","damage_taken":0,"max_hp_gain":0,"max_hp_loss":0,"event_name":"Living Wall","floor":13,"gold_loss":0,"cards_obtained":["Beam Cell"]},{"damage_healed":0,"gold_gain":0,"player_choice":"Smashed Altar","damage_taken":0,"max_hp_gain":0,"max_hp_loss":0,"event_name":"Forgotten Altar","floor":19,"gold_loss":0,"cards_obtained":["Decay"]}],"is_beta":false,"boss_relics":[{"not_picked":["Philosopher\u0027s Stone","Orrery"],"picked":"Ectoplasm"}],"items_purged_floors":[21],"is_endless":false,"potions_floor_spawned":[5,10,11,12,16],"killed_by":"Book of Stabbing","ascension_level":15}