{"gold_per_floor":[17,17,0,0,19,48,48,77,127,127,143,72,72,84,84,84],"floor_reached":16,"playtime":1368,"items_purged":[],"score":189,"play_id":"a4c5b109-d130-4a33-bf4e-467da621ac80","local_time":"20190329174825","is_ascension_mode":true,"campfire_choices":[{"data":"Zap","floor":7,"key":"SMITH"},{"floor":10,"key":"REST"},{"data":"Fission","floor":15,"key":"SMITH"}],"neow_cost":"NO_GOLD","seed_source_timestamp":1552525365284932,"circlet_count":0,"master_deck":["AscendersBane","Strike_B","Strike_B","Strike_B","Defend_B","Defend_B","Defend_B","Defend_B","Zap+1","Dualcast","Electrodynamics","Leap","BootSequence","Glacier","Go for the Eyes","Go for the Eyes","Fission+1","Fusion"],"relics":["Cracked Core","Pen Nib","Orichalcum","Regal Pillow"],"potions_floor_usage":[8,16],"damage_taken":[{"damage":0,"enemies":"2 Louse","floor":1,"turns":1},{"damage":0,"enemies":"Small Slimes","floor":5,"turns":3},{"damage":6,"enemies":"3 Sentries","floor":6,"turns":4},{"damage":49,"enemies":"Gremlin Nob","floor":8,"turns":5},{"damage":0,"enemies":"Jaw Worm","floor":11,"turns":3},{"damage":0,"enemies":"Looter","floor":14,"turns":4},{"damage":46,"enemies":"Hexaghost","floor":16,"turns":16}],"seed_played":"-612751179841842598","potions_obtained":[{"floor":5,"key":"SteroidPotion"},{"floor":8,"key":"Fire Potion"}],"is_trial":false,"path_per_floor":["M","?","?","?","M","E","R","E","T","R","M","$","?","M","R","B"],"character_chosen":"DEFECT","items_purchased":["Fission"],"campfire_rested":1,"item_purchase_floors":[12],"current_hp_per_floor":[64,64,64,64,64,58,58,9,9,45,45,45,45,45,45,0],"gold":84,"neow_bonus":"THREE_RARE_CARDS","is_prod":false,"is_daily":false,"chose_seed":false,"campfire_upgraded":2,"win_rate":0,"timestamp":1553881705,"path_taken":["M","?","?","?","M","E","R","E","T","R","?","$","?","M","R","BOSS"],"build_version":"2019-01-23","purchased_purges":0,"victory":false,"max_hp_per_floor":[71,71,71,71,71,71,71,71,71,71,71,71,71,71,71,71],"card_choices":[{"not_picked":["All For One","Buffer"],"picked":"Electrodynamics","floor":0},{"not_picked":["Beam Cell","Rebound"],"picked":"Leap","floor":1},{"not_picked":["Beam Cell","Leap"],"picked":"BootSequence","floor":5},{"not_picked":["Conserve Battery","Aggregate"],"picked":"Glacier","floor":6},{"not_picked":["Hello World","Ball Lightning"],"picked":"Go for the Eyes","floor":8},{"not_picked":["Coolheaded","Barrage"],"picked":"Go for the Eyes","floor":11},{"not_picked":["Compile Driver","Beam Cell"],"picked":"Fusion","floor":14}],"player_experience":1665960,"relics_obtained":[{"floor":6,"key":"Pen Nib"},{"floor":8,"key":"Orichalcum"},{"floor":9,"key":"Regal Pillow"}],"event_choices":[{"damage_healed":0,"gold_gain":0,"player_choice":"Fled","damage_taken":0,"max_hp_gain":0,"max_hp_loss":0,"event_name":"Scrap Ooze","floor":2,"gold_loss":0},{"damage_healed":0,"gold_gain":0,"player_choice":"Left Gold","damage_taken":0,"max_hp_gain":0,"max_hp_loss":0,"event_name":"World of Goop","floor":3,"gold_loss":17},{"damage_healed":0,"gold_gain":0,"player_choice":"Leave","damage_taken":0,"max_hp_gain":0,"max_hp_loss":0,"event_name":"The Cleric","floor":4,"gold_loss":0},{"cards_removed":["Strike_B"],"damage_healed":0,"gold_gain":0,"player_choice":"Purged","damage_taken":0,"max_hp_gain":0,"max_hp_loss":0,"event_name":"Purifier","floor":13,"gold_loss":0}],"is_beta":false,"boss_relics":[],"items_purged_floors":[],"is_endless":false,"potions_floor_spawned":[5,8],"killed_by":"Hexaghost","ascension_level":15}