{"gold_per_floor":[109,59,18,18,36,68,68,87,87,120,178,178,190,215,215,318,318,328,341,38,58,71,71,106,106,106,106,106,106,134,134,134,238,238,255,255,255,255,310,310,310,132,132,165,35,48,64,80,80,80],"floor_reached":51,"playtime":4382,"items_purged":["Strike_B","Defend_B"],"score":740,"play_id":"48c53996-f7e3-490f-a74c-b909fd9d7abf","local_time":"20190409215156","is_ascension_mode":true,"campfire_choices":[{"data":"Zap","floor":7,"key":"SMITH"},{"data":"Dualcast","floor":12,"key":"SMITH"},{"data":"Cold Snap","floor":15,"key":"SMITH"},{"data":"Creative AI","floor":23,"key":"SMITH"},{"floor":25,"key":"REST"},{"data":"Storm","floor":27,"key":"SMITH"},{"floor":32,"key":"REST"},{"data":"Coolheaded","floor":40,"key":"SMITH"},{"floor":49,"key":"REST"}],"neow_cost":"CURSE","seed_source_timestamp":2510868849147432,"circlet_count":0,"master_deck":["Strike_B","Strike_B","Defend_B","Defend_B","Defend_B","Zap+1","Dualcast+1","Coolheaded+1","Glacier","Echo Form","Cold Snap+1","Chill+1","Creative AI+1","Storm+1","Multi-Cast+1","Steam+1","Chill+1","Tempest+1","White Noise+1","Double Energy+1","Decay","Seek+1","Dark Shackles+1","Steam+1","Fusion+1","Injury","Defragment","Panacea+1"],"relics":["Cracked Core","Meat on the Bone","Toxic Egg 2","Nunchaku","Girya","Thread and Needle","Orrery","PreservedInsect","Vajra","Gambling Chip","Bottled Tornado","Cursed Key","WingedGreaves","Pear","Calipers"],"potions_floor_usage":[24,29,39,39,44,46,46,48,50,50],"damage_taken":[{"damage":0,"enemies":"Cultist","floor":1,"turns":4},{"damage":2,"enemies":"Small Slimes","floor":5,"turns":4},{"damage":40,"enemies":"Lagavulin","floor":6,"turns":9},{"damage":6,"enemies":"Jaw Worm","floor":8,"turns":4},{"damage":14,"enemies":"3 Sentries","floor":10,"turns":13},{"damage":12,"enemies":"Gremlin Nob","floor":11,"turns":4},{"damage":15,"enemies":"3 Louse","floor":13,"turns":3},{"damage":3,"enemies":"Gremlin Nob","floor":14,"turns":5},{"damage":21,"enemies":"Slime Boss","floor":16,"turns":16},{"damage":8,"enemies":"2 Thieves","floor":18,"turns":4},{"damage":11,"enemies":"Spheric Guardian","floor":19,"turns":6},{"damage":0,"enemies":"Snake Plant","floor":21,"turns":7},{"damage":6,"enemies":"Shelled Parasite and Fungi","floor":22,"turns":9},{"damage":29,"enemies":"Slavers","floor":24,"turns":7},{"damage":0,"enemies":"Chosen and Byrds","floor":29,"turns":4},{"damage":16,"enemies":"Gremlin Leader","floor":30,"turns":6},{"damage":1,"enemies":"Champ","floor":33,"turns":13},{"damage":2,"enemies":"Orb Walker","floor":35,"turns":2},{"damage":2,"enemies":"2 Orb Walkers","floor":39,"turns":4},{"damage":42,"enemies":"Reptomancer","floor":44,"turns":5},{"damage":0,"enemies":"3 Shapes","floor":46,"turns":5},{"damage":8,"enemies":"Maw","floor":47,"turns":8},{"damage":38,"enemies":"Sphere and 2 Shapes","floor":48,"turns":5},{"damage":41,"enemies":"Donu and Deca","floor":50,"turns":8}],"seed_played":"-6604500493139013370","potions_obtained":[{"floor":8,"key":"Weak Potion"},{"floor":11,"key":"LiquidBronze"},{"floor":19,"key":"SmokeBomb"},{"floor":24,"key":"Explosive Potion"},{"floor":30,"key":"AttackPotion"},{"floor":39,"key":"SkillPotion"},{"floor":44,"key":"EntropicBrew"}],"is_trial":false,"path_per_floor":["M","?","?","$","M","E","R","M","T","E","?","R","M","E","R","B",null,"M","M","$","M","M","R","E","R","T","R","?","M","E","?","R","B",null,"M","?","?","?","?","R","?","$","T","E","$","M","M","M","R","B",null],"character_chosen":"DEFECT","items_purchased":["PreservedInsect","Chill+1","Fusion+1","Defragment","Panacea+1"],"campfire_rested":3,"item_purchase_floors":[20,20,42,45,45],"current_hp_per_floor":[89,89,89,89,87,47,47,53,53,51,51,51,48,45,45,36,89,81,70,70,70,64,64,47,73,73,73,73,73,57,57,83,82,89,87,87,87,87,85,85,85,85,95,53,53,53,57,45,74,45],"gold":80,"neow_bonus":"TWENTY_PERCENT_HP_BONUS","is_prod":false,"is_daily":false,"chose_seed":false,"campfire_upgraded":6,"win_rate":0,"timestamp":1554843116,"path_taken":["M","?","?","?","M","E","R","M","T","E","?","R","?","E","R","BOSS","M","M","$","M","M","R","E","R","T","R","?","M","E","?","R","BOSS","M","?","?","?","?","R","?","$","T","E","$","M","M","?","R","BOSS"],"build_version":"2019-01-23","purchased_purges":2,"victory":true,"max_hp_per_floor":[89,89,89,89,89,89,89,89,89,89,89,89,89,89,89,89,89,89,89,89,89,89,89,89,89,89,89,89,89,89,89,89,89,89,89,89,89,89,89,89,89,89,99,99,99,99,99,99,99,99],"card_choices":[{"not_picked":["Turbo","Loop"],"picked":"Coolheaded","floor":1},{"not_picked":["Redo","Turbo","Rebound"],"picked":"SKIP","floor":5},{"not_picked":["Lockon","Barrage"],"picked":"Go for the Eyes","floor":6},{"not_picked":["Double Energy","Compile Driver"],"picked":"Glacier","floor":8},{"not_picked":["Self Repair","Stack+1"],"picked":"Echo Form","floor":10},{"not_picked":["Auto Shields+1","Steam+1"],"picked":"Cold Snap","floor":11},{"not_picked":["Sweeping Beam","Lockon"],"picked":"Chill+1","floor":13},{"not_picked":["Gash","Skim+1","Sunder"],"picked":"SKIP","floor":14},{"not_picked":["All For One","Core Surge"],"picked":"Creative AI","floor":16},{"not_picked":["Leap+1","Sweeping Beam"],"picked":"Storm","floor":17},{"not_picked":["Self Repair","Skim+1"],"picked":"Multi-Cast+1","floor":17},{"not_picked":["Hello World","Stack+1"],"picked":"Steam+1","floor":17},{"not_picked":["Sweeping Beam","Go for the Eyes","Conserve Battery+1"],"picked":"SKIP","floor":18},{"not_picked":["Stack+1","Reinforced Body+1","Hologram+1"],"picked":"SKIP","floor":19},{"not_picked":["Echo Form","Turbo+1","Leap+1"],"picked":"SKIP","floor":21},{"not_picked":["Scrape","Redo+1"],"picked":"Tempest+1","floor":22},{"not_picked":["Conserve Battery+1","Stack+1","Melter"],"picked":"SKIP","floor":24},{"not_picked":["Redo+1","Capacitor"],"picked":"Double Energy+1","floor":30},{"not_picked":["Biased Cognition","Amplify+1"],"picked":"Seek+1","floor":33},{"not_picked":["Capacitor+1","Genetic Algorithm+1","Gash+1"],"picked":"SKIP","floor":35},{"not_picked":["Thinking Ahead+1","Mind Blast"],"picked":"Dark Shackles+1","floor":37},{"not_picked":["Self Repair+1","Aggregate+1","Leap+1"],"picked":"SKIP","floor":44},{"not_picked":["Rebound","Compile Driver+1","Hyperbeam"],"picked":"SKIP","floor":46},{"not_picked":["Loop","Barrage","Melter"],"picked":"SKIP","floor":47},{"not_picked":["Sweeping Beam+1","Beam Cell+1","Storm"],"picked":"SKIP","floor":48}],"player_experience":1737649,"relics_obtained":[{"floor":6,"key":"Meat on the Bone"},{"floor":9,"key":"Toxic Egg 2"},{"floor":10,"key":"Nunchaku"},{"floor":11,"key":"Girya"},{"floor":14,"key":"Thread and Needle"},{"floor":24,"key":"Vajra"},{"floor":26,"key":"Gambling Chip"},{"floor":30,"key":"Bottled Tornado"},{"floor":39,"key":"WingedGreaves"},{"floor":43,"key":"Pear"},{"floor":44,"key":"Calipers"}],"event_choices":[{"cards_removed":["Doubt"],"damage_healed":0,"gold_gain":0,"player_choice":"Card Removal","damage_taken":0,"max_hp_gain":0,"max_hp_loss":0,"event_name":"The Cleric","floor":2,"gold_loss":50},{"damage_healed":0,"gold_gain":0,"player_choice":"Left Gold","damage_taken":0,"max_hp_gain":0,"max_hp_loss":0,"event_name":"World of Goop","floor":3,"gold_loss":41},{"damage_healed":0,"gold_gain":0,"player_choice":"Searched \u00271\u0027 times","damage_taken":0,"max_hp_gain":0,"max_hp_loss":0,"event_name":"Dead Adventurer","floor":11,"gold_loss":0},{"damage_healed":0,"gold_gain":0,"player_choice":"Read","damage_taken":0,"max_hp_gain":0,"max_hp_loss":0,"event_name":"The Library","floor":28,"gold_loss":0,"cards_obtained":["White Noise"]},{"damage_healed":0,"gold_gain":0,"player_choice":"Smashed Altar","damage_taken":0,"max_hp_gain":0,"max_hp_loss":0,"event_name":"Forgotten Altar","floor":31,"gold_loss":0,"cards_obtained":["Decay"]},{"damage_healed":0,"gold_gain":0,"player_choice":"Ignored","damage_taken":0,"max_hp_gain":0,"max_hp_loss":0,"event_name":"Tomb of Lord Red Mask","floor":36,"gold_loss":0},{"damage_healed":0,"gold_gain":0,"player_choice":"Memory 1","damage_taken":0,"max_hp_gain":0,"max_hp_loss":0,"event_name":"SensoryStone","floor":37,"gold_loss":0},{"cards_removed":["Go for the Eyes"],"damage_healed":0,"gold_gain":0,"player_choice":"Removed Attack","damage_taken":0,"max_hp_gain":0,"max_hp_loss":0,"event_name":"Falling","floor":38,"gold_loss":0},{"damage_healed":0,"gold_gain":0,"player_choice":"Fight","damage_taken":0,"max_hp_gain":0,"max_hp_loss":0,"event_name":"Mysterious Sphere","floor":39,"gold_loss":0},{"damage_healed":0,"gold_gain":0,"cards_transformed":["Strike_B"],"player_choice":"Transformed","damage_taken":0,"max_hp_gain":0,"max_hp_loss":0,"event_name":"Transmorgrifier","floor":41,"gold_loss":0,"cards_obtained":["Steam"]}],"is_beta":false,"boss_relics":[{"not_picked":["Snecko Eye","Runic Dome"],"picked":"Orrery"},{"not_picked":["Lizard Tail","Coffee Dripper"],"picked":"Cursed Key"}],"items_purged_floors":[20,42],"is_endless":false,"potions_floor_spawned":[8,11,19,24,30,33,39,44],"ascension_level":1}