{"gold_per_floor":[111,111,122,133,145,155,181,181,181,181,209,209,209],"floor_reached":13,"playtime":421,"items_purged":[],"score":181,"play_id":"a21555e0-be7f-4586-a0f0-c1bb41ee97f8","local_time":"20190505163737","is_ascension_mode":true,"campfire_choices":[{"floor":8,"key":"REST"},{"data":"White Noise","floor":10,"key":"SMITH"}],"neow_cost":"TEN_PERCENT_HP_LOSS","seed_source_timestamp":161265657741300,"circlet_count":0,"master_deck":["AscendersBane","Strike_B","Strike_B","Strike_B","Defend_B","Defend_B","Defend_B","Zap","Dualcast","Melter","Compile Driver","Steam","White Noise+1","Cold Snap","Ball Lightning","Defragment","Genetic Algorithm"],"relics":["Cracked Core","FaceOfCleric","Gremlin Horn","Shuriken","Juzu Bracelet"],"potions_floor_usage":[6,11],"damage_taken":[{"damage":0,"enemies":"Small Slimes","floor":1,"turns":2},{"damage":0,"enemies":"Cultist","floor":3,"turns":3},{"damage":12,"enemies":"Jaw Worm","floor":4,"turns":3},{"damage":0,"enemies":"Large Slime","floor":5,"turns":4},{"damage":17,"enemies":"Exordium Thugs","floor":6,"turns":4},{"damage":34,"enemies":"3 Sentries","floor":7,"turns":8},{"damage":6,"enemies":"Gremlin Nob","floor":11,"turns":3},{"damage":22,"enemies":"3 Sentries","floor":13,"turns":2}],"seed_played":"8395876142501720509","potions_obtained":[{"floor":5,"key":"Weak Potion"},{"floor":6,"key":"SmokeBomb"},{"floor":7,"key":"AttackPotion"},{"floor":11,"key":"SteroidPotion"}],"is_trial":false,"path_per_floor":["M","?","M","M","M","M","E","R","T","R","E","?","E"],"character_chosen":"DEFECT","items_purchased":[],"campfire_rested":1,"item_purchase_floors":[],"current_hp_per_floor":[64,64,65,54,55,39,6,26,26,26,21,21,0],"gold":209,"neow_bonus":"TRANSFORM_TWO_CARDS","is_prod":false,"is_daily":false,"chose_seed":false,"campfire_upgraded":1,"win_rate":0,"timestamp":1557099457,"path_taken":["M","?","M","?","M","M","E","R","T","R","E","?","E"],"build_version":"2019-01-23","purchased_purges":0,"victory":false,"max_hp_per_floor":[64,64,65,66,67,68,69,69,69,69,70,70,70],"card_choices":[{"not_picked":["Beam Cell","Reinforced Body"],"picked":"Steam","floor":1},{"not_picked":["Heatsinks","Beam Cell"],"picked":"White Noise","floor":3},{"not_picked":["Beam Cell","Doom and Gloom"],"picked":"Cold Snap","floor":4},{"not_picked":["Barrage","Gash"],"picked":"Ball Lightning","floor":5},{"not_picked":["Gash","Storm","Steam"],"picked":"SKIP","floor":6},{"not_picked":["Darkness","Meteor Strike","Beam Cell"],"picked":"SKIP","floor":7},{"not_picked":["Go for the Eyes","Barrage"],"picked":"Defragment","floor":11}],"player_experience":1334688,"relics_obtained":[{"floor":7,"key":"Gremlin Horn"},{"floor":9,"key":"Shuriken"},{"floor":11,"key":"Juzu Bracelet"}],"event_choices":[{"damage_healed":0,"gold_gain":0,"player_choice":"Trade","damage_taken":0,"relics_obtained":["FaceOfCleric"],"max_hp_gain":0,"max_hp_loss":0,"event_name":"FaceTrader","floor":2,"gold_loss":0},{"damage_healed":0,"gold_gain":0,"player_choice":"1 cards matched","damage_taken":0,"max_hp_gain":0,"max_hp_loss":0,"event_name":"Match and Keep!","floor":12,"gold_loss":0,"cards_obtained":["Genetic Algorithm"]}],"is_beta":false,"boss_relics":[],"items_purged_floors":[],"is_endless":false,"potions_floor_spawned":[5,6,7,11],"killed_by":"3 Sentries","ascension_level":18}