{"gold_per_floor":[209,209,219,67,82,82,94,44,44,60,95,95,113,131,131,230,230,249,261,272,287,287,287,387,387,433,448,465,483,483,495,495,495],"floor_reached":33,"playtime":2292,"items_purged":["Strike_R"],"score":412,"play_id":"b42e7454-c383-4f98-ad7c-bb8727c0e0e9","local_time":"20180725221153","is_ascension_mode":true,"campfire_choices":[{"data":"Searing Blow","floor":6.0,"key":"SMITH"},{"data":"Searing Blow+1","floor":12.0,"key":"SMITH"},{"data":"Searing Blow+2","floor":15.0,"key":"SMITH"},{"data":"Searing Blow+3","floor":23,"key":"SMITH"},{"data":"Searing Blow+4","floor":25,"key":"SMITH"},{"data":"Searing Blow+5","floor":30,"key":"SMITH"},{"data":"Searing Blow+6","floor":32,"key":"SMITH"}],"neow_cost":"NONE","seed_source_timestamp":0,"circlet_count":0,"master_deck":["Strike_R+1","Strike_R+1","Defend_R+1","Defend_R+1","Defend_R+1","Defend_R+1","Bash","Cleave","Searing Blow+7","Battle Trance","Clothesline+1","Burning Pact+1"],"special_seed":0,"relics":["Burning Blood","Ornamental Fan","Question Card","Sozu","Potion Belt"],"potions_floor_usage":[16,33,33],"damage_taken":[{"damage":6.0,"enemies":"Cultist","floor":1.0,"turns":4.0},{"damage":13.0,"enemies":"Jaw Worm","floor":3.0,"turns":4.0},{"damage":0.0,"enemies":"Small Slimes","floor":5.0,"turns":2.0},{"damage":41.0,"enemies":"Exordium Thugs","floor":7.0,"turns":6.0},{"damage":2.0,"enemies":"2 Fungi Beasts","floor":10.0,"turns":4.0},{"damage":26.0,"enemies":"3 Sentries","floor":11.0,"turns":6.0},{"damage":6.0,"enemies":"Lots of Slimes","floor":13.0,"turns":2.0},{"damage":10.0,"enemies":"Gremlin Gang","floor":14.0,"turns":6.0},{"damage":0,"enemies":"Slime Boss","floor":16,"turns":6},{"damage":14,"enemies":"2 Thieves","floor":18,"turns":4},{"damage":1,"enemies":"Spheric Guardian","floor":19,"turns":3},{"damage":13,"enemies":"Centurion and Healer","floor":20,"turns":6},{"damage":22,"enemies":"Chosen and Byrds","floor":21,"turns":5},{"damage":0,"enemies":"Cultist and Chosen","floor":27,"turns":4},{"damage":0,"enemies":"Centurion and Healer","floor":28,"turns":4},{"damage":4,"enemies":"Chosen and Byrds","floor":29,"turns":4},{"damage":0,"enemies":"Cultist and Chosen","floor":31,"turns":4},{"damage":72,"enemies":"Automaton","floor":33,"turns":6}],"seed_played":"-6075791145287776976","potions_obtained":[{"floor":10.0,"key":"FearPotion"},{"floor":11.0,"key":"Swift Potion"},{"floor":16,"key":"EssenceOfSteel"}],"is_trial":false,"path_per_floor":["M","?","M","$","M","R","M","?","T","M","E","R","M","M","R","B",null,"M","M","M","M","?","R","?","R","T","M","M","M","R","M","R"],"character_chosen":"IRONCLAD","items_purchased":["Battle Trance"],"campfire_rested":0,"item_purchase_floors":[4],"current_hp_per_floor":[72,72,65,65,71,71,36,36,36,40,20,20,20,16,16,22,66,58,63,56,40,40,40,40,40,40,46,52,54,54,60,60,0],"gold":495,"neow_bonus":"HUNDRED_GOLD","is_prod":false,"is_daily":false,"chose_seed":false,"campfire_upgraded":7,"win_rate":0,"timestamp":1532581913,"path_taken":["M","?","M","$","M","R","M","?","T","M","E","R","M","?","R","BOSS","M","M","?","M","?","R","?","R","T","M","M","M","R","M","R","BOSS"],"build_version":"2018-07-19v2","purchased_purges":1,"victory":false,"max_hp_per_floor":[80,80,80,80,80,80,80,80,80,80,80,80,80,80,80,80,80,80,80,80,80,80,80,80,80,80,80,80,80,80,80,80,80],"card_choices":[{"not_picked":["Havoc","Body Slam"],"picked":"Cleave","floor":1.0},{"not_picked":["Body Slam","Havoc"],"picked":"Searing Blow","floor":3.0},{"not_picked":["Armaments","Burning Pact","True Grit"],"picked":"SKIP","floor":5.0},{"not_picked":["Dropkick","Body Slam","Infernal Blade"],"picked":"SKIP","floor":7.0},{"not_picked":["Spot Weakness","Wild Strike","Rupture"],"picked":"SKIP","floor":10.0},{"not_picked":["Perfected Strike","Heavy Blade","Clash"],"picked":"SKIP","floor":11.0},{"not_picked":["Carnage","Brutality","Thunderclap","Metallicize"],"picked":"SKIP","floor":13.0},{"not_picked":["True Grit","Body Slam","Dropkick","Spot Weakness"],"picked":"SKIP","floor":14.0},{"not_picked":["Uppercut+1","Flex","True Grit","Havoc+1"],"picked":"SKIP","floor":18},{"not_picked":["Sentinel","Iron Wave","Wild Strike","Flex"],"picked":"SKIP","floor":19},{"not_picked":["Pommel Strike","Combust","Headbutt"],"picked":"Clothesline+1","floor":20},{"not_picked":["Iron Wave","Dropkick","Battle Trance","Flex+1"],"picked":"SKIP","floor":21},{"not_picked":["Iron Wave","Body Slam+1","Searing Blow","Ghostly Armor+1"],"picked":"SKIP","floor":27},{"not_picked":["Barricade","Inflame","Pommel Strike"],"picked":"Burning Pact+1","floor":28},{"not_picked":["Dual Wield","Armaments","Feel No Pain","Heavy Blade+1"],"picked":"SKIP","floor":29},{"not_picked":["Body Slam","Feel No Pain","Armaments","Inflame+1"],"picked":"SKIP","floor":31}],"player_experience":148909,"relics_obtained":[{"floor":9.0,"key":"Ornamental Fan"},{"floor":11.0,"key":"Question Card"},{"floor":26,"key":"Potion Belt"}],"event_choices":[{"event_name":"Living Wall","player_choice":"Forget","floor":2.0,"damage_taken":0.0},{"event_name":"The Cleric","player_choice":"Card Removal","floor":8.0,"damage_taken":0.0},{"event_name":"Back to Basics","player_choice":"Simplicity","floor":22,"damage_taken":0},{"event_name":"Golden Shrine","player_choice":"Pray","floor":24,"damage_taken":0}],"is_beta":false,"boss_relics":[{"not_picked":["Runic Cube","Lizard Tail"],"picked":"Sozu"}],"items_purged_floors":[4],"is_endless":false,"potions_floor_spawned":[10,11,16,18,27,28],"killed_by":"Automaton","ascension_level":7}