{"gold_per_floor":[115,115,133,149,149,188,188,232,256,256,38,52,68,98,98,226,226,244,244,257,271,136,179,197,197,197,44,67,67,67,83,83,208,208,231,107,107,107,131,152,152,165,165,209,228,228,251,265,265,265],"floor_reached":51,"playtime":4456,"items_purged":["Strike_B","Doubt"],"score":747,"play_id":"d1600e3a-c732-451c-8da8-af69ba916be8","local_time":"20190405213616","is_ascension_mode":true,"campfire_choices":[{"data":"Defragment","floor":7,"key":"SMITH"},{"floor":10,"key":"REST"},{"data":"Biased Cognition","floor":15,"key":"SMITH"},{"floor":25,"key":"REST"},{"floor":29,"key":"REST"},{"floor":32,"key":"REST"},{"data":"Fission","floor":41,"key":"SMITH"},{"data":"Defragment","floor":46,"key":"SMITH"},{"floor":49,"key":"REST"}],"neow_cost":"CURSE","seed_source_timestamp":2164311580237180,"circlet_count":0,"master_deck":["Strike_B","Strike_B","Defend_B","Defend_B","Defend_B+1","Zap+1","Dualcast","Biased Cognition+1","Defragment+1","Ball Lightning","Go for the Eyes","Steam","Tempest","Coolheaded","Fission+1","Redo","BootSequence","Chill","Fusion","Sunder+1","Reinforced Body","Glacier+1","Chill+1","Core Surge","Thinking Ahead+1","Buffer+1","All For One+1","Defragment+1","Streamline","Panacea","Capacitor"],"relics":["Cracked Core","Golden Idol","Oddly Smooth Stone","Happy Flower","Centennial Puzzle","Anchor","Sozu","Dream Catcher","Emotion Chip","Omamori","Astrolabe","Bottled Lightning","Blood Vial"],"potions_floor_usage":[6,16,50],"damage_taken":[{"damage":0,"enemies":"2 Louse","floor":1,"turns":2},{"damage":6,"enemies":"Small Slimes","floor":3,"turns":4},{"damage":1,"enemies":"Jaw Worm","floor":4,"turns":3},{"damage":5,"enemies":"Lagavulin","floor":6,"turns":4},{"damage":6,"enemies":"Gremlin Nob","floor":8,"turns":3},{"damage":0,"enemies":"Lots of Slimes","floor":12,"turns":2},{"damage":0,"enemies":"3 Louse","floor":13,"turns":2},{"damage":16,"enemies":"The Guardian","floor":16,"turns":9},{"damage":0,"enemies":"3 Byrds","floor":18,"turns":2},{"damage":0,"enemies":"Chosen","floor":20,"turns":5},{"damage":0,"enemies":"Sentry and Sphere","floor":21,"turns":3},{"damage":58,"enemies":"Gremlin Leader","floor":23,"turns":10},{"damage":11,"enemies":"Cultist and Chosen","floor":24,"turns":8},{"damage":19,"enemies":"3 Cultists","floor":28,"turns":8},{"damage":2,"enemies":"Snecko","floor":31,"turns":4},{"damage":42,"enemies":"Automaton","floor":33,"turns":15},{"damage":0,"enemies":"3 Shapes","floor":35,"turns":4},{"damage":0,"enemies":"3 Darklings","floor":39,"turns":8},{"damage":4,"enemies":"Writhing Mass","floor":40,"turns":8},{"damage":0,"enemies":"4 Shapes","floor":42,"turns":4},{"damage":6,"enemies":"Giant Head","floor":44,"turns":11},{"damage":0,"enemies":"Sphere and 2 Shapes","floor":45,"turns":6},{"damage":11,"enemies":"Maw","floor":47,"turns":7},{"damage":0,"enemies":"Jaw Worm Horde","floor":48,"turns":5},{"damage":0,"enemies":"Awakened One","floor":50,"turns":18}],"seed_played":"1319673477108779879","potions_obtained":[{"floor":4,"key":"PowerPotion"},{"floor":6,"key":"Regen Potion"},{"floor":8,"key":"Strength Potion"}],"is_trial":false,"path_per_floor":["M","?","M","M","?","E","R","E","T","R","$","M","M","?","R","B",null,"M","?","M","M","$","E","M","R","T","$","M","R","$","M","R","B",null,"M","$","?","$","M","M","R","M","T","E","M","R","M","M","R","B",null],"character_chosen":"DEFECT","items_purchased":["Anchor","Fusion","Omamori","Defragment","Streamline"],"campfire_rested":5,"item_purchase_floors":[11,22,27,36,36],"current_hp_per_floor":[75,57,51,50,35,30,30,24,24,46,46,46,46,46,46,45,75,75,75,75,75,75,17,6,28,28,28,9,31,31,29,51,9,75,75,75,70,70,70,66,66,66,66,60,62,62,53,55,75,75],"gold":265,"neow_bonus":"THREE_RARE_CARDS","is_prod":false,"is_daily":false,"chose_seed":false,"campfire_upgraded":4,"win_rate":0,"timestamp":1554496576,"path_taken":["M","?","M","M","?","E","R","E","T","R","$","M","M","?","R","BOSS","M","?","M","?","$","E","M","R","T","$","M","R","$","M","R","BOSS","M","?","?","?","?","M","R","?","T","E","M","R","M","?","R","BOSS"],"build_version":"2019-01-23","purchased_purges":2,"victory":true,"max_hp_per_floor":[75,75,75,75,75,75,75,75,75,75,75,75,75,75,75,75,75,75,75,75,75,75,75,75,75,75,75,75,75,75,75,75,75,75,75,75,75,75,75,75,75,75,75,75,75,75,75,75,75,75],"card_choices":[{"not_picked":["Rainbow","Fission"],"picked":"Biased Cognition","floor":0},{"not_picked":["Streamline","Force Field"],"picked":"Defragment","floor":1},{"not_picked":["Reinforced Body","Rebound"],"picked":"Ball Lightning","floor":3},{"not_picked":["Compile Driver","Streamline"],"picked":"Go for the Eyes","floor":4},{"not_picked":["Turbo","Sweeping Beam"],"picked":"Steam","floor":6},{"not_picked":["Sunder","Hyperbeam"],"picked":"Tempest","floor":8},{"not_picked":["Turbo","Scrape","Darkness"],"picked":"SKIP","floor":12},{"not_picked":["Consume","Leap"],"picked":"Coolheaded","floor":13},{"not_picked":["Seek","Meteor Strike"],"picked":"Fission","floor":16},{"not_picked":["Stack","Steam Power"],"picked":"Redo","floor":18},{"not_picked":["Streamline+1","Doom and Gloom"],"picked":"Chill","floor":20},{"not_picked":["Stack","Aggregate","FTL+1"],"picked":"SKIP","floor":21},{"not_picked":["Steam","Streamline"],"picked":"Sunder+1","floor":23},{"not_picked":["Stack","Gash"],"picked":"Reinforced Body","floor":24},{"not_picked":["Consume","Redo"],"picked":"Glacier+1","floor":25},{"not_picked":["Fission","Barrage"],"picked":"Chill+1","floor":28},{"not_picked":["Cold Snap","Rebound","Sweeping Beam"],"picked":"SKIP","floor":31},{"not_picked":["Seek","Buffer"],"picked":"Core Surge","floor":33},{"not_picked":["Coolheaded+1","Leap+1","Static Discharge"],"picked":"SKIP","floor":35},{"not_picked":["Finesse","Impatience"],"picked":"Panacea","floor":37},{"not_picked":["Rebound+1","Loop+1"],"picked":"Capacitor","floor":39},{"not_picked":["FTL+1","Glacier","Coolheaded+1"],"picked":"SKIP","floor":40},{"not_picked":["Sweeping Beam+1","Consume","Double Energy"],"picked":"SKIP","floor":42},{"not_picked":["Lockon+1","Tempest+1","Fission"],"picked":"SKIP","floor":44},{"not_picked":["Genetic Algorithm","Heatsinks","Gash"],"picked":"SKIP","floor":45},{"not_picked":["Hologram+1","Self Repair","Glacier+1"],"picked":"SKIP","floor":47},{"not_picked":["Cold Snap+1","Beam Cell","Go for the Eyes+1"],"picked":"SKIP","floor":48}],"player_experience":1713048,"relics_obtained":[{"floor":6,"key":"Oddly Smooth Stone"},{"floor":8,"key":"Happy Flower"},{"floor":9,"key":"Centennial Puzzle"},{"floor":23,"key":"Dream Catcher"},{"floor":26,"key":"Emotion Chip"},{"floor":43,"key":"Bottled Lightning"},{"floor":44,"key":"Blood Vial"}],"event_choices":[{"damage_healed":0,"gold_gain":0,"player_choice":"Take Damage","damage_taken":18,"relics_obtained":["Golden Idol"],"max_hp_gain":0,"max_hp_loss":0,"event_name":"Golden Idol","floor":2,"gold_loss":0},{"damage_healed":0,"gold_gain":0,"player_choice":"Entered Light","damage_taken":15,"max_hp_gain":0,"max_hp_loss":0,"event_name":"Shining Light","floor":5,"gold_loss":0,"cards_upgraded":["Zap","Defend_B"]},{"damage_healed":0,"gold_gain":30,"player_choice":"Searched \u00271\u0027 times","damage_taken":0,"max_hp_gain":0,"max_hp_loss":0,"event_name":"Dead Adventurer","floor":14,"gold_loss":0},{"damage_healed":0,"gold_gain":0,"player_choice":"2 cards matched","damage_taken":0,"max_hp_gain":0,"max_hp_loss":0,"event_name":"Match and Keep!","floor":19,"gold_loss":0,"cards_obtained":["Good Instincts","BootSequence"]},{"damage_healed":0,"gold_gain":0,"player_choice":"Memory 2","damage_taken":5,"max_hp_gain":0,"max_hp_loss":0,"event_name":"SensoryStone","floor":37,"gold_loss":0}],"is_beta":false,"boss_relics":[{"not_picked":["Cursed Key","Busted Crown"],"picked":"Sozu"},{"not_picked":["FrozenCore","Orrery"],"picked":"Astrolabe"}],"items_purged_floors":[11,22],"is_endless":false,"potions_floor_spawned":[4,6,8,21,23,24,33,35,42,47,48],"ascension_level":1}