{"gold_per_floor":[112,38,38,53,69,83,83,83,83,121,121,71,71,71,71,192,192,213,234,81,81,99,99],"floor_reached":23,"playtime":992,"items_purged":["Bullet Time+1"],"score":284,"play_id":"562ce705-8fd9-4383-8bbe-a04c70d08f2c","local_time":"20190510223722","is_ascension_mode":true,"campfire_choices":[{"data":"Noxious Fumes","floor":7,"key":"SMITH"},{"data":"Skewer","floor":11,"key":"SMITH"},{"data":"Neutralize","floor":15,"key":"SMITH"}],"neow_cost":"NONE","seed_source_timestamp":614289496457400,"circlet_count":0,"master_deck":["AscendersBane","Defend_G","Defend_G","Defend_G","Defend_G","Strike_G","Survivor","Neutralize+1","Poisoned Stab+1","Noxious Fumes+1","Crippling Poison","Acrobatics","Skewer+1","Endless Agony+1","Expertise+1","PiercingWail","Shame","Wraith Form v2"],"relics":["Ring of the Snake","Golden Idol","Pantograph","Pear","Astrolabe","Bird Faced Urn"],"potions_floor_usage":[16,16,19,19,22],"damage_taken":[{"damage":4,"enemies":"Jaw Worm","floor":1,"turns":6},{"damage":1,"enemies":"Cultist","floor":4,"turns":4},{"damage":7,"enemies":"Small Slimes","floor":5,"turns":4},{"damage":0,"enemies":"2 Fungi Beasts","floor":6,"turns":4},{"damage":16,"enemies":"Lagavulin","floor":10,"turns":6},{"damage":25,"enemies":"Hexaghost","floor":16,"turns":8},{"damage":13,"enemies":"3 Byrds","floor":18,"turns":5},{"damage":18,"enemies":"2 Thieves","floor":19,"turns":4},{"damage":39,"enemies":"Shelled Parasite and Fungi","floor":22,"turns":7},{"damage":42,"enemies":"Book of Stabbing","floor":23,"turns":6}],"seed_played":"7946064621336005721","potions_obtained":[{"floor":1,"key":"PowerPotion"},{"floor":4,"key":"FearPotion"},{"floor":6,"key":"PowerPotion"},{"floor":18,"key":"Weak Potion"},{"floor":22,"key":"GamblersBrew"}],"is_trial":false,"path_per_floor":["M","$","?","M","M","M","R","?","T","E","R","?","T","?","R","B",null,"M","M","$","?","M","E"],"character_chosen":"THE_SILENT","items_purchased":["Noxious Fumes","Regen Potion"],"campfire_rested":0,"item_purchase_floors":[2,20],"current_hp_per_floor":[66,66,66,65,58,58,58,58,58,42,42,42,52,52,52,52,74,61,43,43,43,21,0],"gold":99,"neow_bonus":"TEN_PERCENT_HP_BONUS","is_prod":false,"is_daily":false,"chose_seed":false,"campfire_upgraded":3,"win_rate":0,"timestamp":1557553042,"path_taken":["M","$","?","?","M","M","R","?","T","E","R","?","?","?","R","BOSS","M","M","?","?","M","E"],"build_version":"2019-01-23","purchased_purges":1,"victory":false,"max_hp_per_floor":[77,77,77,77,77,77,77,71,71,71,71,71,81,81,81,81,81,81,81,81,81,81,81],"card_choices":[{"not_picked":["Choke","Leg Sweep"],"picked":"Poisoned Stab","floor":1},{"not_picked":["Bouncing Flask","Blur"],"picked":"Crippling Poison","floor":4},{"not_picked":["Poisoned Stab","Caltrops","Endless Agony"],"picked":"SKIP","floor":5},{"not_picked":["Slice","Bouncing Flask"],"picked":"Acrobatics","floor":6},{"not_picked":["Slice","Prepared"],"picked":"Skewer","floor":10},{"not_picked":["Dodge and Roll","Reflex"],"picked":"PiercingWail","floor":18},{"not_picked":["Terror","Flying Knee","Quick Slash+1"],"picked":"SKIP","floor":19},{"not_picked":["Deflect","Quick Slash"],"picked":"Wraith Form v2","floor":22}],"player_experience":1340230,"relics_obtained":[{"floor":10,"key":"Pantograph"},{"floor":13,"key":"Pear"}],"event_choices":[{"damage_healed":0,"gold_gain":0,"player_choice":"Forge","damage_taken":0,"max_hp_gain":0,"max_hp_loss":0,"event_name":"Accursed Blacksmith","floor":3,"gold_loss":0,"cards_upgraded":["Poisoned Stab"]},{"damage_healed":0,"gold_gain":0,"player_choice":"Lose Max HP","damage_taken":0,"relics_obtained":["Golden Idol"],"max_hp_gain":0,"max_hp_loss":6,"event_name":"Golden Idol","floor":8,"gold_loss":0},{"cards_removed":["Strike_G"],"damage_healed":0,"gold_gain":0,"player_choice":"Card Removal","damage_taken":0,"max_hp_gain":0,"max_hp_loss":0,"event_name":"The Cleric","floor":12,"gold_loss":50},{"cards_removed":["Strike_G"],"damage_healed":0,"gold_gain":0,"player_choice":"Offered Basic","damage_taken":0,"max_hp_gain":0,"max_hp_loss":0,"event_name":"Bonfire Elementals","floor":14,"gold_loss":0},{"damage_healed":0,"gold_gain":0,"player_choice":"Stole Relic","damage_taken":0,"relics_obtained":["Bird Faced Urn"],"max_hp_gain":0,"max_hp_loss":0,"event_name":"Addict","floor":21,"gold_loss":0,"cards_obtained":["Shame"]}],"is_beta":false,"boss_relics":[{"not_picked":["Snecko Eye","Eternal Feather"],"picked":"Astrolabe"}],"items_purged_floors":[20],"is_endless":false,"potions_floor_spawned":[1,4,6,18,22],"killed_by":"Book of Stabbing","ascension_level":10}