{"gold_per_floor":[110,185,135,146,146,146,159,159,185,285,311,84,95,95,95,226,226,246,246,262,262,59,59,93,93,93,93,93,16,29,42,42,161,161,176,196,196,265,285,285,308,8,8,8,8,26,26,8,8,8],"floor_reached":51,"playtime":4270,"items_purged":["Strike_G","Strike_G"],"score":686,"play_id":"c342e92e-4ee9-4f5e-b22e-61f848e55ad6","local_time":"20180810175544","is_ascension_mode":false,"campfire_choices":[{"data":"Dagger Throw","floor":6,"key":"SMITH"},{"data":"Neutralize","floor":8,"key":"SMITH"},{"floor":15,"key":"REST"},{"floor":23,"key":"REST"},{"floor":25,"key":"REST"},{"data":"Corpse Explosion","floor":32,"key":"SMITH"},{"data":"Caltrops","floor":40,"key":"SMITH"},{"floor":45,"key":"REST"},{"floor":47,"key":"REST"},{"floor":49,"key":"REST"}],"neow_cost":"","seed_source_timestamp":103395656726353,"circlet_count":0,"master_deck":["Defend_G","Defend_G","Defend_G","Strike_G","Strike_G","Strike_G","Survivor","Neutralize+1","Dagger Throw+1","Footwork","Malaise","Underhanded Strike","Corpse Explosion+1","Dagger Spray+1","Ghostly","Ghostly","Ghostly","Ghostly","Ghostly","Caltrops","Reflex","Quick Slash","Malaise","Caltrops+1","Backflip+1","Distraction","Tools of the Trade","Infinite Blades","Skewer+1","Flying Knee","Heel Hook+1","Heel Hook+1","Footwork","Caltrops","Noxious Fumes","Well Laid Plans","Footwork","Madness","Madness","Quick Slash+1","Quick Slash"],"relics":["Ring of the Serpent","Lantern","Mummified Hand","Golden Idol","Philosopher\u0027s Stone","Enchiridion","Strawberry","Ancient Tea Set","The Courier","StoneCalendar","Pantograph"],"potions_floor_usage":[16,30,33,50,50,50,50,50,50],"damage_taken":[{"damage":0,"enemies":"Small Slimes","floor":1,"turns":5},{"damage":0,"enemies":"Cultist","floor":4,"turns":3},{"damage":0,"enemies":"2 Louse","floor":7,"turns":2},{"damage":28,"enemies":"Lagavulin","floor":11,"turns":7},{"damage":2,"enemies":"Looter","floor":13,"turns":3},{"damage":44,"enemies":"Hexaghost","floor":16,"turns":18},{"damage":25,"enemies":"2 Thieves","floor":18,"turns":3},{"damage":5,"enemies":"Chosen","floor":20,"turns":7},{"damage":5,"enemies":"Book of Stabbing","floor":24,"turns":7},{"damage":3,"enemies":"Snake Plant","floor":30,"turns":5},{"damage":1,"enemies":"Cultist and Chosen","floor":31,"turns":4},{"damage":35,"enemies":"Collector","floor":33,"turns":13},{"damage":1,"enemies":"Orb Walker","floor":35,"turns":4},{"damage":0,"enemies":"Flame Bruiser 1 Orb","floor":36,"turns":6},{"damage":0,"floor":38,"turns":5},{"damage":12,"enemies":"Spire Growth","floor":39,"turns":5},{"damage":18,"enemies":"Maw","floor":41,"turns":7},{"damage":2,"enemies":"Sphere and 2 Shapes","floor":46,"turns":6},{"damage":61,"enemies":"Donu and Deca","floor":50,"turns":10}],"seed_played":"6602142405378789696","potions_obtained":[{"floor":7,"key":"Poison Potion"},{"floor":16,"key":"FairyPotion"},{"floor":18,"key":"LiquidBronze"},{"floor":24,"key":"LiquidBronze"},{"floor":41,"key":"Regen Potion"},{"floor":46,"key":"EntropicBrew"}],"is_trial":false,"path_per_floor":["M","?","?","M","?","R","M","R","T","?","E","$","M","?","R","B",null,"M","?","M","?","$","R","E","R","T","?","T","$","M","M","R","B",null,"M","M","?","?","M","R","M","$","T","?","R","M","R","$","R","B"],"character_chosen":"THE_SILENT","items_purchased":["Malaise","Reflex","Quick Slash","Fruit Juice","Footwork","Caltrops","Noxious Fumes","Well Laid Plans","Footwork","Quick Slash"],"campfire_rested":6,"item_purchase_floors":[12,22,22,29,42,42,42,42,42,48],"current_hp_per_floor":[70,59,59,59,64,64,64,64,64,64,36,36,34,34,54,10,69,44,34,29,13,13,23,25,37,37,37,37,37,39,38,38,3,46,45,45,45,45,33,33,15,15,15,9,22,20,33,33,46,3],"gold":8,"neow_bonus":"","is_prod":false,"is_daily":false,"chose_seed":false,"campfire_upgraded":4,"win_rate":0,"timestamp":1533920144,"path_taken":["M","?","?","M","?","R","M","R","T","?","E","?","?","?","R","BOSS","M","?","M","?","$","R","E","R","T","?","?","?","M","?","R","BOSS","M","?","?","?","M","R","M","$","T","?","R","?","R","$","R","BOSS"],"build_version":"2018-08-02","purchased_purges":2,"victory":true,"max_hp_per_floor":[70,70,70,70,75,75,75,75,75,75,75,75,75,69,69,69,69,69,34,34,34,34,34,41,41,41,41,41,41,46,46,46,46,46,46,46,46,46,46,46,46,46,46,46,46,46,46,46,46,46],"card_choices":[{"not_picked":["Distraction","Noxious Fumes"],"picked":"Dagger Throw","floor":1},{"not_picked":["Poisoned Stab","Infinite Blades","Well Laid Plans"],"picked":"SKIP","floor":4},{"not_picked":["Caltrops","Backflip","Slice"],"picked":"SKIP","floor":7},{"not_picked":["Leg Sweep","Setup"],"picked":"Footwork","floor":11},{"not_picked":["Blur","Quick Slash"],"picked":"Underhanded Strike","floor":13},{"not_picked":["After Image","Phantasmal Killer"],"picked":"Corpse Explosion","floor":16},{"not_picked":["Blade Dance","Masterful Stab"],"picked":"Dagger Spray+1","floor":18},{"not_picked":["Flechettes","PiercingWail"],"picked":"Caltrops","floor":20},{"not_picked":["Catalyst+1","Grand Finale"],"picked":"Malaise","floor":24},{"not_picked":["Underhanded Strike+1","Concentrate+1"],"picked":"Backflip+1","floor":30},{"not_picked":["Finisher+1","Blade Dance"],"picked":"Distraction","floor":31},{"not_picked":["Phantasmal Killer","Bullet Time"],"picked":"Tools of the Trade","floor":33},{"not_picked":["Reflex+1","Endless Agony"],"picked":"Infinite Blades","floor":35},{"not_picked":["Deflect+1","Distraction+1"],"picked":"Skewer+1","floor":36},{"not_picked":["Cloak And Dagger","Quick Slash"],"picked":"Flying Knee","floor":38},{"not_picked":["Deflect+1","Distraction+1"],"picked":"Heel Hook+1","floor":39},{"not_picked":["Venomology","Deadly Poison"],"picked":"Heel Hook+1","floor":41},{"not_picked":["Flying Knee+1","Dagger Throw"],"picked":"Quick Slash+1","floor":46}],"player_experience":145649,"relics_obtained":[{"floor":9,"key":"Lantern"},{"floor":11,"key":"Mummified Hand"},{"floor":21,"key":"Enchiridion"},{"floor":24,"key":"Strawberry"},{"floor":26,"key":"Ancient Tea Set"},{"floor":28,"key":"The Courier"},{"floor":38,"key":"StoneCalendar"},{"floor":43,"key":"Pantograph"}],"event_choices":[{"event_name":"World of Goop","player_choice":"Gather Gold","floor":2,"damage_taken":0},{"event_name":"The Cleric","player_choice":"Card Removal","floor":3,"damage_taken":0},{"event_name":"Big Fish","player_choice":"Donut","floor":5,"damage_taken":0},{"event_name":"Golden Shrine","player_choice":"Pray","floor":10,"damage_taken":0},{"event_name":"Golden Idol","player_choice":"Lose Max HP","floor":14,"damage_taken":0},{"event_name":"Ghosts","player_choice":"Became a Ghost","floor":19,"damage_taken":0},{"event_name":"Cursed Tome","player_choice":"Obtained Book","floor":21,"damage_taken":0},{"event_name":"Duplicator","player_choice":"One dupe","floor":27,"damage_taken":0},{"event_name":"Wheel of Change","player_choice":"Card Removal","floor":37,"damage_taken":0},{"event_name":"Mysterious Sphere","player_choice":"Fight","floor":38,"damage_taken":0},{"event_name":"Winding Halls","player_choice":"Embrace Madness","floor":44,"damage_taken":0}],"is_beta":false,"boss_relics":[{"not_picked":["HoveringKite","Velvet Choker"],"picked":"Philosopher\u0027s Stone"},{"not_picked":["Empty Cage","Eternal Feather"],"picked":"Ring of the Serpent"}],"items_purged_floors":[12,22],"is_endless":false,"potions_floor_spawned":[7,16,18,24,41,46],"ascension_level":0}