{"gold_per_floor":[114,129,129,54,69,69,69,69,144,144,163,163,63,82,82,207,207,226,245,264,139,139,158,158,177,202,221,240,90,5,24,24,149,149,168,187,187,187,187,225,225,244,244,282,107,107,126,145,145,145],"floor_reached":51,"playtime":2783,"items_purged":["Uppercut","Discovery","Infernal Blade","Forethought+1","Twin Strike"],"score":826,"play_id":"29868645-b609-437d-98c7-169cbf7933f9","local_time":"20190526031557","daily_mods":["Draft","Colorless Cards","Lethality"],"is_ascension_mode":false,"campfire_choices":[{"data":"Pommel Strike","floor":6,"key":"SMITH"},{"data":"Deep Breath","floor":10,"key":"SMITH"},{"data":"Forethought","floor":15,"key":"SMITH"},{"data":"Sword Boomerang","floor":24,"key":"SMITH"},{"data":"Madness","floor":32,"key":"SMITH"},{"data":"Finesse","floor":41,"key":"SMITH"},{"data":"Limit Break","floor":49,"key":"SMITH"}],"neow_cost":"","seed_source_timestamp":0,"circlet_count":0,"master_deck":["Warcry+1","Twin Strike","Pommel Strike+1","Dramatic Entrance","Thunderclap","Sword Boomerang+1","Deep Breath+1","Madness+1","Fiend Fire","Finesse+1","Finesse","Finesse","Secret Weapon","Limit Break+1"],"special_seed":18042,"relics":["Burning Blood","Golden Idol","Meat on the Bone","Sozu","Dream Catcher","Ornamental Fan","Runic Dome","Vajra","Bottled Flame","Ancient Tea Set"],"potions_floor_usage":[16,31],"damage_taken":[{"damage":0,"enemies":"Cultist","floor":1,"turns":1},{"damage":0,"enemies":"2 Louse","floor":2,"turns":1},{"damage":0,"enemies":"Jaw Worm","floor":5,"turns":1},{"damage":0,"enemies":"Looter","floor":11,"turns":1},{"damage":0,"enemies":"Red Slaver","floor":14,"turns":1},{"damage":42,"enemies":"The Guardian","floor":16,"turns":3},{"damage":16,"enemies":"Chosen","floor":18,"turns":2},{"damage":0,"enemies":"Shell Parasite","floor":19,"turns":1},{"damage":3,"enemies":"3 Cultists","floor":20,"turns":2},{"damage":16,"enemies":"Chosen and Byrds","floor":23,"turns":2},{"damage":0,"enemies":"Snecko","floor":25,"turns":2},{"damage":0,"enemies":"3 Cultists","floor":27,"turns":2},{"damage":16,"enemies":"Cultist and Chosen","floor":28,"turns":3},{"damage":0,"enemies":"Shelled Parasite and Fungi","floor":31,"turns":1},{"damage":0,"enemies":"Automaton","floor":33,"turns":2},{"damage":0,"enemies":"Orb Walker","floor":35,"turns":1},{"damage":12,"enemies":"3 Shapes","floor":36,"turns":1},{"damage":0,"enemies":"Giant Head","floor":40,"turns":2},{"damage":0,"enemies":"Maw","floor":42,"turns":2},{"damage":0,"enemies":"Reptomancer","floor":44,"turns":2},{"damage":10,"enemies":"Writhing Mass","floor":47,"turns":2},{"damage":0,"enemies":"3 Darklings","floor":48,"turns":1},{"damage":75,"enemies":"Time Eater","floor":50,"turns":5}],"seed_played":"7031275536137985016","potions_obtained":[{"floor":2,"key":"Dexterity Potion"},{"floor":8,"key":"Swift Potion"},{"floor":8,"key":"SpeedPotion"},{"floor":8,"key":"Poison Potion"}],"is_trial":false,"path_per_floor":["M","M","?","$","M","R","?","?","T","R","M","?","$","M","R","B",null,"M","M","M","$","?","M","R","M","T","M","M","$","?","M","R","B",null,"M","M","?","?","?","E","R","M","T","E","$","?","M","M","R","B",null],"character_chosen":"IRONCLAD","items_purchased":[],"campfire_rested":0,"item_purchase_floors":[],"current_hp_per_floor":[80,80,73,73,79,79,59,59,59,59,65,70,70,76,76,52,80,70,76,79,79,79,69,69,75,75,80,70,70,70,76,76,80,80,80,74,74,64,64,70,70,76,76,76,76,76,72,76,76,19],"gold":145,"neow_bonus":"","is_prod":false,"is_daily":true,"chose_seed":false,"campfire_upgraded":7,"win_rate":0,"timestamp":1558836957,"path_taken":["M","?","?","$","M","R","?","?","T","R","?","?","$","M","R","BOSS","M","?","M","$","?","?","R","M","T","M","M","$","?","M","R","BOSS","M","M","?","?","?","E","R","M","T","E","$","?","M","M","R","BOSS"],"build_version":"2019-01-23","purchased_purges":5,"victory":true,"max_hp_per_floor":[80,80,80,80,80,80,80,80,80,80,80,80,80,80,80,80,80,80,80,80,80,80,80,80,80,80,80,80,80,80,80,80,80,80,80,80,80,80,76,76,76,76,76,76,76,76,76,76,76,76],"card_choices":[{"not_picked":["Twin Strike","Perfected Strike"],"picked":"Uppercut","floor":0},{"not_picked":["Ghostly Armor","True Grit"],"picked":"Warcry","floor":0},{"not_picked":["Hemokinesis","Sentinel"],"picked":"Dual Wield","floor":0},{"not_picked":["Armaments","Perfected Strike"],"picked":"Twin Strike","floor":0},{"not_picked":["Anger","Sword Boomerang"],"picked":"Pommel Strike","floor":0},{"not_picked":["Feel No Pain","Reckless Charge"],"picked":"Twin Strike","floor":0},{"not_picked":["Iron Wave","Twin Strike"],"picked":"Dramatic Entrance","floor":0},{"not_picked":["Cleave","Twin Strike"],"picked":"Thunderclap","floor":0},{"not_picked":["Body Slam","Iron Wave"],"picked":"Twin Strike","floor":0},{"not_picked":["Second Wind","Anger"],"picked":"Discovery","floor":0},{"not_picked":["Entrench","Bloodletting"],"picked":"Sword Boomerang","floor":0},{"not_picked":["Twin Strike","Anger"],"picked":"Pommel Strike","floor":0},{"not_picked":["Thunderclap","Perfected Strike"],"picked":"Infernal Blade","floor":0},{"not_picked":["Anger","Cleave"],"picked":"Deep Breath","floor":0},{"not_picked":["Thunderclap","Clothesline"],"picked":"Forethought","floor":0},{"not_picked":["Body Slam","Disarm","Perfected Strike"],"picked":"SKIP","floor":1},{"not_picked":["Flex","Pummel"],"picked":"Madness","floor":2},{"not_picked":["Shrug It Off","Clothesline","Thunderclap"],"picked":"SKIP","floor":5},{"not_picked":["Bloodletting","Clash","Enlightenment"],"picked":"SKIP","floor":11},{"not_picked":["Heavy Blade","Bloodletting","Perfected Strike"],"picked":"SKIP","floor":14},{"not_picked":["True Grit","Clothesline","Warcry"],"picked":"SKIP","floor":18},{"not_picked":["Sword Boomerang+1","Iron Wave","Battle Trance"],"picked":"SKIP","floor":19},{"not_picked":["Intimidate","Body Slam","Cleave"],"picked":"SKIP","floor":20},{"not_picked":["Armaments","Panacea+1","Dramatic Entrance"],"picked":"SKIP","floor":23},{"not_picked":["Perfected Strike","Twin Strike"],"picked":"Fiend Fire","floor":25},{"not_picked":["Iron Wave+1","Cleave","Dark Shackles"],"picked":"SKIP","floor":27},{"not_picked":["Flex","Dark Shackles"],"picked":"Finesse","floor":28},{"not_picked":["Clash","Iron Wave","Shrug It Off"],"picked":"SKIP","floor":31},{"not_picked":["Armaments","Blind","Headbutt+1"],"picked":"SKIP","floor":35},{"not_picked":["Twin Strike","Blood for Blood","Iron Wave"],"picked":"SKIP","floor":36},{"not_picked":["Madness","Thinking Ahead"],"picked":"Finesse","floor":38},{"not_picked":["Thinking Ahead","Trip"],"picked":"Finesse","floor":38},{"not_picked":["Forethought","Mayhem"],"picked":"Secret Weapon","floor":38},{"not_picked":["Metallicize+1","Warcry","Twin Strike"],"picked":"SKIP","floor":40},{"not_picked":["Anger","True Grit","Panacea"],"picked":"SKIP","floor":42},{"not_picked":["Havoc","Fire Breathing","Twin Strike"],"picked":"SKIP","floor":44},{"not_picked":["True Grit+1","Dramatic Entrance","Whirlwind"],"picked":"SKIP","floor":47},{"not_picked":["Cleave+1","Heavy Blade+1","Clash+1"],"picked":"SKIP","floor":48}],"player_experience":271492,"relics_obtained":[{"floor":9,"key":"Meat on the Bone"},{"floor":26,"key":"Dream Catcher"},{"floor":40,"key":"Vajra"},{"floor":43,"key":"Bottled Flame"},{"floor":44,"key":"Ancient Tea Set"}],"event_choices":[{"cards_removed":["Dual Wield"],"damage_healed":0,"gold_gain":0,"player_choice":"Card Removal","damage_taken":7,"max_hp_gain":0,"max_hp_loss":0,"event_name":"Golden Wing","floor":3,"gold_loss":0},{"damage_healed":0,"gold_gain":0,"player_choice":"Take Damage","damage_taken":20,"relics_obtained":["Golden Idol"],"max_hp_gain":0,"max_hp_loss":0,"event_name":"Golden Idol","floor":7,"gold_loss":0},{"damage_healed":0,"gold_gain":0,"player_choice":"Got Potions","damage_taken":0,"max_hp_gain":0,"max_hp_loss":0,"event_name":"Lab","floor":8,"gold_loss":0},{"cards_removed":["Pommel Strike"],"damage_healed":5,"gold_gain":0,"player_choice":"Offered Common","damage_taken":0,"max_hp_gain":0,"max_hp_loss":0,"event_name":"Bonfire Elementals","floor":12,"gold_loss":0},{"cards_removed":["Pommel Strike"],"damage_healed":5,"gold_gain":0,"player_choice":"Offered Special","damage_taken":0,"max_hp_gain":0,"max_hp_loss":0,"event_name":"Bonfire Elementals","floor":12,"gold_loss":0},{"damage_healed":0,"gold_gain":0,"player_choice":"Forge","damage_taken":0,"max_hp_gain":0,"max_hp_loss":0,"event_name":"Accursed Blacksmith","floor":22,"gold_loss":0,"cards_upgraded":["Warcry"]},{"damage_healed":0,"gold_gain":0,"player_choice":"Obtained Relic","damage_taken":0,"relics_obtained":["Ornamental Fan"],"max_hp_gain":0,"max_hp_loss":0,"event_name":"Addict","floor":30,"gold_loss":85},{"damage_healed":0,"gold_gain":0,"player_choice":"Ignored","damage_taken":0,"max_hp_gain":0,"max_hp_loss":0,"event_name":"Tomb of Lord Red Mask","floor":37,"gold_loss":0},{"damage_healed":0,"gold_gain":0,"player_choice":"Memory 3","damage_taken":10,"max_hp_gain":0,"max_hp_loss":0,"event_name":"SensoryStone","floor":38,"gold_loss":0},{"damage_healed":0,"gold_gain":0,"player_choice":"Max HP","damage_taken":0,"max_hp_gain":0,"max_hp_loss":4,"event_name":"Winding Halls","floor":39,"gold_loss":0},{"damage_healed":0,"gold_gain":0,"cards_transformed":["Twin Strike"],"player_choice":"Transformed","damage_taken":0,"max_hp_gain":0,"max_hp_loss":0,"event_name":"Transmorgrifier","floor":46,"gold_loss":0,"cards_obtained":["Limit Break"]}],"is_beta":false,"boss_relics":[{"not_picked":["Ectoplasm","Orrery"],"picked":"Sozu"},{"not_picked":["Snecko Eye","Black Star"],"picked":"Runic Dome"}],"items_purged_floors":[4,13,21,29,45],"is_endless":false,"potions_floor_spawned":[2,19,27,33,35,44,47,48],"ascension_level":0}