{"gold_per_floor":[114,129,18,33,48,48,63,63,63,78,93,93,108,123,123,223,223,238,238,238,238,238,238,253,42,42,42,42,42,57,72,72,72],"floor_reached":33,"playtime":2184,"items_purged":["Strike_G","Strike_G+1"],"score":241,"play_id":"ef08fc97-5727-400c-a377-1b1878ce0704","local_time":"20190708103152","daily_mods":["Heirloom","Colorless Cards","Terminal"],"is_ascension_mode":false,"campfire_choices":[{"data":"Skewer","floor":6,"key":"SMITH"},{"data":"Skewer","floor":12,"key":"SMITH"},{"data":"Predator","floor":15,"key":"SMITH"},{"data":"RitualDagger","floor":23,"key":"SMITH"},{"data":"Unload","floor":27,"key":"SMITH"},{"data":"Deep Breath","floor":29,"key":"SMITH"},{"data":"The Bomb","floor":32,"key":"SMITH"}],"neow_cost":"","seed_source_timestamp":0,"circlet_count":0,"master_deck":["Strike_G+1","Strike_G+1","Defend_G+1","Defend_G+1","Defend_G+1","Defend_G+1","Defend_G+1","Survivor","Neutralize","Skewer+1","Prepared","Predator+1","Trip","Prepared","Quick Slash","Corpse Explosion","Skewer+1","PiercingWail","Acrobatics","Unload+1","Calculated Gamble","RitualDagger+1","Deep Breath+1","Dagger Spray","Trip","The Bomb+1","Good Instincts"],"special_seed":18085,"relics":["Ring of the Snake","Turnip","Question Card","Sozu","Bag of Marbles","Gremlin Horn"],"potions_floor_usage":[33,33,33],"damage_taken":[{"damage":0,"enemies":"Jaw Worm","floor":1,"turns":5},{"damage":0,"enemies":"Small Slimes","floor":2,"turns":2},{"damage":0,"enemies":"2 Louse","floor":4,"turns":2},{"damage":0,"enemies":"Large Slime","floor":5,"turns":4},{"damage":0,"enemies":"3 Louse","floor":7,"turns":3},{"damage":0,"enemies":"Lots of Slimes","floor":10,"turns":4},{"damage":0,"enemies":"Large Slime","floor":11,"turns":4},{"damage":0,"enemies":"3 Louse","floor":13,"turns":2},{"damage":0,"enemies":"Lots of Slimes","floor":14,"turns":2},{"damage":41,"enemies":"Hexaghost","floor":16,"turns":9},{"damage":0,"enemies":"3 Byrds","floor":18,"turns":2},{"damage":0,"enemies":"Shell Parasite","floor":24,"turns":2},{"damage":0,"enemies":"3 Cultists","floor":30,"turns":4},{"damage":5,"enemies":"Snecko","floor":31,"turns":4},{"damage":42,"enemies":"Champ","floor":33,"turns":9}],"seed_played":"-1033485065837994078","potions_obtained":[{"floor":4,"key":"SneckoOil"},{"floor":5,"key":"PowerPotion"},{"floor":7,"key":"Weak Potion"},{"floor":13,"key":"Dexterity Potion"}],"is_trial":false,"path_per_floor":["M","M","$","M","M","R","M","?","T","M","M","R","M","M","R","B",null,"M","?","?","?","?","R","M","$","T","R","T","R","M","M","R","B"],"character_chosen":"THE_SILENT","items_purchased":["Predator","Dagger Spray","Trip"],"campfire_rested":0,"item_purchase_floors":[3,25,25],"current_hp_per_floor":[68,67,66,65,64,63,62,55,55,55,55,55,55,55,54,13,52,51,50,49,43,36,36,36,36,36,36,36,36,36,31,31,0],"gold":72,"neow_bonus":"","is_prod":false,"is_daily":true,"chose_seed":false,"campfire_upgraded":7,"win_rate":0,"timestamp":1562549512,"path_taken":["M","M","$","M","M","R","M","?","T","M","M","R","M","M","R","BOSS","M","?","?","?","?","R","M","?","T","R","?","R","M","M","R","BOSS"],"build_version":"2019-07-05","purchased_purges":2,"victory":false,"max_hp_per_floor":[68,67,66,65,64,63,62,61,60,59,58,57,56,55,54,53,52,51,50,49,48,52,51,50,49,48,47,46,45,44,43,42,42],"card_choices":[{"not_picked":["Backflip","Panacea"],"picked":"Skewer","floor":1},{"not_picked":["Purity","Blade Dance"],"picked":"Prepared","floor":2},{"not_picked":["Bane","Underhanded Strike"],"picked":"Trip","floor":4},{"not_picked":["Panacea","Cloak And Dagger"],"picked":"Prepared","floor":5},{"not_picked":["Poisoned Stab","Outmaneuver"],"picked":"Quick Slash","floor":7},{"not_picked":["Flying Knee","Cloak And Dagger","PiercingWail"],"picked":"Corpse Explosion","floor":10},{"not_picked":["Dodge and Roll","Backflip","Cloak And Dagger"],"picked":"Skewer","floor":11},{"not_picked":["Endless Agony","Flying Knee","Dagger Throw"],"picked":"PiercingWail","floor":13},{"not_picked":["Distraction","Dagger Throw","Madness"],"picked":"Acrobatics","floor":14},{"not_picked":["Doppelganger","Secret Weapon","Glass Knife"],"picked":"Unload","floor":16},{"not_picked":["Quick Slash+1","Backflip+1","Acrobatics+1"],"picked":"Calculated Gamble","floor":18},{"not_picked":["Acrobatics","Slice","Dodge and Roll"],"picked":"Deep Breath","floor":24},{"not_picked":["Dodge and Roll+1","Dagger Spray","Endless Agony"],"picked":"The Bomb","floor":30},{"not_picked":["Accuracy","Slice+1","Finesse"],"picked":"Good Instincts","floor":31}],"player_experience":52932,"relics_obtained":[{"floor":9,"key":"Question Card"},{"floor":26,"key":"Bag of Marbles"},{"floor":28,"key":"Gremlin Horn"}],"event_choices":[{"cards_removed":["Strike_G"],"damage_healed":0,"gold_gain":0,"player_choice":"Card Removal","damage_taken":7,"max_hp_gain":0,"max_hp_loss":0,"event_name":"Golden Wing","floor":8,"gold_loss":0},{"damage_healed":0,"gold_gain":0,"player_choice":"Simplicity","damage_taken":0,"max_hp_gain":0,"max_hp_loss":0,"event_name":"Back to Basics","floor":19,"gold_loss":0,"cards_upgraded":["Strike_G","Strike_G","Strike_G","Defend_G","Defend_G","Defend_G","Defend_G","Defend_G"]},{"damage_healed":0,"gold_gain":0,"player_choice":"Ignored","damage_taken":0,"max_hp_gain":0,"max_hp_loss":0,"event_name":"Vampires","floor":20,"gold_loss":0},{"damage_healed":0,"gold_gain":0,"player_choice":"Joined the Cult","damage_taken":6,"max_hp_gain":0,"max_hp_loss":0,"event_name":"Nest","floor":21,"gold_loss":0,"cards_obtained":["RitualDagger"]},{"damage_healed":0,"gold_gain":0,"player_choice":"Shed Blood","damage_taken":12,"max_hp_gain":5,"max_hp_loss":0,"event_name":"Forgotten Altar","floor":22,"gold_loss":0}],"is_beta":false,"boss_relics":[{"not_picked":["Astrolabe","Busted Crown"],"picked":"Sozu"}],"items_purged_floors":[3,25],"is_endless":false,"potions_floor_spawned":[4,5,7,13,14,16,24,31],"killed_by":"Champ","ascension_level":0}