{"gold_per_floor":[114,114,129,144,159,159,189,189,189,204,219,249,264,279,279,379,379,394,244,259,459,121,151,151,166,191,191,206,236,251,281,281,381,381,396,411,411,426,441,471,471,501,576,77,107,122,137,167,167,167],"floor_reached":51,"playtime":3644,"items_purged":[],"score":1168,"play_id":"ebc04621-cea4-4a6e-b191-32d6749bbf8f","local_time":"20190604224309","daily_mods":["Shiny","Time Dilation","Night Terrors"],"is_ascension_mode":false,"campfire_choices":[{"data":"Wraith Form v2","floor":6,"key":"SMITH"},{"data":"Terror","floor":8,"key":"SMITH"},{"data":"Bullet Time","floor":15,"key":"SMITH"},{"data":"Bullet Time","floor":24,"key":"SMITH"},{"data":"Bullet Time","floor":32,"key":"SMITH"},{"data":"Wraith Form v2","floor":49,"key":"SMITH"}],"neow_cost":"","seed_source_timestamp":0,"circlet_count":0,"master_deck":["Venomology","Corpse Explosion","Malaise","Phantasmal Killer","Die Die Die","Adrenaline","Envenom","Doppelganger","Burst","Wraith Form v2+1","Tools of the Trade","Night Terror","Unload","After Image","Bullet Time+1","Storm of Steel","Glass Knife","A Thousand Cuts","Sucker Punch","Terror+1","PiercingWail+1","Finisher","Backflip","Backflip","Backflip","Backflip","Wraith Form v2+1","Infinite Blades","Bullet Time+1","Backflip","Backflip+1","Bullet Time+1","Die Die Die","Bullet Time+1","Quick Slash","Writhe","Blade Dance+1","Prepared+1","Quick Slash+1","Glass Knife","Sucker Punch+1","Writhe","Flying Knee+1","Finisher+1","Backflip","Dagger Throw","Dagger Spray"],"special_seed":18051,"relics":["Ring of the Snake","Vajra","Bottled Tornado","Snake Skull","Sozu","Anchor","DollysMirror","Du-Vu Doll","Happy Flower","War Paint","Boot","Pen Nib","Busted Crown","Frozen Egg 2","Kunai","Gremlin Horn","FossilizedHelix","Lantern","Mercury Hourglass","Pear"],"potions_floor_usage":[12,18,45],"damage_taken":[{"damage":0,"enemies":"2 Louse","floor":1,"turns":1},{"damage":0,"enemies":"Cultist","floor":3,"turns":2},{"damage":0,"enemies":"Small Slimes","floor":4,"turns":2},{"damage":4,"enemies":"3 Louse","floor":5,"turns":3},{"damage":0,"enemies":"Lagavulin","floor":7,"turns":2},{"damage":0,"enemies":"Large Slime","floor":10,"turns":1},{"damage":21,"enemies":"Exordium Thugs","floor":11,"turns":2},{"damage":0,"enemies":"Gremlin Nob","floor":12,"turns":3},{"damage":2,"enemies":"Blue Slaver","floor":13,"turns":4},{"damage":0,"enemies":"2 Fungi Beasts","floor":14,"turns":2},{"damage":0,"enemies":"Slime Boss","floor":16,"turns":4},{"damage":0,"enemies":"Chosen","floor":18,"turns":2},{"damage":0,"enemies":"3 Byrds","floor":20,"turns":3},{"damage":0,"enemies":"Gremlin Leader","floor":23,"turns":3},{"damage":0,"enemies":"Cultist and Chosen","floor":25,"turns":2},{"damage":0,"enemies":"Snake Plant","floor":28,"turns":2},{"damage":0,"enemies":"Slavers","floor":29,"turns":2},{"damage":0,"enemies":"Centurion and Healer","floor":30,"turns":2},{"damage":0,"enemies":"Book of Stabbing","floor":31,"turns":3},{"damage":6,"enemies":"Automaton","floor":33,"turns":6},{"damage":0,"enemies":"3 Shapes","floor":35,"turns":2},{"damage":0,"enemies":"Orb Walker","floor":36,"turns":2},{"damage":0,"enemies":"Transient","floor":38,"turns":5},{"damage":0,"enemies":"Spire Growth","floor":39,"turns":3},{"damage":0,"enemies":"Reptomancer","floor":40,"turns":3},{"damage":0,"enemies":"Giant Head","floor":42,"turns":3},{"damage":0,"enemies":"Nemesis","floor":45,"turns":2},{"damage":0,"enemies":"Jaw Worm Horde","floor":46,"turns":4},{"damage":0,"enemies":"Maw","floor":47,"turns":4},{"damage":0,"enemies":"Reptomancer","floor":48,"turns":2},{"damage":7,"enemies":"Awakened One","floor":50,"turns":6}],"seed_played":"9214061577332068412","potions_obtained":[{"floor":1,"key":"GamblersBrew"},{"floor":4,"key":"Fire Potion"},{"floor":7,"key":"Swift Potion"},{"floor":11,"key":"PowerPotion"}],"is_trial":false,"path_per_floor":["M","?","M","M","M","R","E","R","T","M","M","E","M","M","R","B",null,"M","$","M","?","$","E","R","M","T","?","M","E","M","E","R","B",null,"M","M","?","M","M","E","?","E","T","$","E","M","M","E","R","B",null],"character_chosen":"THE_SILENT","items_purchased":["Anchor","DollysMirror","Die Die Die","FossilizedHelix","Lantern","Backflip"],"campfire_rested":0,"item_purchase_floors":[19,22,22,44,44,44],"current_hp_per_floor":[70,70,70,70,66,66,66,66,66,66,45,45,43,43,43,43,70,70,70,70,70,70,70,70,70,70,70,70,70,70,70,70,64,70,70,70,70,70,70,70,70,70,70,70,70,70,70,80,80,73],"gold":167,"neow_bonus":"","is_prod":false,"is_daily":true,"chose_seed":false,"campfire_upgraded":6,"win_rate":0,"timestamp":1559684589,"path_taken":["M","?","M","M","M","R","E","R","T","M","M","E","?","M","R","BOSS","M","$","M","?","?","E","R","M","T","?","M","E","M","E","R","BOSS","M","M","?","M","M","E","?","E","T","$","E","?","M","E","R","BOSS"],"build_version":"2019-01-23","purchased_purges":0,"victory":true,"max_hp_per_floor":[70,70,70,70,70,70,70,70,70,70,70,70,70,70,70,70,70,70,70,70,70,70,70,70,70,70,70,70,70,70,70,70,70,70,70,70,70,70,70,70,70,70,70,70,70,70,70,80,80,80],"card_choices":[{"not_picked":["Crippling Poison","Prepared"],"picked":"Sucker Punch","floor":1},{"not_picked":["Bane","Poisoned Stab"],"picked":"PiercingWail","floor":3},{"not_picked":["Flechettes","Sucker Punch"],"picked":"Finisher","floor":4},{"not_picked":["Underhanded Strike","Acrobatics"],"picked":"Backflip","floor":5},{"not_picked":["Accuracy","Dodge and Roll"],"picked":"Backflip","floor":7},{"not_picked":["Dodge and Roll","Night Terror"],"picked":"Backflip","floor":10},{"not_picked":["Sucker Punch","Cloak And Dagger"],"picked":"Backflip","floor":11},{"not_picked":["Outmaneuver","Dodge and Roll","Flechettes"],"picked":"SKIP","floor":12},{"not_picked":["Poisoned Stab","Flying Knee"],"picked":"Wraith Form v2","floor":13},{"not_picked":["Cloak And Dagger","Outmaneuver"],"picked":"Infinite Blades","floor":14},{"not_picked":["Envenom","Night Terror"],"picked":"Bullet Time","floor":16},{"not_picked":["Crippling Poison","Deadly Poison"],"picked":"Backflip","floor":18},{"not_picked":["Dodge and Roll","Acrobatics+1"],"picked":"Backflip","floor":20},{"not_picked":["Bane","Heel Hook+1"],"picked":"Bullet Time","floor":23},{"not_picked":["Acrobatics","Concentrate"],"picked":"Quick Slash","floor":25},{"not_picked":["Flying Knee","Cloak And Dagger","Poisoned Stab+1"],"picked":"SKIP","floor":28},{"not_picked":["Expertise","Malaise"],"picked":"Blade Dance+1","floor":29},{"not_picked":["Flying Knee","Dagger Spray+1"],"picked":"Prepared+1","floor":30},{"not_picked":["Well Laid Plans","Slice"],"picked":"Quick Slash+1","floor":31},{"not_picked":["Storm of Steel","Die Die Die"],"picked":"Glass Knife","floor":33},{"not_picked":[],"picked":"Sucker Punch+1","floor":35},{"not_picked":["Catalyst"],"picked":"SKIP","floor":36},{"not_picked":[],"picked":"Flying Knee+1","floor":38},{"not_picked":["Slice"],"picked":"SKIP","floor":39},{"not_picked":["Heel Hook+1"],"picked":"SKIP","floor":40},{"not_picked":[],"picked":"Finisher+1","floor":42},{"not_picked":[],"picked":"Dagger Throw","floor":45},{"not_picked":["Tactician"],"picked":"SKIP","floor":46},{"not_picked":[],"picked":"Dagger Spray","floor":47},{"not_picked":["Tactician+1"],"picked":"SKIP","floor":48}],"player_experience":295946,"relics_obtained":[{"floor":7,"key":"Vajra"},{"floor":9,"key":"Bottled Tornado"},{"floor":12,"key":"Snake Skull"},{"floor":23,"key":"Du-Vu Doll"},{"floor":26,"key":"Happy Flower"},{"floor":29,"key":"Boot"},{"floor":31,"key":"Pen Nib"},{"floor":40,"key":"Frozen Egg 2"},{"floor":42,"key":"Kunai"},{"floor":43,"key":"Gremlin Horn"},{"floor":45,"key":"Mercury Hourglass"},{"floor":48,"key":"Pear"}],"event_choices":[{"damage_healed":0,"gold_gain":0,"cards_transformed":["Grand Finale"],"player_choice":"Transformed","damage_taken":0,"max_hp_gain":0,"max_hp_loss":0,"event_name":"Transmorgrifier","floor":2,"gold_loss":0,"cards_obtained":["Terror"]},{"damage_healed":0,"gold_gain":200,"player_choice":"Gold","damage_taken":0,"max_hp_gain":0,"max_hp_loss":0,"event_name":"Wheel of Change","floor":21,"gold_loss":0},{"damage_healed":0,"gold_gain":0,"player_choice":"Opened","damage_taken":0,"relics_obtained":["War Paint"],"max_hp_gain":0,"max_hp_loss":0,"event_name":"The Mausoleum","floor":27,"gold_loss":0,"cards_obtained":["Writhe"]},{"damage_healed":18,"gold_gain":0,"player_choice":"Writhe","damage_taken":0,"max_hp_gain":0,"max_hp_loss":0,"event_name":"Winding Halls","floor":37,"gold_loss":0,"cards_obtained":["Writhe"]},{"damage_healed":0,"gold_gain":0,"player_choice":"Got Potions","damage_taken":0,"max_hp_gain":0,"max_hp_loss":0,"event_name":"Lab","floor":41,"gold_loss":0}],"is_beta":false,"boss_relics":[{"not_picked":["Ring of the Serpent","Tiny House"],"picked":"Sozu"},{"not_picked":["Lizard Tail","Calling Bell"],"picked":"Busted Crown"}],"items_purged_floors":[],"is_endless":false,"potions_floor_spawned":[1,4,7,11,14,23,28,30,31,33,38,40,42,45,48],"ascension_level":0}