{"gold_per_floor":[112,112,112,123,141,171,171,181,181,74,74],"floor_reached":11,"playtime":373,"items_purged":["Strike_B"],"score":139,"play_id":"90ea23cf-0941-4331-bfce-66b2cb73ef5e","local_time":"20190427182859","is_ascension_mode":true,"campfire_choices":[],"neow_cost":"NONE","seed_source_timestamp":618166385037300,"circlet_count":0,"master_deck":["AscendersBane","Strike_B","Strike_B","Defend_B","Defend_B","Defend_B","Defend_B","Zap+1","Dualcast","Barrage","BootSequence","Conserve Battery","Steam","Go for the Eyes"],"relics":["Cracked Core","Strawberry","The Courier","Gremlin Horn"],"potions_floor_usage":[11],"damage_taken":[{"damage":2,"enemies":"Cultist","floor":1,"turns":4},{"damage":5,"enemies":"Small Slimes","floor":4,"turns":3},{"damage":6,"enemies":"Jaw Worm","floor":5,"turns":4},{"damage":55,"enemies":"3 Sentries","floor":6,"turns":12},{"damage":1,"enemies":"2 Fungi Beasts","floor":8,"turns":4},{"damage":15,"enemies":"Gremlin Gang","floor":11,"turns":3}],"seed_played":"4310491653077962250","potions_obtained":[{"floor":4,"key":"FearPotion"},{"floor":5,"key":"LiquidBronze"}],"is_trial":false,"path_per_floor":["M","T","?","M","M","E","?","M","T","$","M"],"character_chosen":"DEFECT","items_purchased":["Go for the Eyes"],"campfire_rested":0,"item_purchase_floors":[10],"current_hp_per_floor":[69,76,76,71,65,10,10,9,9,9,0],"gold":74,"neow_bonus":"TEN_PERCENT_HP_BONUS","is_prod":false,"is_daily":false,"chose_seed":false,"campfire_upgraded":0,"win_rate":0,"timestamp":1556414939,"path_taken":["M","?","?","M","?","E","?","M","T","$","?"],"build_version":"2019-01-23","purchased_purges":1,"victory":false,"max_hp_per_floor":[78,85,85,85,85,85,85,85,85,85,85],"card_choices":[{"not_picked":["Beam Cell","Streamline","Undo"],"picked":"SKIP","floor":1},{"not_picked":["Blizzard","Leap","Barrage"],"picked":"SKIP","floor":4},{"not_picked":["Turbo","Sweeping Beam"],"picked":"BootSequence","floor":5},{"not_picked":["FTL","Stack"],"picked":"Conserve Battery","floor":6},{"not_picked":["Rebound","Conserve Battery"],"picked":"Steam","floor":8}],"player_experience":1318655,"relics_obtained":[{"floor":2,"key":"Strawberry"},{"floor":6,"key":"The Courier"},{"floor":9,"key":"Gremlin Horn"}],"event_choices":[{"damage_healed":0,"gold_gain":0,"cards_transformed":["Strike_B"],"player_choice":"Transformed","damage_taken":0,"max_hp_gain":0,"max_hp_loss":0,"event_name":"Transmorgrifier","floor":3,"gold_loss":0,"cards_obtained":["Barrage"]},{"damage_healed":0,"gold_gain":0,"player_choice":"Forge","damage_taken":0,"max_hp_gain":0,"max_hp_loss":0,"event_name":"Accursed Blacksmith","floor":7,"gold_loss":0,"cards_upgraded":["Zap"]}],"is_beta":false,"boss_relics":[],"items_purged_floors":[10],"is_endless":false,"potions_floor_spawned":[4,5,8],"killed_by":"Gremlin Gang","ascension_level":18}