{"gold_per_floor":[115,130,205,94,107,107,120,120,120,138,138,155,167,225,225,325,325,337,357,375,375,474,474,13,13,40,53,53,64,76,87,87,182,182,198,211,211,36,51,85,85,120,143,143,154,169,169,186,186,186],"floor_reached":51,"playtime":9439,"items_purged":["Strike_G+1","Defend_G+1"],"score":705,"play_id":"480c2897-79eb-4f55-88c5-fdd0d6b5b7c7","local_time":"20190621194548","is_ascension_mode":false,"campfire_choices":[{"data":"Neutralize","floor":6,"key":"SMITH"},{"data":"Footwork","floor":8,"key":"SMITH"},{"data":"Noxious Fumes","floor":15,"key":"SMITH"},{"data":"Prepared","floor":23,"key":"SMITH"},{"data":"Catalyst","floor":28,"key":"SMITH"},{"data":"Outmaneuver","floor":32,"key":"SMITH"},{"data":"Acrobatics","floor":41,"key":"SMITH"},{"data":"Well Laid Plans","floor":49,"key":"SMITH"}],"neow_cost":"NONE","seed_source_timestamp":266394408041000,"circlet_count":0,"master_deck":["Defend_G+1","Defend_G+1","Defend_G+1","Defend_G+1","Strike_G+1","Strike_G+1","Strike_G+1","Survivor","Neutralize+1","Footwork+1","Backstab","Escape Plan","Well Laid Plans+1","Acrobatics","Acrobatics+1","Catalyst+1","Adrenaline","Noxious Fumes+1","Backflip","After Image","Prepared+1","Dash","Adrenaline","Outmaneuver+1","Acrobatics","Tactician+1","Deadly Poison+1","Outmaneuver+1","Flying Knee","Backflip","Choke+1"],"relics":["Ring of the Serpent","Strawberry","Bottled Tornado","Membership Card","Happy Flower","Bag of Marbles","Orichalcum","Sozu","Mummified Hand","Sundial","Boot","Bird Faced Urn","Bag of Preparation"],"potions_floor_usage":[27,46],"damage_taken":[{"damage":0,"enemies":"2 Louse","floor":1,"turns":5},{"damage":0,"enemies":"Cultist","floor":2,"turns":5},{"damage":0,"enemies":"Jaw Worm","floor":5,"turns":5},{"damage":0,"enemies":"3 Louse","floor":7,"turns":5},{"damage":5,"enemies":"Blue Slaver","floor":10,"turns":4},{"damage":4,"enemies":"Large Slime","floor":12,"turns":13},{"damage":0,"enemies":"Red Slaver","floor":13,"turns":5},{"damage":4,"enemies":"Lagavulin Event","floor":14,"turns":9},{"damage":2,"enemies":"Hexaghost","floor":16,"turns":11},{"damage":1,"enemies":"Shell Parasite","floor":18,"turns":8},{"damage":9,"enemies":"3 Byrds","floor":19,"turns":6},{"damage":19,"enemies":"Snake Plant","floor":20,"turns":7},{"damage":5,"enemies":"Snecko","floor":27,"turns":8},{"damage":0,"enemies":"Centurion and Healer","floor":29,"turns":10},{"damage":0,"enemies":"3 Cultists","floor":30,"turns":6},{"damage":0,"enemies":"Sentry and Sphere","floor":31,"turns":6},{"damage":2,"enemies":"Collector","floor":33,"turns":7},{"damage":0,"enemies":"Orb Walker","floor":35,"turns":3},{"damage":0,"enemies":"3 Shapes","floor":36,"turns":4},{"damage":4,"enemies":"Spire Growth","floor":39,"turns":4},{"damage":28,"enemies":"Reptomancer","floor":40,"turns":6},{"damage":0,"enemies":"Giant Head","floor":42,"turns":7},{"damage":20,"enemies":"3 Darklings","floor":45,"turns":5},{"damage":0,"enemies":"Sphere and 2 Shapes","floor":46,"turns":4},{"damage":0,"enemies":"Transient","floor":48,"turns":5},{"damage":32,"enemies":"Donu and Deca","floor":50,"turns":9}],"seed_played":"-6332577008787768031","potions_obtained":[{"floor":2,"key":"Swift Potion"},{"floor":7,"key":"Weak Potion"},{"floor":13,"key":"PowerPotion"},{"floor":14,"key":"PowerPotion"},{"floor":19,"key":"SpeedPotion"},{"floor":29,"key":"Weak Potion"},{"floor":31,"key":"Swift Potion"}],"is_trial":false,"path_per_floor":["?","M","$","?","?","?","?","T","?","?"],"character_chosen":"THE_SILENT","items_purchased":["Escape Plan","Well Laid Plans","Membership Card","Adrenaline","Outmaneuver","Happy Flower","Bag of Marbles","Sundial"],"campfire_rested":0,"item_purchase_floors":[4,4,24,24,24,24,24,38],"current_hp_per_floor":[77,77,70,70,70,70,70,70,77,72,72,68,68,64,64,62,84,83,74,55,55,55,55,55,55,55,50,50,50,50,50,50,48,84,84,84,84,84,80,52,52,52,52,52,40,48,48,56,56,32],"gold":186,"neow_bonus":"TEN_PERCENT_HP_BONUS","is_prod":false,"is_daily":false,"chose_seed":false,"campfire_upgraded":8,"win_rate":0.0,"timestamp":1561171548,"path_taken":["M","M","?","$","M","R","?","R","T","M","?","M","M","?","R","BOSS","M","M","M","?","?","R","$","?","T","M","R","M","M","M","R","BOSS","M","M","?","$","M","E","R","E","T","?","M","M","?","M","R","BOSS"],"build_version":"2019-01-23","purchased_purges":2,"victory":true,"max_hp_per_floor":[77,77,77,77,77,77,77,77,84,84,84,84,84,84,84,84,84,84,84,84,84,84,84,84,84,84,84,84,84,84,84,84,84,84,84,84,84,84,84,84,84,84,84,84,84,84,80,80,80,80],"card_choices":[{"not_picked":["Blade Dance","Bouncing Flask"],"picked":"Footwork","floor":1},{"not_picked":["Heel Hook","Blade Dance"],"picked":"Backstab","floor":2},{"not_picked":["Dagger Throw","Infinite Blades"],"picked":"Acrobatics","floor":5},{"not_picked":["Dagger Spray","Quick Slash"],"picked":"Acrobatics","floor":7},{"not_picked":["Leg Sweep","Dagger Spray"],"picked":"Catalyst","floor":10},{"not_picked":["Skewer","Choke"],"picked":"Adrenaline","floor":12},{"not_picked":["Poisoned Stab","Slice"],"picked":"Noxious Fumes","floor":13},{"not_picked":["Underhanded Strike","Blade Dance"],"picked":"Backflip","floor":14},{"not_picked":["Malaise","Wraith Form v2"],"picked":"After Image","floor":16},{"not_picked":["Dodge and Roll","Dagger Spray+1"],"picked":"Prepared","floor":18},{"not_picked":["Sucker Punch","Poisoned Stab","Underhanded Strike"],"picked":"SKIP","floor":19},{"not_picked":["Choke","All Out Attack"],"picked":"Dash","floor":20},{"not_picked":["PiercingWail","Prepared","Noxious Fumes+1"],"picked":"SKIP","floor":27},{"not_picked":["Unload","Dagger Throw+1"],"picked":"Tactician+1","floor":29},{"not_picked":["Bane","Blade Dance"],"picked":"Deadly Poison+1","floor":30},{"not_picked":["Slice","Dagger Spray","Heel Hook"],"picked":"SKIP","floor":31},{"not_picked":["Crippling Poison","Poisoned Stab+1"],"picked":"Outmaneuver+1","floor":35},{"not_picked":["Heel Hook","Outmaneuver"],"picked":"Flying Knee","floor":36},{"not_picked":["Quick Slash","Expertise","Eviscerate"],"picked":"SKIP","floor":39},{"not_picked":["A Thousand Cuts","Deadly Poison+1"],"picked":"Backflip","floor":40},{"not_picked":["Deadly Poison","Endless Agony+1"],"picked":"Choke+1","floor":42},{"not_picked":["Slice+1","Underhanded Strike+1","Blade Dance+1"],"picked":"SKIP","floor":45},{"not_picked":["Distraction","Blade Dance","Catalyst"],"picked":"SKIP","floor":46},{"not_picked":["Choke+1","Acrobatics","Dagger Throw+1"],"picked":"SKIP","floor":48}],"player_experience":34558,"relics_obtained":[{"floor":9,"key":"Strawberry"},{"floor":14,"key":"Bottled Tornado"},{"floor":26,"key":"Orichalcum"},{"floor":37,"key":"Mummified Hand"},{"floor":40,"key":"Boot"},{"floor":42,"key":"Bird Faced Urn"},{"floor":43,"key":"Bag of Preparation"}],"event_choices":[{"damage_healed":0,"gold_gain":75,"player_choice":"Touch","damage_taken":7,"max_hp_gain":0,"max_hp_loss":0,"event_name":"FaceTrader","floor":3,"gold_loss":0},{"damage_healed":0,"gold_gain":0,"player_choice":"Searched \u00271\u0027 times","damage_taken":0,"max_hp_gain":0,"max_hp_loss":0,"event_name":"Dead Adventurer","floor":14,"gold_loss":0},{"damage_healed":0,"gold_gain":0,"player_choice":"Simplicity","damage_taken":0,"max_hp_gain":0,"max_hp_loss":0,"event_name":"Back to Basics","floor":21,"gold_loss":0,"cards_upgraded":["Defend_G","Defend_G","Defend_G","Defend_G","Defend_G","Strike_G","Strike_G","Strike_G","Strike_G","Strike_G"]},{"damage_healed":0,"gold_gain":99,"player_choice":"Stole From Cult","damage_taken":0,"max_hp_gain":0,"max_hp_loss":0,"event_name":"Nest","floor":22,"gold_loss":0},{"damage_healed":0,"gold_gain":0,"cards_transformed":["Strike_G"],"player_choice":"Transformed","damage_taken":0,"max_hp_gain":0,"max_hp_loss":0,"event_name":"Transmorgrifier","floor":25,"gold_loss":0,"cards_obtained":["Acrobatics"]},{"damage_healed":0,"gold_gain":0,"player_choice":"Ignored","damage_taken":0,"max_hp_gain":0,"max_hp_loss":0,"event_name":"Tomb of Lord Red Mask","floor":44,"gold_loss":0},{"damage_healed":0,"gold_gain":0,"player_choice":"Max HP","damage_taken":0,"max_hp_gain":0,"max_hp_loss":4,"event_name":"Winding Halls","floor":47,"gold_loss":0}],"is_beta":false,"boss_relics":[{"not_picked":["Calling Bell","Philosopher\u0027s Stone"],"picked":"Ring of the Serpent"},{"not_picked":["Snecko Eye","Coffee Dripper"],"picked":"Sozu"}],"items_purged_floors":[24,38],"is_endless":false,"potions_floor_spawned":[2,7,13,14,16,19,29,31,33,39,40,48],"ascension_level":0}