{"gold_per_floor":[215,230,39,53,53,84,84,84,131,143,174,194,209,242,242,342,342,342,342,342,267,267,267,267,267,267,267,267,267,267,267,267,267,267,267,267,192,192,92,92,92,92,92,92,92,92,92,92,92,92],"floor_reached":51,"playtime":4549,"items_purged":["Strike_R","Strike_R"],"score":1131,"play_id":"7f632f65-1026-4dec-8a91-4cb6da5ea50a","local_time":"20180801231405","is_ascension_mode":true,"campfire_choices":[{"data":"Armaments","floor":7,"key":"SMITH"},{"data":"Spot Weakness","floor":15,"key":"SMITH"},{"data":"Demon Form","floor":23,"key":"SMITH"},{"data":"Thunderclap","floor":25,"key":"SMITH"},{"data":"Bash","floor":27,"key":"SMITH"},{"data":"Shrug It Off","floor":32,"key":"SMITH"},{"data":"Heavy Blade","floor":41,"key":"SMITH"},{"data":"Shrug It Off","floor":44,"key":"SMITH"},{"data":"Defend_R","floor":46,"key":"SMITH"},{"data":"Impervious","floor":49,"key":"SMITH"}],"neow_cost":"NONE","seed_source_timestamp":149463768089870,"circlet_count":0,"master_deck":["Strike_R+1","Defend_R","Defend_R","Defend_R","Defend_R+1","Bash+1","Armaments+1","Rampage","Impervious+1","Spot Weakness+1","Sword Boomerang+1","Shrug It Off+1","Shrug It Off+1","Demon Form+1","Warcry+1","Thunderclap+1","Headbutt","Sword Boomerang+1","Offering","Heavy Blade+1","Writhe"],"relics":["Burning Blood","Sling","Oddly Smooth Stone","Regal Pillow","Art of War","Whetstone","Ectoplasm","Pantograph","Singing Bowl","Blood Vial","Pen Nib","Runic Cube","Orichalcum","Tiny Chest","Self Forming Clay","Thread and Needle"],"potions_floor_usage":[16,19,24,28,29,29,29,30,40,40,45,45],"damage_taken":[{"damage":8,"enemies":"Jaw Worm","floor":1,"turns":5},{"damage":1,"enemies":"Cultist","floor":2,"turns":4},{"damage":0,"enemies":"2 Louse","floor":4,"turns":3},{"damage":17,"enemies":"3 Sentries","floor":6,"turns":7},{"damage":3,"enemies":"Exordium Thugs","floor":10,"turns":6},{"damage":14,"enemies":"Lagavulin","floor":11,"turns":5},{"damage":0,"enemies":"Red Slaver","floor":12,"turns":5},{"damage":4,"enemies":"Lots of Slimes","floor":13,"turns":6},{"damage":3,"enemies":"3 Sentries","floor":14,"turns":8},{"damage":24,"enemies":"Hexaghost","floor":16,"turns":9},{"damage":0,"enemies":"Spheric Guardian","floor":18,"turns":5},{"damage":0,"enemies":"Shell Parasite","floor":19,"turns":3},{"damage":1,"enemies":"Snecko","floor":20,"turns":4},{"damage":0,"enemies":"Centurion and Healer","floor":22,"turns":5},{"damage":6,"enemies":"Gremlin Leader","floor":24,"turns":6},{"damage":18,"enemies":"Slavers","floor":28,"turns":5},{"damage":3,"enemies":"Chosen and Byrds","floor":29,"turns":6},{"damage":25,"enemies":"Book of Stabbing","floor":30,"turns":5},{"damage":18,"enemies":"Sentry and Sphere","floor":31,"turns":4},{"damage":4,"enemies":"Collector","floor":33,"turns":5},{"damage":1,"enemies":"Orb Walker","floor":35,"turns":3},{"damage":6,"enemies":"3 Darklings","floor":38,"turns":6},{"damage":39,"enemies":"Giant Head","floor":40,"turns":7},{"damage":6,"enemies":"Nemesis","floor":42,"turns":5},{"damage":28,"enemies":"2 Orb Walkers","floor":45,"turns":4},{"damage":5,"enemies":"Spire Growth","floor":47,"turns":5},{"damage":65,"enemies":"Awakened One","floor":50,"turns":9}],"seed_played":"5114885614269893343","potions_obtained":[{"floor":1,"key":"LiquidBronze"},{"floor":5,"key":"FairyPotion"},{"floor":5,"key":"EntropicBrew"},{"floor":11,"key":"Strength Potion"},{"floor":12,"key":"Poison Potion"},{"floor":18,"key":"Weak Potion"},{"floor":19,"key":"AttackPotion"},{"floor":24,"key":"AttackPotion"},{"floor":31,"key":"EssenceOfSteel"},{"floor":33,"key":"Strength Potion"},{"floor":35,"key":"SpeedPotion"},{"floor":42,"key":"Fruit Juice"},{"floor":47,"key":"FearPotion"}],"is_trial":false,"path_per_floor":["M","M","$","M","?","E","R","?","T","M","E","M","M","E","R","B",null,"M","M","M","?","M","R","E","R","T","R","E","M","E","M","R","B",null,"M","?","$","M","$","E","R","E","T","R","E","R","M","?","R","B"],"character_chosen":"IRONCLAD","items_purchased":["Sling"],"campfire_rested":0,"item_purchase_floors":[3],"current_hp_per_floor":[70,75,75,80,80,69,69,62,62,65,57,63,65,68,68,50,73,79,80,80,80,80,80,80,80,80,80,68,75,58,50,50,79,83,86,86,86,86,86,55,55,59,59,59,46,46,51,76,76,40],"gold":92,"neow_bonus":"HUNDRED_GOLD","is_prod":false,"is_daily":false,"chose_seed":false,"campfire_upgraded":10,"win_rate":0,"timestamp":1533190445,"path_taken":["M","M","$","M","?","E","R","?","T","M","E","?","?","E","R","BOSS","M","?","M","?","M","R","E","R","T","R","E","?","E","?","R","BOSS","M","?","$","M","$","E","R","E","T","R","E","R","M","?","R","BOSS"],"build_version":"2018-07-26","purchased_purges":2,"victory":true,"max_hp_per_floor":[80,80,80,80,80,80,80,80,80,80,80,80,80,80,80,80,80,80,80,80,80,80,80,80,80,80,80,80,82,82,84,84,84,84,86,86,86,86,86,88,88,90,90,90,97,97,99,99,99,99],"card_choices":[{"not_picked":["Reckless Charge","Wild Strike"],"picked":"Armaments","floor":1},{"not_picked":["Carnage","Perfected Strike"],"picked":"Rampage","floor":2},{"not_picked":["Anger","True Grit"],"picked":"Impervious","floor":4},{"not_picked":["Feed","Seeing Red"],"picked":"Spot Weakness","floor":6},{"not_picked":["Uppercut","Perfected Strike"],"picked":"Sword Boomerang","floor":10},{"not_picked":["Thunderclap","Wild Strike"],"picked":"Shrug It Off","floor":11},{"not_picked":["Combust","Perfected Strike","Cleave"],"picked":"SKIP","floor":12},{"not_picked":["Rupture","Juggernaut","Wild Strike"],"picked":"SKIP","floor":13},{"not_picked":["Warcry","Carnage"],"picked":"Shrug It Off","floor":14},{"not_picked":["Offering","Juggernaut"],"picked":"Demon Form","floor":16},{"not_picked":["Inflame","Hemokinesis","Armaments"],"picked":"SKIP","floor":18},{"not_picked":["Warcry","Fire Breathing","Clothesline+1"],"picked":"SKIP","floor":19},{"not_picked":["Havoc+1","Twin Strike+1"],"picked":"Warcry+1","floor":20},{"not_picked":["Anger","Warcry"],"picked":"Thunderclap","floor":22},{"not_picked":["Clash","Pommel Strike","Bludgeon"],"picked":"SKIP","floor":24},{"not_picked":["Power Through","Sentinel+1"],"picked":"Headbutt","floor":28},{"not_picked":["Headbutt","Inflame+1","Shockwave"],"picked":"Singing Bowl","floor":29},{"not_picked":["Clash","Pommel Strike"],"picked":"Sword Boomerang+1","floor":30},{"not_picked":["Warcry+1","Sword Boomerang","Clash"],"picked":"Singing Bowl","floor":31},{"not_picked":["Impervious","Demon Form"],"picked":"Offering","floor":33},{"not_picked":["Cleave","Thunderclap","Warcry"],"picked":"Singing Bowl","floor":35},{"not_picked":["Inflame","Havoc+1"],"picked":"Heavy Blade","floor":38},{"not_picked":["Infernal Blade+1","Clash+1","Power Through"],"picked":"Singing Bowl","floor":40},{"not_picked":["Blood for Blood+1","Infernal Blade+1","Fire Breathing+1"],"picked":"Singing Bowl","floor":42},{"not_picked":["Body Slam","Second Wind+1","Cleave"],"picked":"Singing Bowl","floor":45},{"not_picked":["Searing Blow+1","Armaments+1","Demon Form"],"picked":"Singing Bowl","floor":47}],"player_experience":192160,"relics_obtained":[{"floor":6,"key":"Oddly Smooth Stone"},{"floor":9,"key":"Regal Pillow"},{"floor":11,"key":"Art of War"},{"floor":14,"key":"Whetstone"},{"floor":24,"key":"Pantograph"},{"floor":26,"key":"Singing Bowl"},{"floor":28,"key":"Blood Vial"},{"floor":30,"key":"Pen Nib"},{"floor":40,"key":"Orichalcum"},{"floor":42,"key":"Tiny Chest"},{"floor":43,"key":"Self Forming Clay"},{"floor":45,"key":"Thread and Needle"}],"event_choices":[{"event_name":"The Lab","player_choice":"Got Potions","floor":5,"damage_taken":0},{"event_name":"Golden Wing","player_choice":"Card Removal","floor":8,"damage_taken":0},{"event_name":"Beggar","player_choice":"Gave Gold","floor":21,"damage_taken":0},{"event_name":"The Woman in Blue","player_choice":"Bought 0 Potions","floor":36,"damage_taken":0},{"event_name":"Winding Halls","player_choice":"Writhe","floor":48,"damage_taken":0}],"is_beta":false,"boss_relics":[{"not_picked":["White Beast Statue","Busted Crown"],"picked":"Ectoplasm"},{"not_picked":["Pandora\u0027s Box","Calling Bell"],"picked":"Runic Cube"}],"items_purged_floors":[37,39],"is_endless":false,"potions_floor_spawned":[1,11,12,13,18,19,20,24,31,33,35,38,42,47],"ascension_level":8}