{"gold_per_floor":[110,129,204,204,13,13,41,59,59,78,78,78,90,18,18,120,120,100,100,25,25,25,25,52,52,75,101,101,121,131,141,141,246,246,263,281,293,293,339,339,339],"floor_reached":41,"playtime":3149,"items_purged":["Writhe"],"score":593,"play_id":"43c5b99e-9902-427f-b978-68168ca8f51b","local_time":"20190706204558","is_ascension_mode":true,"campfire_choices":[{"floor":6,"key":"REST"},{"floor":11,"key":"REST"},{"floor":15,"key":"REST"},{"floor":23,"key":"REST"},{"floor":25,"key":"REST"},{"floor":28,"key":"REST"},{"floor":32,"key":"REST"},{"floor":40,"key":"REST"}],"neow_cost":"PERCENT_DAMAGE","seed_source_timestamp":1844140227008400,"circlet_count":0,"master_deck":["Strike_G","Strike_G","Strike_G","Defend_G","Defend_G","Defend_G","Survivor","Neutralize","Deflect","A Thousand Cuts+1","Escape Plan","Cloak And Dagger","Infinite Blades","Adrenaline","Acrobatics+1","Adrenaline","Calculated Gamble","Adrenaline","Backstab","Madness","Madness","Escape Plan"],"relics":["Ring of the Snake","Medical Kit","Singing Bowl","Mercury Hourglass","Philosopher\u0027s Stone","Question Card","Oddly Smooth Stone","Orichalcum","The Courier","Sozu","Prayer Wheel"],"potions_floor_usage":[13,24,30,31,33,36],"damage_taken":[{"damage":0,"enemies":"Jaw Worm","floor":1,"turns":5},{"damage":0,"enemies":"Cultist","floor":2,"turns":5},{"damage":56,"enemies":"3 Sentries","floor":7,"turns":17},{"damage":1,"enemies":"Small Slimes","floor":8,"turns":4},{"damage":0,"enemies":"2 Fungi Beasts","floor":10,"turns":3},{"damage":0,"enemies":"3 Louse","floor":13,"turns":1},{"damage":42,"enemies":"Hexaghost","floor":16,"turns":13},{"damage":8,"enemies":"2 Thieves","floor":18,"turns":4},{"damage":0,"enemies":"Gremlin Leader","floor":24,"turns":5},{"damage":24,"enemies":"Slavers","floor":27,"turns":4},{"damage":15,"enemies":"3 Byrds","floor":29,"turns":2},{"damage":0,"enemies":"Centurion and Healer","floor":30,"turns":3},{"damage":3,"enemies":"Snake Plant","floor":31,"turns":3},{"damage":31,"enemies":"Collector","floor":33,"turns":10},{"damage":0,"enemies":"Orb Walker","floor":35,"turns":3},{"damage":11,"enemies":"3 Darklings","floor":36,"turns":3},{"damage":10,"enemies":"Jaw Worm Horde","floor":37,"turns":2},{"damage":15,"enemies":"2 Orb Walkers","floor":39,"turns":5},{"damage":105,"enemies":"Giant Head","floor":41,"turns":9}],"seed_played":"-943398895686117066","potions_obtained":[{"floor":8,"key":"Explosive Potion"},{"floor":18,"key":"Dexterity Potion"},{"floor":29,"key":"AttackPotion"},{"floor":30,"key":"SkillPotion"},{"floor":31,"key":"Regen Potion"},{"floor":33,"key":"PowerPotion"}],"is_trial":false,"path_per_floor":["M","M","?","?","$","R","E","M","T","M","R","?","M","$","R","B",null,"M","?","$","?","?","R","E","R","T","E","R","M","M","M","R","B",null,"M","M","M","?","?","R","E"],"character_chosen":"THE_SILENT","items_purchased":["Medical Kit","Infinite Blades"],"campfire_rested":8,"item_purchase_floors":[5,14],"current_hp_per_floor":[49,49,38,38,38,59,3,2,2,4,25,25,27,27,49,7,57,49,49,49,35,35,58,60,81,81,57,81,66,68,67,85,69,81,83,74,64,53,38,64,0],"gold":339,"neow_bonus":"REMOVE_TWO","is_prod":false,"is_daily":false,"chose_seed":false,"campfire_upgraded":0,"win_rate":0,"timestamp":1562471158,"path_taken":["M","M","?","?","$","R","E","?","T","M","R","?","M","$","R","BOSS","M","?","$","?","?","R","E","R","T","E","R","M","M","?","R","BOSS","M","M","?","?","?","R","E"],"build_version":"2019-07-05","purchased_purges":1,"victory":false,"max_hp_per_floor":[70,70,70,70,70,70,70,70,70,72,72,72,74,74,74,74,74,74,74,74,79,79,79,81,81,81,81,81,81,83,85,85,85,85,87,89,89,89,89,89,89],"card_choices":[{"not_picked":["Underhanded Strike","Masterful Stab"],"picked":"Deflect","floor":1},{"not_picked":["Flying Knee","Terror"],"picked":"A Thousand Cuts","floor":2},{"not_picked":["Blade Dance","Outmaneuver"],"picked":"Escape Plan","floor":7},{"not_picked":["Dodge and Roll","A Thousand Cuts"],"picked":"Cloak And Dagger","floor":8},{"not_picked":["Poisoned Stab","PiercingWail","Underhanded Strike"],"picked":"Singing Bowl","floor":10},{"not_picked":["Deadly Poison","Sucker Punch","Flying Knee"],"picked":"Singing Bowl","floor":13},{"not_picked":["Bullet Time","Storm of Steel"],"picked":"Adrenaline","floor":16},{"not_picked":["Quick Slash","Blur"],"picked":"Acrobatics+1","floor":18},{"not_picked":["Infinite Blades","Well Laid Plans","Acrobatics","Bane"],"picked":"Singing Bowl","floor":24},{"not_picked":["Dagger Throw","Acrobatics","Backstab"],"picked":"Adrenaline","floor":27},{"not_picked":["Poisoned Stab","Distraction","Heel Hook"],"picked":"Calculated Gamble","floor":29},{"not_picked":["Outmaneuver","Terror","Noxious Fumes","Acrobatics"],"picked":"Singing Bowl","floor":30},{"not_picked":["Poisoned Stab","Deadly Poison+1","Well Laid Plans+1","Footwork"],"picked":"Singing Bowl","floor":31},{"not_picked":["Malaise","Glass Knife","Unload"],"picked":"Adrenaline","floor":33},{"not_picked":["Choke","Caltrops","Noxious Fumes+1","Dodge and Roll"],"picked":"Singing Bowl","floor":35},{"not_picked":["Acrobatics","Flying Knee+1","Calculated Gamble","Underhanded Strike+1"],"picked":"Singing Bowl","floor":36},{"not_picked":["All Out Attack+1","Bane+1","Skewer+1"],"picked":"Backstab","floor":37},{"not_picked":["Well Laid Plans","Deflect+1","Acrobatics"],"picked":"Escape Plan","floor":39}],"player_experience":622080,"relics_obtained":[{"floor":7,"key":"Singing Bowl"},{"floor":9,"key":"Mercury Hourglass"},{"floor":24,"key":"Oddly Smooth Stone"},{"floor":26,"key":"Orichalcum"},{"floor":27,"key":"The Courier"},{"floor":39,"key":"Prayer Wheel"}],"event_choices":[{"damage_healed":0,"gold_gain":75,"player_choice":"Gather Gold","damage_taken":11,"max_hp_gain":0,"max_hp_loss":0,"event_name":"World of Goop","floor":3,"gold_loss":0},{"cards_removed":["Strike_G"],"damage_healed":0,"gold_gain":0,"player_choice":"Purged","damage_taken":0,"max_hp_gain":0,"max_hp_loss":0,"event_name":"Purifier","floor":4,"gold_loss":0},{"cards_removed":["Defend_G"],"damage_healed":0,"gold_gain":0,"player_choice":"Forget","damage_taken":0,"max_hp_gain":0,"max_hp_loss":0,"event_name":"Living Wall","floor":12,"gold_loss":0},{"damage_healed":0,"gold_gain":0,"player_choice":"Opened","damage_taken":0,"relics_obtained":["Question Card"],"max_hp_gain":0,"max_hp_loss":0,"event_name":"The Mausoleum","floor":19,"gold_loss":0,"cards_obtained":["Writhe"]},{"damage_healed":0,"gold_gain":0,"player_choice":"Shed Blood","damage_taken":19,"max_hp_gain":5,"max_hp_loss":0,"event_name":"Forgotten Altar","floor":21,"gold_loss":0},{"damage_healed":0,"gold_gain":0,"player_choice":"Forge","damage_taken":0,"max_hp_gain":0,"max_hp_loss":0,"event_name":"Accursed Blacksmith","floor":22,"gold_loss":0,"cards_upgraded":["A Thousand Cuts"]},{"damage_healed":0,"gold_gain":0,"player_choice":"Embrace Madness","damage_taken":11,"max_hp_gain":0,"max_hp_loss":0,"event_name":"Winding Halls","floor":38,"gold_loss":0,"cards_obtained":["Madness","Madness"]},{"damage_healed":0,"gold_gain":0,"player_choice":"Fight","damage_taken":0,"max_hp_gain":0,"max_hp_loss":0,"event_name":"Mysterious Sphere","floor":39,"gold_loss":0}],"is_beta":false,"boss_relics":[{"not_picked":["Astrolabe","Black Star"],"picked":"Philosopher\u0027s Stone"},{"not_picked":["Pandora\u0027s Box","Tiny House"],"picked":"Sozu"}],"items_purged_floors":[20],"is_endless":false,"potions_floor_spawned":[8,18,29,30,31,33,35,36,37],"killed_by":"Giant Head","ascension_level":5}