{"gold_per_floor":[109,109,128,128,138,138,138,167,190,209,234,251,263,263],"floor_reached":14,"playtime":803,"items_purged":[],"score":115,"play_id":"bace7cee-7474-4fe1-97c5-fe341bd5ef5c","local_time":"20190703102059","is_ascension_mode":true,"campfire_choices":[{"data":"Night Terror","floor":6,"key":"SMITH"}],"neow_cost":"NONE","seed_source_timestamp":1549781398321700,"circlet_count":0,"master_deck":["Strike_G","Strike_G","Strike_G","Strike_G","Strike_G","Defend_G","Defend_G","Defend_G","Defend_G","Defend_G","Survivor","Neutralize","Cloak And Dagger","Pain","Slice","Night Terror+1","Cloak And Dagger","Infinite Blades","Dagger Spray"],"relics":["Ring of the Snake","NeowsBlessing","WarpedTongs","Boot","Oddly Smooth Stone","Pen Nib"],"potions_floor_usage":[13,14],"damage_taken":[{"damage":0,"enemies":"2 Louse","floor":1,"turns":1},{"damage":0,"enemies":"Cultist","floor":3,"turns":1},{"damage":2,"enemies":"Small Slimes","floor":5,"turns":1},{"damage":22,"enemies":"3 Sentries","floor":8,"turns":8},{"damage":1,"enemies":"Looter","floor":10,"turns":3},{"damage":8,"enemies":"Blue Slaver","floor":12,"turns":4},{"damage":9,"enemies":"Gremlin Gang","floor":13,"turns":5},{"damage":43,"enemies":"Gremlin Nob","floor":14,"turns":4}],"seed_played":"884692022265350317","potions_obtained":[{"floor":8,"key":"Block Potion"},{"floor":12,"key":"SpeedPotion"}],"is_trial":false,"path_per_floor":["M","?","M","?","M","R","?","E","T","M","T","M","M","E"],"character_chosen":"THE_SILENT","items_purchased":[],"campfire_rested":0,"item_purchase_floors":[],"current_hp_per_floor":[70,70,70,63,61,61,66,44,44,43,43,35,26,0],"gold":263,"neow_bonus":"THREE_ENEMY_KILL","is_prod":false,"is_daily":false,"chose_seed":false,"campfire_upgraded":1,"win_rate":0,"timestamp":1562174459,"path_taken":["M","?","?","?","?","R","?","E","T","M","?","M","M","E"],"build_version":"2019-07-01","purchased_purges":0,"victory":false,"max_hp_per_floor":[70,70,70,70,70,70,75,75,75,75,75,75,75,75],"card_choices":[{"not_picked":["Bane","Expertise"],"picked":"Cloak And Dagger","floor":1},{"not_picked":["Bouncing Flask","PiercingWail"],"picked":"Slice","floor":3},{"not_picked":["PiercingWail","Bane"],"picked":"Night Terror","floor":5},{"not_picked":["PiercingWail","Dagger Throw"],"picked":"Cloak And Dagger","floor":8},{"not_picked":["Blur","Deflect","Choke"],"picked":"SKIP","floor":10},{"not_picked":["Bane","PiercingWail"],"picked":"Infinite Blades","floor":12},{"not_picked":["Outmaneuver","Bane"],"picked":"Dagger Spray","floor":13}],"player_experience":596670,"relics_obtained":[{"floor":8,"key":"Boot"},{"floor":9,"key":"Oddly Smooth Stone"},{"floor":11,"key":"Pen Nib"}],"event_choices":[{"damage_healed":0,"gold_gain":0,"player_choice":"Rummage","damage_taken":0,"relics_obtained":["WarpedTongs"],"max_hp_gain":0,"max_hp_loss":0,"event_name":"Accursed Blacksmith","floor":2,"gold_loss":0,"cards_obtained":["Pain"]},{"damage_healed":0,"gold_gain":0,"player_choice":"Damaged","damage_taken":7,"max_hp_gain":0,"max_hp_loss":0,"event_name":"Wheel of Change","floor":4,"gold_loss":0},{"damage_healed":0,"gold_gain":0,"player_choice":"Donut","damage_taken":0,"max_hp_gain":5,"max_hp_loss":0,"event_name":"Big Fish","floor":7,"gold_loss":0}],"is_beta":false,"boss_relics":[],"items_purged_floors":[],"is_endless":false,"potions_floor_spawned":[8,12],"killed_by":"Gremlin Nob","ascension_level":5}