{"gold_per_floor":[116,132,132,151,101,133,58,58,84,99,133,233,253,265,265,265],"floor_reached":16,"playtime":533,"items_purged":["Strike_R"],"score":185,"play_id":"d677c2ec-3a76-4cbb-933c-c3642576200b","local_time":"20190419192554","is_ascension_mode":true,"campfire_choices":[{"data":"Whirlwind","floor":8,"key":"SMITH"},{"data":"Whirlwind","floor":15,"key":"SMITH"}],"neow_cost":"NONE","seed_source_timestamp":868323122224500,"circlet_count":0,"master_deck":["AscendersBane","Strike_R","Strike_R","Defend_R","Defend_R","Defend_R","Defend_R+1","Bash","Inflame","Metallicize","Shrug It Off+1","Whirlwind+1","Whirlwind+1"],"relics":["Burning Blood","NeowsBlessing","Pen Nib","War Paint","Bag of Marbles"],"potions_floor_usage":[6,16,16],"damage_taken":[{"damage":0,"enemies":"Jaw Worm","floor":1,"turns":1},{"damage":0,"enemies":"2 Louse","floor":2,"turns":1},{"damage":0,"enemies":"Cultist","floor":4,"turns":1},{"damage":24,"enemies":"Lagavulin","floor":6,"turns":7},{"damage":1,"enemies":"Large Slime","floor":10,"turns":5},{"damage":31,"enemies":"3 Sentries","floor":11,"turns":7},{"damage":11,"enemies":"Gremlin Gang","floor":13,"turns":3},{"damage":7,"enemies":"Exordium Wildlife","floor":14,"turns":4},{"damage":25,"enemies":"Hexaghost","floor":16,"turns":9}],"seed_played":"8420024073719228246","potions_obtained":[{"floor":2,"key":"AttackPotion"},{"floor":6,"key":"Swift Potion"},{"floor":13,"key":"Explosive Potion"}],"is_trial":false,"path_per_floor":["M","M","?","M","?","E","$","R","T","M","E","?","M","M","R","B"],"character_chosen":"IRONCLAD","items_purchased":[],"campfire_rested":0,"item_purchase_floors":[],"current_hp_per_floor":[78,80,73,79,79,61,61,61,61,66,41,41,36,35,35,10],"gold":265,"neow_bonus":"THREE_ENEMY_KILL","is_prod":false,"is_daily":false,"chose_seed":false,"campfire_upgraded":2,"win_rate":0,"timestamp":1555727154,"path_taken":["M","M","?","M","?","E","?","R","T","M","E","?","?","M","R","BOSS"],"build_version":"2019-01-23","purchased_purges":1,"victory":false,"max_hp_per_floor":[80,80,80,80,80,80,80,80,80,80,80,80,80,80,80,80],"card_choices":[{"not_picked":["Headbutt","Shockwave"],"picked":"Inflame","floor":1},{"not_picked":["Rupture","Infernal Blade"],"picked":"Metallicize","floor":2},{"not_picked":["Body Slam","Iron Wave"],"picked":"Shrug It Off","floor":4},{"not_picked":["Heavy Blade","Burning Pact"],"picked":"Whirlwind","floor":6},{"not_picked":["Havoc","Sword Boomerang","Body Slam"],"picked":"SKIP","floor":10},{"not_picked":["Wild Strike","Brutality","Armaments"],"picked":"SKIP","floor":11},{"not_picked":["Flex","Armaments"],"picked":"Whirlwind","floor":13},{"not_picked":["Perfected Strike","Wild Strike","Twin Strike"],"picked":"SKIP","floor":14}],"player_experience":1311806,"relics_obtained":[{"floor":6,"key":"Pen Nib"},{"floor":9,"key":"War Paint"},{"floor":11,"key":"Bag of Marbles"}],"event_choices":[{"cards_removed":["Strike_R"],"damage_healed":0,"gold_gain":0,"player_choice":"Card Removal","damage_taken":7,"max_hp_gain":0,"max_hp_loss":0,"event_name":"Golden Wing","floor":3,"gold_loss":0},{"cards_removed":["Strike_R"],"damage_healed":0,"gold_gain":0,"player_choice":"Card Removal","damage_taken":0,"max_hp_gain":0,"max_hp_loss":0,"event_name":"The Cleric","floor":5,"gold_loss":50},{"damage_healed":0,"gold_gain":100,"player_choice":"Pray","damage_taken":0,"max_hp_gain":0,"max_hp_loss":0,"event_name":"Golden Shrine","floor":12,"gold_loss":0}],"is_beta":false,"boss_relics":[],"items_purged_floors":[7],"is_endless":false,"potions_floor_spawned":[2,6,13],"killed_by":"Hexaghost","ascension_level":13}