{"gold_per_floor":[111,125,142,142,142,142,180,180,180,213,213,246,6,29,29,158,158,171,171,171],"floor_reached":20,"playtime":2059,"items_purged":["Strike_R"],"score":288,"play_id":"3c67712f-4d15-44dd-890b-7bcf48bdbeb7","local_time":"20190630135004","is_ascension_mode":true,"campfire_choices":[{"data":"Uppercut","floor":6.0,"key":"SMITH"},{"floor":8.0,"key":"REST"},{"floor":11.0,"key":"REST"},{"floor":15.0,"key":"REST"}],"neow_cost":"NONE","seed_source_timestamp":0,"circlet_count":0,"master_deck":["AscendersBane","Bash","Uppercut+1","Cleave","Shrug It Off","Flame Barrier","Carnage","Pommel Strike","Double Tap","Flame Barrier","Body Slam","Pummel","Demon Form","Evolve","Battle Trance","Sentinel","Seeing Red"],"special_seed":0,"relics":["Burning Blood","PreservedInsect","Golden Idol","Odd Mushroom","Juzu Bracelet","Gambling Chip","Orichalcum","Membership Card","Pandora\u0027s Box"],"potions_floor_usage":[18],"damage_taken":[{"damage":3.0,"enemies":"Small Slimes","floor":1.0,"turns":5.0},{"damage":3.0,"enemies":"2 Louse","floor":2.0,"turns":4.0},{"damage":6.0,"enemies":"Jaw Worm","floor":3.0,"turns":4.0},{"damage":25.0,"enemies":"The Mushroom Lair","floor":7.0,"turns":4.0},{"damage":33.0,"enemies":"Lagavulin","floor":10.0,"turns":7.0},{"damage":19.0,"enemies":"3 Sentries","floor":12.0,"turns":7.0},{"damage":15.0,"enemies":"Lots of Slimes","floor":14.0,"turns":3.0},{"damage":48.0,"enemies":"Slime Boss","floor":16.0,"turns":11.0},{"damage":21,"enemies":"Shell Parasite","floor":18,"turns":11},{"damage":56,"enemies":"Masked Bandits","floor":20,"turns":5}],"seed_played":"754185475205196807","potions_obtained":[{"floor":2.0,"key":"AttackPotion"},{"floor":7.0,"key":"Strength Potion"},{"floor":14.0,"key":"Fire Potion"},{"floor":16,"key":"Fire Potion"}],"is_trial":false,"path_per_floor":["M","M","M","?","?","R","?","R","T","E","R","E","$","M","R","B",null,"M","?","?"],"character_chosen":"IRONCLAD","items_purchased":["Membership Card"],"campfire_rested":3,"item_purchase_floors":[13],"current_hp_per_floor":[75,78,78,58,51,51,32,56,56,29,53,40,40,31,55,13,63,48,48,0],"gold":171,"neow_bonus":"RANDOM_COMMON_RELIC","is_prod":false,"is_daily":false,"chose_seed":false,"campfire_upgraded":1,"win_rate":0,"timestamp":1561927804,"path_taken":["M","M","M","?","?","R","?","R","T","E","R","E","$","M","R","BOSS","BOSS","M","?","?"],"build_version":"2019-01-23","purchased_purges":1,"victory":false,"max_hp_per_floor":[80,80,80,80,80,80,80,80,80,80,80,80,80,80,80,80,80,80,80,80],"card_choices":[{"not_picked":["Cleave","Sword Boomerang"],"picked":"Uppercut","floor":1.0},{"not_picked":["Bloodletting","Hemokinesis"],"picked":"Cleave","floor":2.0},{"not_picked":["Burning Pact","Pummel"],"picked":"Shrug It Off","floor":3.0},{"not_picked":["Twin Strike","Bloodletting"],"picked":"Flame Barrier","floor":7.0},{"not_picked":["Combust","Uppercut","Perfected Strike"],"picked":"SKIP","floor":10.0},{"not_picked":["Headbutt","Brutality"],"picked":"Carnage","floor":12.0},{"not_picked":["Clothesline","Armaments"],"picked":"Pommel Strike","floor":14.0},{"not_picked":["Offering","Barricade"],"picked":"Double Tap","floor":16},{"not_picked":["Sword Boomerang","Searing Blow"],"picked":"Seeing Red","floor":18}],"player_experience":251412,"relics_obtained":[{"floor":7.0,"key":"Odd Mushroom"},{"floor":9.0,"key":"Juzu Bracelet"},{"floor":10.0,"key":"Gambling Chip"},{"floor":12.0,"key":"Orichalcum"}],"event_choices":[{"damage_healed":0.0,"max_hp_gain":0.0,"max_hp_loss":0.0,"gold_gain":0.0,"event_name":"Golden Idol","player_choice":"Take Damage","floor":4.0,"gold_loss":0.0,"damage_taken":20.0,"relics_obtained":["Golden Idol"]},{"cards_removed":["Strike_R"],"damage_healed":0.0,"max_hp_gain":0.0,"max_hp_loss":0.0,"gold_gain":0.0,"event_name":"Golden Wing","player_choice":"Card Removal","floor":5.0,"gold_loss":0.0,"damage_taken":7.0},{"damage_healed":0.0,"max_hp_gain":0.0,"max_hp_loss":0.0,"gold_gain":0.0,"event_name":"Mushrooms","player_choice":"Fought Mushrooms","floor":7.0,"gold_loss":0.0,"damage_taken":0.0},{"damage_healed":0,"gold_gain":0,"player_choice":"Ignored","damage_taken":0,"max_hp_gain":0,"max_hp_loss":0,"event_name":"Vampires","floor":19,"gold_loss":0},{"damage_healed":0,"gold_gain":0,"player_choice":"Fought Bandits","damage_taken":0,"max_hp_gain":0,"max_hp_loss":0,"event_name":"Masked Bandits","floor":20,"gold_loss":0}],"is_beta":false,"boss_relics":[{"not_picked":["Runic Cube","Tiny House"],"picked":"Pandora\u0027s Box"}],"items_purged_floors":[13],"is_endless":false,"potions_floor_spawned":[2,7,14,16],"killed_by":"Masked Bandits","ascension_level":12}