{"gold_per_floor":[11,11,28,46,65,78,107,125,202,220,220,220,220,248,248,320,320,260,31,31,31,0,0,0,0],"floor_reached":25,"playtime":1321,"items_purged":[],"score":429,"play_id":"942b92c3-4d50-4bfc-9dab-37d8a83ea82b","local_time":"20190330210215","is_ascension_mode":true,"campfire_choices":[{"floor":11,"key":"REST"},{"floor":13,"key":"REST"},{"floor":15,"key":"REST"}],"neow_cost":"NO_GOLD","seed_source_timestamp":1650606256778083,"circlet_count":0,"master_deck":["AscendersBane","Strike_B","Strike_B","Strike_B","Strike_B","Defend_B","Defend_B","Defend_B","Defend_B","Zap","Dualcast","Gash","Scrape","Gash","Machine Learning","Defragment","Leap","Streamline","Echo Form","Chill","Defragment","Cold Snap","Go for the Eyes"],"relics":["Cracked Core","Strawberry","Bottled Flame","Pantograph","Ectoplasm","PreservedInsect","StoneCalendar"],"potions_floor_usage":[10,10,16,25],"damage_taken":[{"damage":4,"enemies":"Jaw Worm","floor":1,"turns":3},{"damage":1,"enemies":"2 Louse","floor":3,"turns":3},{"damage":10,"enemies":"Small Slimes","floor":4,"turns":3},{"damage":14,"enemies":"Blue Slaver","floor":5,"turns":5},{"damage":20,"enemies":"Lots of Slimes","floor":6,"turns":4},{"damage":38,"enemies":"Gremlin Nob","floor":7,"turns":5},{"damage":0,"enemies":"Large Slime","floor":8,"turns":5},{"damage":14,"enemies":"Red Slaver","floor":10,"turns":2},{"damage":31,"enemies":"3 Sentries","floor":14,"turns":7},{"damage":65,"enemies":"Hexaghost","floor":16,"turns":11},{"damage":22,"enemies":"2 Thieves","floor":18,"turns":4},{"damage":46,"enemies":"Gremlin Leader","floor":23,"turns":7},{"damage":4,"enemies":"3 Byrds","floor":25,"turns":1}],"seed_played":"5668815586219223057","potions_obtained":[{"floor":4,"key":"FairyPotion"},{"floor":5,"key":"Weak Potion"},{"floor":6,"key":"Energy Potion"},{"floor":7,"key":"Strength Potion"},{"floor":10,"key":"Swift Potion"},{"floor":18,"key":"SpeedPotion"},{"floor":23,"key":"Explosive Potion"}],"is_trial":false,"path_per_floor":["M","?","M","M","M","M","E","M","T","M","R","?","R","E","R","B",null,"M","$","?","?","?","E","$","M"],"character_chosen":"DEFECT","items_purchased":["PreservedInsect","Defragment"],"campfire_rested":3,"item_purchase_floors":[19,19],"current_hp_per_floor":[74,74,73,63,49,29,15,15,15,1,28,28,55,24,51,11,72,50,50,50,50,50,4,4,0],"gold":0,"neow_bonus":"TWENTY_PERCENT_HP_BONUS","is_prod":false,"is_daily":false,"chose_seed":false,"campfire_upgraded":0,"win_rate":0,"timestamp":1553979735,"path_taken":["M","?","M","M","M","M","E","M","T","M","R","?","R","E","R","BOSS","M","$","?","?","?","E","?","?"],"build_version":"2019-01-23","purchased_purges":0,"victory":false,"max_hp_per_floor":[85,85,85,85,85,85,92,92,92,92,92,92,92,92,92,92,92,92,92,92,92,92,92,92,92],"card_choices":[{"not_picked":["Sweeping Beam","Redo"],"picked":"Gash","floor":1},{"not_picked":["Rebound","Blizzard","Redo"],"picked":"SKIP","floor":3},{"not_picked":["Beam Cell","Stack"],"picked":"Scrape","floor":4},{"not_picked":["Go for the Eyes","Heatsinks"],"picked":"Gash","floor":5},{"not_picked":["Double Energy","Blizzard","Static Discharge"],"picked":"SKIP","floor":6},{"not_picked":["Blizzard","White Noise"],"picked":"Machine Learning","floor":7},{"not_picked":["Cold Snap","Barrage"],"picked":"Defragment","floor":8},{"not_picked":["Chaos","Compile Driver"],"picked":"Leap","floor":10},{"not_picked":["Steam","Chill"],"picked":"Streamline","floor":14},{"not_picked":["Thunder Strike","Hyperbeam"],"picked":"Echo Form","floor":16},{"not_picked":["Darkness","Compile Driver"],"picked":"Chill","floor":18},{"not_picked":["Loop","Stack"],"picked":"Go for the Eyes","floor":23}],"player_experience":1676746,"relics_obtained":[{"floor":7,"key":"Strawberry"},{"floor":9,"key":"Bottled Flame"},{"floor":14,"key":"Pantograph"},{"floor":23,"key":"StoneCalendar"}],"event_choices":[{"damage_healed":0,"gold_gain":0,"player_choice":"Fled","damage_taken":0,"max_hp_gain":0,"max_hp_loss":0,"event_name":"Scrap Ooze","floor":2,"gold_loss":0},{"damage_healed":0,"gold_gain":0,"player_choice":"Ignored","damage_taken":0,"max_hp_gain":0,"max_hp_loss":0,"event_name":"Shining Light","floor":12,"gold_loss":0},{"damage_healed":0,"gold_gain":0,"player_choice":"Read","damage_taken":0,"max_hp_gain":0,"max_hp_loss":0,"event_name":"The Library","floor":20,"gold_loss":0,"cards_obtained":["Cold Snap"]},{"damage_healed":0,"gold_gain":50,"player_choice":"Stole From Cult","damage_taken":0,"max_hp_gain":0,"max_hp_loss":0,"event_name":"Nest","floor":21,"gold_loss":0},{"damage_healed":0,"gold_gain":0,"player_choice":"Paid Fearfully","damage_taken":0,"max_hp_gain":0,"max_hp_loss":0,"event_name":"Masked Bandits","floor":22,"gold_loss":31}],"is_beta":false,"boss_relics":[{"not_picked":["Runic Dome","Black Star"],"picked":"Ectoplasm"}],"items_purged_floors":[],"is_endless":false,"potions_floor_spawned":[4,5,6,7,10,18,23],"killed_by":"3 Byrds","ascension_level":15}