{"gold_per_floor":[113,113,113,28,43,74,88,100,100,100,115,125,125,135,135,230,230,250,250,267,36,49,76,76,92,115,115,115,130,130,143,143,240,240,257,257,59,75,75,107,107,107,185,218,218,267,267,279,279,279],"floor_reached":51,"playtime":7259,"items_purged":[],"score":727,"play_id":"f432b903-065c-45de-a4b6-0f5168ad7285","local_time":"20190621032451","is_ascension_mode":false,"campfire_choices":[{"floor":13,"key":"REST"},{"floor":15,"key":"REST"},{"floor":24,"key":"REST"},{"floor":27,"key":"REST"},{"data":"Barricade","floor":32,"key":"SMITH"},{"data":"Combust","floor":41,"key":"SMITH"},{"floor":45,"key":"REST"},{"floor":47,"key":"REST"},{"data":"Metallicize","floor":49,"key":"SMITH"}],"neow_cost":"NONE","seed_source_timestamp":209738083408400,"circlet_count":0,"master_deck":["Strike_R+1","Strike_R+1","Strike_R+1","Strike_R+1","Defend_R+1","Defend_R+1","Defend_R+1","Defend_R+1","Bash","Blind","Bloodletting","Disarm","Rupture","Shrug It Off","Flex","Metallicize+1","Infernal Blade","Anger","Headbutt","Whirlwind+1","Impervious","Second Wind","Shockwave+1","Combust+1","Trip","Ghostly Armor","Dual Wield","Barricade+1","Body Slam","Shrug It Off+1","Cleave+1","Reaper","Flame Barrier+1","Warcry","Carnage+1","Madness","Madness","Body Slam+1","Intimidate+1","Flex+1"],"relics":["Burning Blood","Lantern","Bottled Tornado","Eternal Feather","Incense Burner","Oddly Smooth Stone","Snecko Eye","TheAbacus","Vajra","Pear","Question Card","Toxic Egg 2","StoneCalendar"],"potions_floor_usage":[6,14,16,25,44,44,46],"damage_taken":[{"damage":0,"enemies":"Small Slimes","floor":1,"turns":5},{"damage":6,"enemies":"2 Louse","floor":5,"turns":4},{"damage":65,"enemies":"Gremlin Nob","floor":6,"turns":6},{"damage":6,"enemies":"Cultist","floor":7,"turns":6},{"damage":2,"enemies":"2 Fungi Beasts","floor":8,"turns":6},{"damage":12,"enemies":"Gremlin Gang","floor":11,"turns":11},{"damage":0,"enemies":"Looter","floor":12,"turns":4},{"damage":4,"enemies":"Large Slime","floor":14,"turns":7},{"damage":64,"enemies":"Slime Boss","floor":16,"turns":14},{"damage":2,"enemies":"3 Byrds","floor":18,"turns":6},{"damage":29,"enemies":"Spheric Guardian","floor":20,"turns":7},{"damage":21,"enemies":"Cultist and Chosen","floor":22,"turns":10},{"damage":34,"enemies":"Gremlin Leader","floor":23,"turns":10},{"damage":27,"enemies":"Centurion and Healer","floor":25,"turns":7},{"damage":20,"enemies":"Shelled Parasite and Fungi","floor":29,"turns":7},{"damage":7,"enemies":"Snake Plant","floor":31,"turns":4},{"damage":33,"enemies":"Automaton","floor":33,"turns":17},{"damage":29,"enemies":"3 Darklings","floor":35,"turns":8},{"damage":18,"enemies":"Orb Walker","floor":38,"turns":5},{"damage":43,"enemies":"Reptomancer","floor":40,"turns":8},{"damage":53,"enemies":"Giant Head","floor":44,"turns":11},{"damage":56,"enemies":"2 Orb Walkers","floor":46,"turns":6},{"damage":11,"enemies":"Maw","floor":48,"turns":8},{"damage":41,"enemies":"Awakened One","floor":50,"turns":13}],"seed_played":"5643173829812689978","potions_obtained":[{"floor":1,"key":"FearPotion"},{"floor":7,"key":"Poison Potion"},{"floor":11,"key":"GamblersBrew"},{"floor":14,"key":"Fruit Juice"},{"floor":16,"key":"FearPotion"},{"floor":18,"key":"LiquidBronze"},{"floor":25,"key":"Fruit Juice"},{"floor":35,"key":"EssenceOfSteel"},{"floor":46,"key":"PowerPotion"}],"is_trial":false,"path_per_floor":["?","?","?","M","?","M","?","?","?","T","?","?"],"character_chosen":"IRONCLAD","items_purchased":["Rupture","Shrug It Off","Combust","Trip","Ghostly Armor","TheAbacus"],"campfire_rested":6,"item_purchase_floors":[4,4,21,21,21,37],"current_hp_per_floor":[80,80,80,80,80,21,21,25,25,25,19,25,49,56,81,23,85,85,85,62,62,47,19,59,43,43,85,85,71,71,70,88,61,90,90,90,90,78,78,65,86,73,73,37,88,52,100,100,100,75],"gold":279,"neow_bonus":"RANDOM_COLORLESS","is_prod":false,"is_daily":false,"chose_seed":false,"campfire_upgraded":3,"win_rate":0.0,"timestamp":1561112691,"path_taken":["M","?","?","$","M","E","M","M","T","?","M","M","R","?","R","BOSS","M","?","?","$","M","E","R","M","T","R","?","M","?","M","R","BOSS","M","?","$","M","?","E","R","?","T","E","R","?","R","M","R","BOSS"],"build_version":"2019-01-23","purchased_purges":0,"victory":true,"max_hp_per_floor":[80,80,80,80,80,80,80,80,80,80,80,80,80,85,85,85,85,85,85,85,85,85,85,85,90,90,90,90,90,90,90,90,90,90,90,90,90,90,90,100,100,100,100,100,100,100,100,100,100,100],"card_choices":[{"not_picked":["Rampage","Seeing Red"],"picked":"Bloodletting","floor":1},{"not_picked":["Warcry","Shrug It Off"],"picked":"Flex","floor":5},{"not_picked":["Burning Pact","Sever Soul"],"picked":"Metallicize","floor":6},{"not_picked":["Sword Boomerang","Body Slam"],"picked":"Infernal Blade","floor":7},{"not_picked":["Twin Strike","Metallicize"],"picked":"Cleave","floor":8},{"not_picked":["Sword Boomerang","Perfected Strike"],"picked":"Anger","floor":11},{"not_picked":["Iron Wave","Feel No Pain"],"picked":"Headbutt","floor":12},{"not_picked":["Clash","Perfected Strike"],"picked":"Whirlwind","floor":14},{"not_picked":["Brutality","Dark Embrace"],"picked":"Impervious","floor":16},{"not_picked":["Clothesline","Cleave"],"picked":"Second Wind","floor":18},{"not_picked":["True Grit","Heavy Blade+1"],"picked":"Shockwave+1","floor":20},{"not_picked":["Shrug It Off","Seeing Red"],"picked":"Dual Wield","floor":22},{"not_picked":["Metallicize","Shrug It Off"],"picked":"Barricade","floor":23},{"not_picked":["Shrug It Off","Disarm"],"picked":"Body Slam","floor":25},{"not_picked":["Twin Strike","Heavy Blade"],"picked":"Shrug It Off+1","floor":29},{"not_picked":["Perfected Strike","Clash+1"],"picked":"Cleave+1","floor":31},{"not_picked":["Bludgeon","Berserk"],"picked":"Reaper","floor":33},{"not_picked":["Body Slam","Clash"],"picked":"Flame Barrier+1","floor":35},{"not_picked":["Perfected Strike","Pommel Strike"],"picked":"Warcry","floor":38},{"not_picked":["Blood for Blood","Pommel Strike+1"],"picked":"Carnage+1","floor":40},{"not_picked":["Iron Wave","Bludgeon","Hemokinesis"],"picked":"Body Slam+1","floor":44},{"not_picked":["Pommel Strike+1","Heavy Blade+1","Anger+1"],"picked":"Intimidate+1","floor":46},{"not_picked":["Shockwave+1","Pummel","Headbutt+1"],"picked":"Flex+1","floor":48}],"player_experience":24213,"relics_obtained":[{"floor":6,"key":"Lantern"},{"floor":9,"key":"Bottled Tornado"},{"floor":23,"key":"Incense Burner"},{"floor":26,"key":"Oddly Smooth Stone"},{"floor":39,"key":"Vajra"},{"floor":40,"key":"Pear"},{"floor":43,"key":"Question Card"},{"floor":44,"key":"Toxic Egg 2"},{"floor":46,"key":"StoneCalendar"}],"event_choices":[{"damage_healed":0,"gold_gain":0,"player_choice":"Leave","damage_taken":0,"max_hp_gain":0,"max_hp_loss":0,"event_name":"The Cleric","floor":2,"gold_loss":0},{"damage_healed":0,"gold_gain":0,"cards_transformed":["Strike_R"],"player_choice":"Change","damage_taken":0,"max_hp_gain":0,"max_hp_loss":0,"event_name":"Living Wall","floor":3,"gold_loss":0,"cards_obtained":["Disarm"]},{"cards_removed":["Cleave"],"damage_healed":0,"gold_gain":0,"player_choice":"Purged","damage_taken":0,"max_hp_gain":0,"max_hp_loss":0,"event_name":"Purifier","floor":10,"gold_loss":0},{"damage_healed":0,"gold_gain":0,"player_choice":"Forge","damage_taken":0,"max_hp_gain":0,"max_hp_loss":0,"event_name":"Accursed Blacksmith","floor":19,"gold_loss":0,"cards_upgraded":["Whirlwind"]},{"damage_healed":0,"gold_gain":0,"player_choice":"Simplicity","damage_taken":0,"max_hp_gain":0,"max_hp_loss":0,"event_name":"Back to Basics","floor":28,"gold_loss":0,"cards_upgraded":["Strike_R","Strike_R","Strike_R","Strike_R","Defend_R","Defend_R","Defend_R","Defend_R"]},{"damage_healed":0,"gold_gain":0,"player_choice":"Ignored","damage_taken":0,"max_hp_gain":0,"max_hp_loss":0,"event_name":"Beggar","floor":30,"gold_loss":0},{"damage_healed":0,"gold_gain":0,"player_choice":"Ignored","damage_taken":0,"max_hp_gain":0,"max_hp_loss":0,"event_name":"Tomb of Lord Red Mask","floor":36,"gold_loss":0},{"damage_healed":0,"gold_gain":0,"player_choice":"Embrace Madness","damage_taken":13,"max_hp_gain":0,"max_hp_loss":0,"event_name":"Winding Halls","floor":42,"gold_loss":0,"cards_obtained":["Madness","Madness"]},{"damage_healed":0,"gold_gain":0,"player_choice":"Fight","damage_taken":0,"max_hp_gain":0,"max_hp_loss":0,"event_name":"Mysterious Sphere","floor":46,"gold_loss":0}],"is_beta":false,"boss_relics":[{"not_picked":["Lizard Tail","Coffee Dripper"],"picked":"Eternal Feather"},{"not_picked":["Runic Dome","Busted Crown"],"picked":"Snecko Eye"}],"items_purged_floors":[],"is_endless":false,"potions_floor_spawned":[1,7,11,14,16,18,22,25,35,46],"ascension_level":0}