{"gold_per_floor":[114,4,79,354,366,395,9,44,44,44,44,59,71,91,91,195,195,210,224,1,19,19],"floor_reached":22,"playtime":2526,"items_purged":[],"score":220,"play_id":"3c84765b-7a2e-48ec-9397-c4b4cf819116","local_time":"20190619005705","is_ascension_mode":false,"campfire_choices":[{"floor":11,"key":"REST"},{"floor":15,"key":"REST"}],"neow_cost":"NONE","seed_source_timestamp":32840760812000,"circlet_count":0,"master_deck":["Strike_B","Strike_B","Strike_B","Strike_B","Defend_B","Defend_B","Defend_B","Defend_B","Zap","Dualcast","Ball Lightning","Storm","Rip and Tear","Coolheaded","Stack","Capacitor","Compile Driver","Conserve Battery","Hello World","Static Discharge","Cold Snap","Darkness","Reboot","Coolheaded","Stack","Hologram","Cold Snap","Melter"],"relics":["Cracked Core","NeowsBlessing","Nunchaku","Mummified Hand","Boot","Torii","Spirit Poop","Runic Pyramid","Lantern"],"potions_floor_usage":[21],"damage_taken":[{"damage":0,"enemies":"Small Slimes","floor":1,"turns":1},{"damage":0,"enemies":"Jaw Worm","floor":5,"turns":1},{"damage":0,"enemies":"Gremlin Nob","floor":6,"turns":1},{"damage":32,"enemies":"Lagavulin","floor":8,"turns":7},{"damage":0,"enemies":"Cultist","floor":12,"turns":3},{"damage":9,"enemies":"Red Slaver","floor":13,"turns":3},{"damage":1,"enemies":"Blue Slaver","floor":14,"turns":4},{"damage":2,"enemies":"Slime Boss","floor":16,"turns":6},{"damage":1,"enemies":"Chosen","floor":18,"turns":4},{"damage":29,"enemies":"Spheric Guardian","floor":19,"turns":5},{"damage":27,"enemies":"Cultist and Chosen","floor":21,"turns":7},{"damage":23,"enemies":"Snake Plant","floor":22,"turns":3}],"seed_played":"4451384239926539410","potions_obtained":[{"floor":12,"key":"FearPotion"},{"floor":13,"key":"Fire Potion"},{"floor":14,"key":"AttackPotion"},{"floor":19,"key":"SkillPotion"}],"is_trial":false,"path_per_floor":["?","?","M","$","?"],"character_chosen":"DEFECT","items_purchased":["Storm","Rip and Tear","Capacitor","Mummified Hand","Compile Driver","Conserve Battery","Lantern","Hologram","Cold Snap"],"campfire_rested":2,"item_purchase_floors":[2,2,7,7,7,7,20,20,20],"current_hp_per_floor":[75,75,64,64,64,64,64,32,32,32,54,54,45,44,66,64,75,74,45,45,18,0],"gold":19,"neow_bonus":"THREE_ENEMY_KILL","is_prod":false,"is_daily":false,"chose_seed":false,"campfire_upgraded":0,"win_rate":0.0,"timestamp":1560931025,"path_taken":["M","$","?","?","?","E","?","E","T","?","R","M","M","M","R","BOSS","M","M","$","M","M"],"build_version":"2019-01-23","purchased_purges":0,"victory":false,"max_hp_per_floor":[75,75,75,75,75,75,75,75,75,75,75,75,75,75,75,75,75,75,75,75,75,75],"card_choices":[{"not_picked":["Hologram","Beam Cell"],"picked":"Ball Lightning","floor":1},{"not_picked":["Go for the Eyes","Rip and Tear"],"picked":"Coolheaded","floor":5},{"not_picked":["Amplify","Beam Cell"],"picked":"Stack","floor":6},{"not_picked":["Gash","Reprogram"],"picked":"Hello World","floor":8},{"not_picked":["Compile Driver","Reinforced Body"],"picked":"Static Discharge","floor":12},{"not_picked":["Streamline","Go for the Eyes"],"picked":"Cold Snap","floor":13},{"not_picked":["Barrage","Gash"],"picked":"Darkness","floor":14},{"not_picked":["Machine Learning","Amplify"],"picked":"Reboot","floor":16},{"not_picked":["Compile Driver","Auto Shields+1"],"picked":"Coolheaded","floor":18},{"not_picked":["Skim","Rip and Tear"],"picked":"Stack","floor":19},{"not_picked":["Heatsinks","Chaos"],"picked":"Melter","floor":21}],"player_experience":6669,"relics_obtained":[{"floor":6,"key":"Nunchaku"},{"floor":8,"key":"Boot"},{"floor":9,"key":"Torii"}],"event_choices":[{"damage_healed":0,"gold_gain":75,"player_choice":"Gather Gold","damage_taken":11,"max_hp_gain":0,"max_hp_loss":0,"event_name":"World of Goop","floor":3,"gold_loss":0},{"damage_healed":0,"gold_gain":275,"player_choice":"Desecrate","damage_taken":0,"max_hp_gain":0,"max_hp_loss":0,"event_name":"Golden Shrine","floor":4,"gold_loss":0,"cards_obtained":["Regret"]},{"cards_removed":["Regret"],"damage_healed":0,"gold_gain":0,"player_choice":"Offered Curse","damage_taken":0,"relics_obtained":["Spirit Poop"],"max_hp_gain":0,"max_hp_loss":0,"event_name":"Bonfire Elementals","floor":10,"gold_loss":0}],"is_beta":false,"boss_relics":[{"not_picked":["Ectoplasm","Velvet Choker"],"picked":"Runic Pyramid"}],"items_purged_floors":[],"is_endless":false,"potions_floor_spawned":[12,13,14,19],"killed_by":"Snake Plant","ascension_level":0}