{"gold_per_floor":[118,129,54,4,16,47,66,94,119,146,176,176,189,202,202,273,273,283,283,299,319,319,352,363,50,50,61,61,93,93,110,110,186,186,201,38,0,0,10,10,37,37,60,77,77,77,77,92,92,92],"floor_reached":50,"playtime":9950,"items_purged":["Strike_R","Strike_R"],"score":919,"play_id":"57e2961d-143f-4ed3-ada0-a069ec1341ec","local_time":"20190705121524","is_ascension_mode":true,"campfire_choices":[{"data":"Fiend Fire","floor":12.0,"key":"SMITH"},{"data":"Corruption","floor":15.0,"key":"SMITH"},{"floor":28.0,"key":"REST"},{"floor":32.0,"key":"REST"},{"data":"Armaments","floor":40.0,"key":"SMITH"},{"data":"Demon Form","floor":45.0,"key":"SMITH"},{"data":"Armaments","floor":47.0,"key":"SMITH"},{"floor":49.0,"key":"REST"}],"neow_cost":"NONE","seed_source_timestamp":0,"circlet_count":0,"master_deck":["AscendersBane","Strike_R+1","Strike_R","Defend_R","Defend_R","Defend_R","Defend_R","Bash","Blind","Inflame","Twin Strike","Armaments+1","Shrug It Off","Fiend Fire+1","Corruption+1","Pummel","Dark Embrace","Pommel Strike+1","Cleave","Exhume","Flame Barrier","Armaments+1","Demon Form+1","Feel No Pain","Battle Trance+1","Feel No Pain+1"],"special_seed":0,"relics":["Black Blood","The Courier","Oddly Smooth Stone","PreservedInsect","Centennial Puzzle","Juzu Bracelet","Velvet Choker","Nilry\u0027s Codex","Bronze Scales","Mango","Boot","Whetstone","Strange Spoon","Red Mask","Bag of Marbles","Smiling Mask","Blue Candle"],"potions_floor_usage":[50],"damage_taken":[{"damage":5.0,"enemies":"2 Louse","floor":1.0,"turns":4.0},{"damage":4.0,"enemies":"Jaw Worm","floor":2.0,"turns":4.0},{"damage":0.0,"enemies":"Small Slimes","floor":5.0,"turns":3.0},{"damage":23.0,"enemies":"Gremlin Nob","floor":6.0,"turns":4.0},{"damage":7.0,"enemies":"Looter","floor":7.0,"turns":4.0},{"damage":17.0,"enemies":"Lagavulin","floor":8.0,"turns":5.0},{"damage":11.0,"enemies":"3 Sentries","floor":11.0,"turns":5.0},{"damage":6.0,"enemies":"Lots of Slimes","floor":13.0,"turns":5.0},{"damage":12.0,"enemies":"Large Slime","floor":14.0,"turns":7.0},{"damage":39.0,"enemies":"The Guardian","floor":16.0,"turns":16.0},{"damage":5.0,"enemies":"Spheric Guardian","floor":18.0,"turns":3.0},{"damage":0.0,"enemies":"3 Byrds","floor":20.0,"turns":5.0},{"damage":24.0,"enemies":"Snake Plant","floor":21.0,"turns":6.0},{"damage":21.0,"enemies":"Slavers","floor":23.0,"turns":5.0},{"damage":12.0,"enemies":"Centurion and Healer","floor":24.0,"turns":7.0},{"damage":18.0,"enemies":"Shelled Parasite and Fungi","floor":27.0,"turns":4.0},{"damage":18.0,"enemies":"Book of Stabbing","floor":29.0,"turns":5.0},{"damage":20.0,"enemies":"Snake Plant","floor":31.0,"turns":4.0},{"damage":40.0,"enemies":"Champ","floor":33.0,"turns":11.0},{"damage":48.0,"enemies":"3 Darklings","floor":35.0,"turns":6.0},{"damage":14.0,"enemies":"Orb Walker","floor":39.0,"turns":3.0},{"damage":3.0,"enemies":"Giant Head","floor":41.0,"turns":7.0},{"damage":22.0,"enemies":"Maw","floor":44.0,"turns":7.0},{"damage":27.0,"enemies":"Sphere and 2 Shapes","floor":48.0,"turns":5.0},{"damage":95,"enemies":"Awakened One","floor":50,"turns":5}],"seed_played":"2364287053068466871","potions_obtained":[{"floor":1.0,"key":"Energy Potion"},{"floor":7.0,"key":"Regen Potion"},{"floor":8.0,"key":"SpeedPotion"},{"floor":13.0,"key":"BloodPotion"},{"floor":20.0,"key":"Strength Potion"},{"floor":27.0,"key":"PowerPotion"},{"floor":31.0,"key":"PowerPotion"},{"floor":33.0,"key":"Ancient Potion"},{"floor":35.0,"key":"PowerPotion"},{"floor":44.0,"key":"Dexterity Potion"}],"is_trial":false,"path_per_floor":["M","M","$","?","M","E","M","E","T","T","E","R","M","M","R","B",null,"M","?","M","M","?","E","M","$","T","M","R","E","?","M","R","B",null,"M","$","?","?","M","R","E","?","T","M","R","T","R","M","R","B"],"character_chosen":"IRONCLAD","items_purchased":["Mango","Strange Spoon"],"campfire_rested":3,"item_purchase_floors":[25,36],"current_hp_per_floor":[73,75,75,75,80,63,62,51,51,51,58,58,58,52,52,19,65,66,51,57,60,44,29,23,37,37,25,54,42,42,28,57,23,80,42,42,42,87,83,83,87,87,87,75,75,75,75,58,84,0],"gold":92,"neow_bonus":"RANDOM_COLORLESS","is_prod":false,"is_daily":false,"chose_seed":false,"campfire_upgraded":5,"win_rate":0,"timestamp":1562354124,"path_taken":["M","M","$","?","M","E","M","E","T","?","E","R","M","M","R","BOSS","M","?","M","M","?","E","M","$","T","M","R","E","?","M","R","BOSS","M","$","?","?","M","R","E","?","T","M","R","?","R","M","R","BOSS"],"build_version":"2019-07-01","purchased_purges":2,"victory":false,"max_hp_per_floor":[80,80,80,80,80,80,80,80,80,80,80,80,80,80,80,80,80,80,85,85,85,85,85,85,99,99,99,99,99,99,99,99,99,99,99,99,99,87,87,87,87,87,87,87,87,87,87,87,87,87],"card_choices":[{"not_picked":["Heavy Blade","Havoc"],"picked":"Inflame","floor":1.0},{"not_picked":["Flex","Wild Strike"],"picked":"Twin Strike","floor":2.0},{"not_picked":["Fire Breathing","Second Wind"],"picked":"Heavy Blade","floor":5.0},{"not_picked":["Clash","Heavy Blade"],"picked":"Armaments","floor":6.0},{"not_picked":["Inflame","Sever Soul"],"picked":"Shrug It Off","floor":7.0},{"not_picked":["Thunderclap","Heavy Blade"],"picked":"Fiend Fire","floor":8.0},{"not_picked":["Disarm","Power Through"],"picked":"Corruption","floor":11.0},{"not_picked":["Warcry","Reckless Charge"],"picked":"Pummel","floor":13.0},{"not_picked":["Disarm","Entrench","Carnage"],"picked":"SKIP","floor":14.0},{"not_picked":["Juggernaut","Brutality"],"picked":"Dark Embrace","floor":16.0},{"not_picked":["Flex","Rupture","Heavy Blade"],"picked":"SKIP","floor":18.0},{"not_picked":["Anger","Perfected Strike","Twin Strike"],"picked":"SKIP","floor":20.0},{"not_picked":["True Grit","Cleave"],"picked":"Pommel Strike+1","floor":21.0},{"not_picked":["Spot Weakness","Searing Blow","Bludgeon"],"picked":"SKIP","floor":23.0},{"not_picked":["Pummel+1","Fire Breathing"],"picked":"Cleave","floor":24.0},{"not_picked":["Disarm","Combust","Perfected Strike"],"picked":"SKIP","floor":27.0},{"not_picked":["Searing Blow","Flex"],"picked":"Exhume","floor":29.0},{"not_picked":["True Grit","Warcry"],"picked":"Armaments","floor":31.0},{"not_picked":["Juggernaut","Brutality"],"picked":"Demon Form","floor":33.0},{"not_picked":["Havoc","Anger","Headbutt"],"picked":"SKIP","floor":35.0},{"not_picked":["Spot Weakness","Perfected Strike"],"picked":"Feel No Pain","floor":39.0},{"not_picked":["Juggernaut","Iron Wave"],"picked":"Battle Trance+1","floor":41.0},{"not_picked":["Combust","Perfected Strike","Uppercut"],"picked":"SKIP","floor":44.0},{"not_picked":["Warcry","Disarm"],"picked":"Feel No Pain+1","floor":48.0}],"player_experience":269171,"relics_obtained":[{"floor":6.0,"key":"The Courier"},{"floor":8.0,"key":"Oddly Smooth Stone"},{"floor":9.0,"key":"PreservedInsect"},{"floor":10.0,"key":"Centennial Puzzle"},{"floor":11.0,"key":"Juzu Bracelet"},{"floor":22.0,"key":"Nilry\u0027s Codex"},{"floor":23.0,"key":"Bronze Scales"},{"floor":26.0,"key":"Boot"},{"floor":29.0,"key":"Whetstone"},{"floor":41.0,"key":"Bag of Marbles"},{"floor":43.0,"key":"Smiling Mask"},{"floor":46.0,"key":"Blue Candle"}],"event_choices":[{"cards_removed":["Strike_R"],"damage_healed":0.0,"max_hp_gain":0.0,"max_hp_loss":0.0,"gold_gain":0.0,"event_name":"The Cleric","player_choice":"Card Removal","floor":4.0,"gold_loss":50.0,"damage_taken":0.0},{"damage_healed":0.0,"max_hp_gain":5.0,"max_hp_loss":0.0,"gold_gain":0.0,"event_name":"Forgotten Altar","player_choice":"Shed Blood","floor":19.0,"gold_loss":0.0,"damage_taken":20.0},{"damage_healed":0.0,"max_hp_gain":0.0,"max_hp_loss":0.0,"gold_gain":0.0,"event_name":"Cursed Tome","player_choice":"Obtained Book","floor":22.0,"gold_loss":0.0,"damage_taken":16.0},{"damage_healed":0.0,"max_hp_gain":0.0,"max_hp_loss":0.0,"gold_gain":0.0,"event_name":"The Library","player_choice":"Read","floor":30.0,"gold_loss":0.0,"damage_taken":0.0,"cards_obtained":["Flame Barrier"]},{"damage_healed":0.0,"max_hp_gain":0.0,"max_hp_loss":0.0,"gold_gain":0.0,"event_name":"Tomb of Lord Red Mask","player_choice":"Paid","floor":37.0,"gold_loss":38.0,"damage_taken":0.0,"relics_obtained":["Red Mask"]},{"damage_healed":87.0,"max_hp_gain":0.0,"max_hp_loss":12.0,"gold_gain":0.0,"event_name":"The Moai Head","player_choice":"Heal","floor":38.0,"gold_loss":0.0,"damage_taken":0.0},{"cards_removed":["Heavy Blade"],"damage_healed":0.0,"max_hp_gain":0.0,"max_hp_loss":0.0,"gold_gain":0.0,"event_name":"Falling","player_choice":"Removed Attack","floor":42.0,"gold_loss":0.0,"damage_taken":0.0}],"is_beta":false,"boss_relics":[{"not_picked":["Orrery","Tiny House"],"picked":"Velvet Choker"},{"not_picked":["Runic Pyramid","Cursed Key"],"picked":"Black Blood"}],"items_purged_floors":[3,25],"is_endless":false,"potions_floor_spawned":[1,7,8,13,20,27,31,33,35,39,44],"killed_by":"Awakened One","ascension_level":13}