{"gold_per_floor":[99,99,20,20,20,20,20,20,20,20,20,20,20,5,5,5,5,0,0,0,0,0,0,0,0,0,0,0,0,0,0,0,0,0,0,0,0,0,0,0,0,0,0,0,0,0,0,0,0,0],"floor_reached":51,"playtime":4412,"items_purged":[],"score":1225,"play_id":"d723c65f-e8a6-4b90-be38-cae49ec70494","local_time":"20180730222125","is_ascension_mode":true,"campfire_choices":[{"data":"Dash","floor":7.0,"key":"SMITH"},{"data":"Phantasmal Killer","floor":15.0,"key":"SMITH"},{"data":"Caltrops","floor":27.0,"key":"SMITH"},{"data":"Burst","floor":29.0,"key":"SMITH"},{"data":"Leg Sweep","floor":32.0,"key":"SMITH"},{"data":"Neutralize","floor":41,"key":"SMITH"},{"floor":44,"key":"REST"},{"data":"Mind Blast","floor":49,"key":"SMITH"}],"neow_cost":"NONE","seed_source_timestamp":0,"circlet_count":0,"master_deck":["Defend_G","Defend_G","Strike_G+1","Strike_G+1","Strike_G+1","Survivor","Neutralize+1","Dagger Spray+1","Dash+1","Phantasmal Killer+1","Tools of the Trade","Caltrops+1","Backstab","Leg Sweep+1","Burst+1","Deflect+1","Adrenaline+1","Dash+1","Dagger Throw+1","Purity","Deadly Poison+1","Escape Plan","Cloak And Dagger+1","Leg Sweep+1","Outmaneuver+1","Deadly Poison+1","Venomology","Cloak And Dagger+1","Madness","Madness","Dodge and Roll+1","Cloak And Dagger+1","Backflip+1","Pain","Backflip","Mind Blast+1","Master of Strategy","Terror"],"special_seed":0,"relics":["Ectoplasm","Regal Pillow","Oddly Smooth Stone","Ninja Scroll","Whetstone","Golden Idol","Astrolabe","Strawberry","Orichalcum","Pantograph","Dream Catcher","Cursed Key","Red Mask","Potion Belt","Juzu Bracelet"],"potions_floor_usage":[40,40,48,48,48,50,50,50,50],"damage_taken":[{"damage":0.0,"enemies":"Small Slimes","floor":1.0,"turns":4.0},{"damage":0.0,"enemies":"2 Louse","floor":2.0,"turns":2.0},{"damage":0.0,"enemies":"Jaw Worm","floor":4.0,"turns":3.0},{"damage":0.0,"enemies":"3 Sentries","floor":6.0,"turns":6.0},{"damage":0.0,"enemies":"Gremlin Nob","floor":10.0,"turns":4.0},{"damage":0.0,"enemies":"Red Slaver","floor":11.0,"turns":2.0},{"damage":0.0,"enemies":"3 Sentries","floor":12.0,"turns":6.0},{"damage":5.0,"enemies":"Looter","floor":14.0,"turns":2.0},{"damage":0.0,"enemies":"Slime Boss","floor":16.0,"turns":7.0},{"damage":0.0,"enemies":"2 Thieves","floor":18.0,"turns":4.0},{"damage":0.0,"enemies":"Shell Parasite","floor":21.0,"turns":4.0},{"damage":0.0,"enemies":"Snake Plant","floor":22.0,"turns":3.0},{"damage":12.0,"enemies":"Book of Stabbing","floor":23.0,"turns":5.0},{"damage":0.0,"enemies":"Cultist and Chosen","floor":24.0,"turns":4.0},{"damage":0.0,"enemies":"Snecko","floor":25.0,"turns":4.0},{"damage":1.0,"enemies":"Slavers","floor":28.0,"turns":5.0},{"damage":0.0,"enemies":"Gremlin Leader","floor":30.0,"turns":6.0},{"damage":8.0,"enemies":"Automaton","floor":33.0,"turns":9.0},{"damage":8.0,"enemies":"3 Shapes","floor":35.0,"turns":2.0},{"damage":0.0,"enemies":"Flame Bruiser 1 Orb","floor":37.0,"turns":6.0},{"damage":2,"enemies":"3 Darklings","floor":39,"turns":6},{"damage":11,"enemies":"Nemesis","floor":40,"turns":8},{"damage":0,"enemies":"4 Shapes","floor":42,"turns":7},{"damage":7,"enemies":"Spire Growth","floor":46,"turns":4},{"damage":2,"enemies":"3 Darklings","floor":48,"turns":4},{"damage":63,"enemies":"Donu and Deca","floor":50,"turns":12}],"seed_played":"-809856457001080736","potions_obtained":[{"floor":1.0,"key":"GamblersBrew"},{"floor":6.0,"key":"Energy Potion"},{"floor":14.0,"key":"Swift Potion"},{"floor":18.0,"key":"SkillPotion"},{"floor":21.0,"key":"SkillPotion"},{"floor":23.0,"key":"AttackPotion"},{"floor":25.0,"key":"EntropicBrew"},{"floor":37.0,"key":"PowerPotion"},{"floor":42,"key":"Weak Potion"}],"is_trial":false,"path_per_floor":["M","M","$","M","?","E","R","?","T","E","M","E","?","M","R","B",null,"M","?","?","M","M","E","M","M","T","R","E","R","E","?","R","B",null,"M","?","M","?","M","E","R","M","T","R","?","M","?","M","R","B"],"character_chosen":"THE_SILENT","items_purchased":["Dash"],"campfire_rested":1,"item_purchase_floors":[3],"current_hp_per_floor":[63,63,63,63,49,49,49,49,49,49,49,49,49,44,44,44,60,60,60,48,48,48,43,43,43,43,43,42,42,42,42,42,59,69,61,52,52,52,50,39,39,39,39,72,72,65,55,53,53,19],"gold":0,"neow_bonus":"BOSS_RELIC","is_prod":false,"is_daily":false,"chose_seed":false,"campfire_upgraded":7,"win_rate":0,"timestamp":1533014485,"path_taken":["M","M","$","M","?","E","R","?","T","E","?","E","?","?","R","BOSS","M","?","?","M","M","E","?","M","T","R","E","R","E","?","R","BOSS","M","?","M","?","M","E","R","?","T","R","?","M","?","M","R","BOSS"],"build_version":"2018-07-26","purchased_purges":0,"victory":true,"max_hp_per_floor":[70,70,70,70,70,70,70,70,70,70,70,70,65,65,65,65,65,65,65,65,65,65,72,72,72,72,72,72,72,72,72,72,72,72,72,72,72,72,72,72,72,72,72,72,72,72,72,72,72,72],"card_choices":[{"not_picked":["Leg Sweep","Dodge and Roll"],"picked":"Dagger Spray","floor":1.0},{"not_picked":["Slice","Escape Plan","Accuracy"],"picked":"SKIP","floor":2.0},{"not_picked":["Heel Hook","Reflex","Underhanded Strike"],"picked":"SKIP","floor":4.0},{"not_picked":["Slice","Acrobatics","Dodge and Roll"],"picked":"SKIP","floor":6.0},{"not_picked":["Acrobatics","Endless Agony"],"picked":"Tools of the Trade","floor":10.0},{"not_picked":["Dagger Spray","Acrobatics"],"picked":"Caltrops","floor":11.0},{"not_picked":["Dagger Throw","Poisoned Stab"],"picked":"Backstab","floor":12.0},{"not_picked":["Infinite Blades","Acrobatics"],"picked":"Leg Sweep","floor":14.0},{"not_picked":["Night Terror","Tools of the Trade"],"picked":"Burst","floor":16.0},{"not_picked":["Acrobatics","Endless Agony"],"picked":"Dagger Throw+1","floor":18.0},{"not_picked":["Deflect+1","Cloak And Dagger","Dagger Spray"],"picked":"SKIP","floor":21.0},{"not_picked":["Calculated Gamble","Escape Plan"],"picked":"Deadly Poison+1","floor":22.0},{"not_picked":["Poisoned Stab+1","Grand Finale"],"picked":"Escape Plan","floor":23.0},{"not_picked":["Acrobatics","Choke"],"picked":"Cloak And Dagger+1","floor":24.0},{"not_picked":["Dodge and Roll","Crippling Poison+1"],"picked":"Leg Sweep+1","floor":25.0},{"not_picked":["Riddle With Holes+1","Calculated Gamble"],"picked":"Outmaneuver+1","floor":28.0},{"not_picked":["Burst","Crippling Poison"],"picked":"Deadly Poison+1","floor":30.0},{"not_picked":["Die Die Die","Burst"],"picked":"Venomology","floor":33.0},{"not_picked":["Underhanded Strike","Slice+1"],"picked":"Cloak And Dagger+1","floor":35.0},{"not_picked":["Underhanded Strike","Deadly Poison+1"],"picked":"Dodge and Roll+1","floor":37.0},{"not_picked":["Poisoned Stab+1","Blade Dance"],"picked":"Cloak And Dagger+1","floor":39},{"not_picked":["Blade Dance","Wraith Form v2"],"picked":"Backflip+1","floor":40},{"not_picked":["Dagger Spray+1","Dodge and Roll","Setup"],"picked":"SKIP","floor":42},{"not_picked":["Acrobatics+1","Heel Hook+1"],"picked":"Backflip","floor":44},{"not_picked":["PiercingWail+1","Outmaneuver+1","Dodge and Roll+1"],"picked":"SKIP","floor":46},{"not_picked":["Sadistic Nature","Magnetism"],"picked":"Mind Blast","floor":47},{"not_picked":["Flash of Steel","Apotheosis"],"picked":"Master of Strategy","floor":47},{"not_picked":["Masterful Stab","Bane+1"],"picked":"Terror","floor":48}],"player_experience":185772,"relics_obtained":[{"floor":6.0,"key":"Regal Pillow"},{"floor":9.0,"key":"Oddly Smooth Stone"},{"floor":10.0,"key":"Ninja Scroll"},{"floor":12.0,"key":"Whetstone"},{"floor":23.0,"key":"Strawberry"},{"floor":26.0,"key":"Orichalcum"},{"floor":28.0,"key":"Pantograph"},{"floor":30.0,"key":"Dream Catcher"},{"floor":40,"key":"Potion Belt"},{"floor":43,"key":"Juzu Bracelet"}],"event_choices":[{"event_name":"Shining Light","player_choice":"Entered Light","floor":5.0,"damage_taken":0.0},{"event_name":"Transmorgrifier","player_choice":"Transform","floor":8.0,"damage_taken":0.0},{"event_name":"Golden Idol","player_choice":"Lose Max HP","floor":13.0,"damage_taken":0.0},{"event_name":"Vampires","player_choice":"Ignored","floor":19.0,"damage_taken":0.0},{"event_name":"Knowing Skull","player_choice":"CARD ","floor":20.0,"damage_taken":0.0},{"event_name":"Beggar","player_choice":"Ignored","floor":31.0,"damage_taken":0.0},{"event_name":"Winding Halls","player_choice":"Embrace Madness","floor":36.0,"damage_taken":0.0},{"event_name":"Tomb of Lord Red Mask","player_choice":"Paid","floor":38,"damage_taken":0},{"event_name":"Falling","player_choice":"Removed Skill","floor":45,"damage_taken":0},{"event_name":"SensoryStone","player_choice":"Memory 3","floor":47,"damage_taken":0}],"is_beta":false,"boss_relics":[{"not_picked":["Fusion Hammer","HoveringKite"],"picked":"Astrolabe"},{"not_picked":["Velvet Choker","Lizard Tail"],"picked":"Cursed Key"}],"items_purged_floors":[],"is_endless":false,"potions_floor_spawned":[1,6,14,18,21,23,25,37,39,42],"ascension_level":8}