{"gold_per_floor":[109,89,102,118,129,129,154,154,154,154,23,40,40],"floor_reached":13,"playtime":584,"items_purged":["Strike_B"],"score":162,"play_id":"b3f67356-d0c6-4bbf-954b-1bb6d2cb3782","local_time":"20190425230644","is_ascension_mode":true,"campfire_choices":[{"data":"Zap","floor":6,"key":"SMITH"}],"neow_cost":"NONE","seed_source_timestamp":0,"circlet_count":0,"master_deck":["AscendersBane","Strike_B","Strike_B","Strike_B","Defend_B","Defend_B","Defend_B","Defend_B","Zap+1","Dualcast","Conserve Battery","Gash"],"special_seed":0,"relics":["Cracked Core","Ginger","Shovel"],"potions_floor_usage":[5,7,13,13],"damage_taken":[{"damage":4,"enemies":"Small Slimes","floor":1,"turns":4},{"damage":1,"enemies":"Cultist","floor":3,"turns":3},{"damage":3,"enemies":"2 Louse","floor":4,"turns":2},{"damage":15,"enemies":"Exordium Wildlife","floor":5,"turns":4},{"damage":44,"enemies":"Lagavulin","floor":7,"turns":8},{"damage":1,"enemies":"2 Fungi Beasts","floor":12,"turns":3},{"damage":10,"enemies":"3 Sentries","floor":13,"turns":5}],"seed_played":"-5126834621198105484","potions_obtained":[{"floor":1,"key":"Fire Potion"},{"floor":2,"key":"Dexterity Potion"},{"floor":3,"key":"FocusPotion"},{"floor":12,"key":"Explosive Potion"}],"is_trial":false,"path_per_floor":["M","?","M","M","M","R","E","T","T","?","$","M","E"],"character_chosen":"DEFECT","items_purchased":["Fire Potion"],"campfire_rested":0,"item_purchase_floors":[11],"current_hp_per_floor":[67,67,66,63,48,48,4,4,4,4,4,3,0],"gold":40,"neow_bonus":"TEN_PERCENT_HP_BONUS","is_prod":false,"is_daily":false,"chose_seed":false,"campfire_upgraded":1,"win_rate":0,"timestamp":1556258804,"path_taken":["M","?","?","M","M","R","E","?","T","?","$","M","E"],"build_version":"2019-01-23","purchased_purges":1,"victory":false,"max_hp_per_floor":[78,78,78,78,78,78,78,78,78,78,78,78,78],"card_choices":[{"not_picked":["Rip and Tear","Force Field"],"picked":"Conserve Battery","floor":1},{"not_picked":["Stack","Conserve Battery","Aggregate"],"picked":"SKIP","floor":3},{"not_picked":["Amplify","Steam"],"picked":"Gash","floor":4},{"not_picked":["Tempest","Rebound","Fusion"],"picked":"SKIP","floor":5},{"not_picked":["Storm","Steam","Fusion"],"picked":"SKIP","floor":7},{"not_picked":["Stack","Loop","Barrage"],"picked":"SKIP","floor":12}],"player_experience":1316827,"relics_obtained":[{"floor":7,"key":"Ginger"},{"floor":8,"key":"Shovel"}],"event_choices":[{"damage_healed":0,"gold_gain":0,"player_choice":"Bought 1 Potion","damage_taken":0,"max_hp_gain":0,"max_hp_loss":0,"event_name":"The Woman in Blue","floor":2,"gold_loss":0},{"damage_healed":0,"gold_gain":0,"player_choice":"Fled","damage_taken":0,"max_hp_gain":0,"max_hp_loss":0,"event_name":"Scrap Ooze","floor":10,"gold_loss":0}],"is_beta":false,"boss_relics":[],"items_purged_floors":[11],"is_endless":false,"potions_floor_spawned":[1,3,12],"killed_by":"3 Sentries","ascension_level":18}