{"gold_per_floor":[215,215,233,11,25,56,56,72,72,83,83,83,96,108,108,212,212,226,1,1,1,13,43,43,43],"floor_reached":25,"playtime":2291,"items_purged":[],"score":223,"play_id":"c5d7ff03-ae08-4951-af31-4e34abb822c8","local_time":"20190621040501","is_ascension_mode":false,"campfire_choices":[{"floor":7,"key":"REST"},{"floor":12,"key":"REST"},{"floor":15,"key":"REST"},{"floor":24,"key":"REST"}],"neow_cost":"NONE","seed_source_timestamp":217151054707200,"circlet_count":0,"master_deck":["Defend_G","Defend_G","Defend_G","Defend_G","Defend_G","Strike_G","Strike_G","Strike_G","Strike_G","Strike_G","Survivor","Neutralize","Expertise","Corpse Explosion","Dramatic Entrance","Terror","Noxious Fumes","Sucker Punch","Deadly Poison","Quick Slash","PiercingWail","A Thousand Cuts","Deflect","Glass Knife+1","Poisoned Stab+1","Well Laid Plans","Deadly Poison+1","Tactician"],"relics":["Ring of the Snake","Centennial Puzzle","Bottled Tornado","Molten Egg 2","Black Star","Lee\u0027s Waffle","Potion Belt","Frozen Egg 2"],"potions_floor_usage":[],"damage_taken":[{"damage":0,"enemies":"Small Slimes","floor":1,"turns":4},{"damage":1,"enemies":"Cultist","floor":3,"turns":4},{"damage":11,"enemies":"2 Louse","floor":5,"turns":2},{"damage":45,"enemies":"Lagavulin","floor":6,"turns":10},{"damage":8,"enemies":"2 Fungi Beasts","floor":8,"turns":3},{"damage":11,"enemies":"Exordium Wildlife","floor":10,"turns":4},{"damage":5,"enemies":"Large Slime","floor":13,"turns":4},{"damage":5,"enemies":"Looter","floor":14,"turns":4},{"damage":32,"enemies":"The Guardian","floor":16,"turns":10},{"damage":23,"enemies":"Shell Parasite","floor":18,"turns":7},{"damage":23,"enemies":"3 Byrds","floor":22,"turns":4},{"damage":34,"enemies":"Book of Stabbing","floor":23,"turns":5},{"damage":53,"enemies":"Gremlin Leader","floor":25,"turns":6}],"seed_played":"-4958660431775358706","potions_obtained":[{"floor":5,"key":"Swift Potion"},{"floor":8,"key":"Swift Potion"},{"floor":18,"key":"Dexterity Potion"},{"floor":23,"key":"SneckoOil"}],"is_trial":false,"path_per_floor":["?","M","?","?"],"character_chosen":"THE_SILENT","items_purchased":["Noxious Fumes","Centennial Puzzle","Well Laid Plans","Lee\u0027s Waffle"],"campfire_rested":4,"item_purchase_floors":[4,4,19,19],"current_hp_per_floor":[70,70,69,69,58,13,34,26,26,15,15,36,31,26,47,15,70,47,77,77,77,54,20,43,0],"gold":43,"neow_bonus":"HUNDRED_GOLD","is_prod":false,"is_daily":false,"chose_seed":false,"campfire_upgraded":0,"win_rate":0.0,"timestamp":1561115101,"path_taken":["M","?","M","$","M","E","R","M","T","?","?","R","M","M","R","BOSS","M","$","?","$","M","E","R","E"],"build_version":"2019-01-23","purchased_purges":0,"victory":false,"max_hp_per_floor":[70,70,70,70,70,70,70,70,70,70,70,70,70,70,70,70,70,70,77,77,77,77,77,77,77],"card_choices":[{"not_picked":["Outmaneuver","Sucker Punch"],"picked":"Expertise","floor":1},{"not_picked":["Predator","Dash"],"picked":"Terror","floor":3},{"not_picked":["Prepared","Underhanded Strike"],"picked":"Sucker Punch","floor":5},{"not_picked":["Dagger Spray","Blade Dance"],"picked":"Deadly Poison","floor":6},{"not_picked":["Prepared","Dagger Spray"],"picked":"Quick Slash","floor":8},{"not_picked":["Backflip","Riddle With Holes+1"],"picked":"PiercingWail","floor":10},{"not_picked":["Flying Knee+1","Noxious Fumes"],"picked":"A Thousand Cuts","floor":13},{"not_picked":["Masterful Stab+1","Distraction"],"picked":"Deflect","floor":14},{"not_picked":["Burst","Corpse Explosion"],"picked":"Glass Knife+1","floor":16},{"not_picked":["Acrobatics","Slice+1"],"picked":"Poisoned Stab+1","floor":18},{"not_picked":["Infinite Blades+1","Backflip"],"picked":"Deadly Poison+1","floor":22},{"not_picked":["Expertise","Prepared"],"picked":"Tactician","floor":23}],"player_experience":31472,"relics_obtained":[{"floor":6,"key":"Bottled Tornado"},{"floor":9,"key":"Molten Egg 2"},{"floor":23,"key":"Potion Belt"},{"floor":23,"key":"Frozen Egg 2"}],"event_choices":[{"damage_healed":0,"gold_gain":0,"player_choice":"2 cards matched","damage_taken":0,"max_hp_gain":0,"max_hp_loss":0,"event_name":"Match and Keep!","floor":2,"gold_loss":0,"cards_obtained":["Corpse Explosion","Dramatic Entrance"]},{"damage_healed":0,"gold_gain":0,"player_choice":"Ignored","damage_taken":0,"max_hp_gain":0,"max_hp_loss":0,"event_name":"Liars Game","floor":11,"gold_loss":0}],"is_beta":false,"boss_relics":[{"not_picked":["Philosopher\u0027s Stone","Fusion Hammer"],"picked":"Black Star"}],"items_purged_floors":[],"is_endless":false,"potions_floor_spawned":[5,8,18,23],"killed_by":"Gremlin Leader","ascension_level":0}