{"gold_per_floor":[110,128,128,139,153,184,184,0,0,18,35,35,55,89,89,192,192,204,204,106,119,119,148,148,168,192,192,205,216,216,228,228,228],"floor_reached":33,"playtime":1702,"items_purged":[],"score":320,"play_id":"d561cd62-9a0d-425a-bae1-76ddf371653d","local_time":"20190706193822","is_ascension_mode":true,"campfire_choices":[{"floor":7,"key":"REST"},{"floor":12,"key":"RECALL"},{"data":"Deep Breath","floor":15,"key":"SMITH"},{"floor":27,"key":"REST"},{"floor":30,"key":"REST"},{"floor":32,"key":"REST"}],"neow_cost":"TEN_PERCENT_HP_LOSS","seed_source_timestamp":1750330366499600,"circlet_count":0,"master_deck":["Strike_B","Strike_B","Strike_B","Strike_B","Defend_B","Defend_B","Defend_B","Zap","Dualcast","Compile Driver","Beam Cell","FTL","Cold Snap","FTL","Self Repair","Go for the Eyes","Deep Breath+1","Beam Cell","Self Repair","Hologram","Sweeping Beam","Electrodynamics","Turbo","Cold Snap","Steam Power","Ball Lightning","Redo","Capacitor","Scrape","Hologram","Hologram+1","Decay","Core Surge","Conserve Battery+1","Chill+1","Chaos+1"],"relics":["Cracked Core","Nunchaku","FaceOfCleric","Emotion Chip","Sundial","Mercury Hourglass","Orrery","Toxic Egg 2"],"potions_floor_usage":[23,23,29,33],"damage_taken":[{"damage":0,"enemies":"Cultist","floor":1,"turns":4},{"damage":2,"enemies":"Small Slimes","floor":2,"turns":3},{"damage":13,"enemies":"Jaw Worm","floor":4,"turns":4},{"damage":13,"enemies":"Exordium Wildlife","floor":5,"turns":3},{"damage":20,"enemies":"Lagavulin","floor":6,"turns":6},{"damage":7,"enemies":"3 Louse","floor":10,"turns":3},{"damage":7,"enemies":"Gremlin Gang","floor":11,"turns":3},{"damage":0,"enemies":"Looter","floor":13,"turns":3},{"damage":21,"enemies":"Gremlin Nob","floor":14,"turns":4},{"damage":8,"enemies":"Hexaghost","floor":16,"turns":8},{"damage":28,"enemies":"2 Thieves","floor":18,"turns":3},{"damage":15,"enemies":"Shell Parasite","floor":21,"turns":3},{"damage":40,"enemies":"Gremlin Leader","floor":23,"turns":7},{"damage":3,"enemies":"Chosen and Byrds","floor":25,"turns":4},{"damage":31,"enemies":"Centurion and Healer","floor":28,"turns":3},{"damage":26,"enemies":"Snake Plant","floor":29,"turns":4},{"damage":3,"enemies":"3 Cultists","floor":31,"turns":4},{"damage":81,"enemies":"Automaton","floor":33,"turns":6}],"seed_played":"-4513306599835520549","potions_obtained":[{"floor":1,"key":"Explosive Potion"},{"floor":10,"key":"Explosive Potion"},{"floor":11,"key":"Strength Potion"},{"floor":14,"key":"Weak Potion"},{"floor":28,"key":"Fire Potion"},{"floor":31,"key":"LiquidBronze"}],"is_trial":false,"path_per_floor":["M","M","?","M","M","E","R","$","T","M","M","R","M","E","R","B",null,"M","?","$","M","?","E","?","M","T","R","M","M","R","M","R","B"],"character_chosen":"DEFECT","items_purchased":["Self Repair","Go for the Eyes","Deep Breath","Scrape","Hologram"],"campfire_rested":4,"item_purchase_floors":[8,8,8,20,20],"current_hp_per_floor":[68,66,66,54,42,23,44,44,44,45,46,46,54,48,48,48,76,56,49,49,42,42,17,17,22,22,46,30,12,36,34,58,0],"gold":228,"neow_bonus":"ONE_RARE_RELIC","is_prod":false,"is_daily":false,"chose_seed":false,"campfire_upgraded":1,"win_rate":0,"timestamp":1562438302,"path_taken":["M","M","?","?","M","E","R","?","T","M","M","R","?","E","R","BOSS","M","?","$","?","?","E","?","M","T","R","?","M","R","M","R","BOSS"],"build_version":"2019-07-05","purchased_purges":0,"victory":false,"max_hp_per_floor":[68,68,68,69,70,71,71,71,71,72,73,73,74,75,75,76,76,77,77,77,78,78,79,79,80,80,80,81,82,82,83,83,83],"card_choices":[{"not_picked":["Static Discharge","Skim"],"picked":"Compile Driver","floor":1},{"not_picked":["Streamline","Force Field"],"picked":"Beam Cell","floor":2},{"not_picked":["Doom and Gloom","Redo"],"picked":"FTL","floor":4},{"not_picked":["Loop","Beam Cell"],"picked":"Cold Snap","floor":5},{"not_picked":["Steam","Heatsinks"],"picked":"FTL","floor":6},{"not_picked":["Static Discharge","Streamline"],"picked":"Beam Cell","floor":10},{"not_picked":["Hello World","Consume"],"picked":"Self Repair","floor":11},{"not_picked":["Loop","Reinforced Body"],"picked":"Hologram","floor":13},{"not_picked":["Multi-Cast","Aggregate"],"picked":"Sweeping Beam","floor":14},{"not_picked":["Buffer","Fission"],"picked":"Electrodynamics","floor":16},{"not_picked":["Gash","Cold Snap"],"picked":"Turbo","floor":17},{"not_picked":["Auto Shields","Redo"],"picked":"Cold Snap","floor":17},{"not_picked":["Double Energy","Amplify"],"picked":"Steam Power","floor":17},{"not_picked":["Leap","Barrage"],"picked":"Ball Lightning","floor":17},{"not_picked":["Static Discharge","Force Field"],"picked":"Redo","floor":17},{"not_picked":["Redo","Streamline"],"picked":"Capacitor","floor":18},{"not_picked":["Ball Lightning","Hello World"],"picked":"Hologram+1","floor":21},{"not_picked":["Undo","Amplify"],"picked":"Core Surge","floor":23},{"not_picked":["Compile Driver+1","Sunder"],"picked":"Conserve Battery+1","floor":25},{"not_picked":["Sweeping Beam+1","Gash"],"picked":"Chill+1","floor":28},{"not_picked":["Cold Snap","Redo+1"],"picked":"Chaos+1","floor":29},{"not_picked":["Compile Driver","Barrage","Genetic Algorithm+1"],"picked":"SKIP","floor":31}],"player_experience":369841,"relics_obtained":[{"floor":6,"key":"Emotion Chip"},{"floor":9,"key":"Sundial"},{"floor":14,"key":"Mercury Hourglass"},{"floor":23,"key":"Toxic Egg 2"}],"event_choices":[{"damage_healed":0,"gold_gain":0,"player_choice":"Trade","damage_taken":0,"relics_obtained":["FaceOfCleric"],"max_hp_gain":0,"max_hp_loss":0,"event_name":"FaceTrader","floor":3,"gold_loss":0},{"damage_healed":0,"gold_gain":0,"player_choice":"Damaged","damage_taken":7,"max_hp_gain":0,"max_hp_loss":0,"event_name":"Wheel of Change","floor":19,"gold_loss":0},{"damage_healed":0,"gold_gain":0,"player_choice":"Smashed Altar","damage_taken":0,"max_hp_gain":0,"max_hp_loss":0,"event_name":"Forgotten Altar","floor":22,"gold_loss":0,"cards_obtained":["Decay"]},{"cards_removed":["Defend_B"],"damage_healed":0,"gold_gain":0,"player_choice":"Purged","damage_taken":0,"max_hp_gain":0,"max_hp_loss":0,"event_name":"Purifier","floor":24,"gold_loss":0}],"is_beta":false,"boss_relics":[{"not_picked":["Runic Dome","Eternal Feather"],"picked":"Orrery"}],"items_purged_floors":[],"is_endless":false,"potions_floor_spawned":[1,10,11,14,18,28,31],"killed_by":"Automaton","ascension_level":1}