{"gold_per_floor":[118,135,210,160,180,180,35,68,68,81,81,116,116],"floor_reached":13,"playtime":544,"items_purged":[],"score":140,"play_id":"46750955-d41a-484e-b6d8-99b9ec53564a","local_time":"20190512203058","is_ascension_mode":true,"campfire_choices":[{"data":"Noxious Fumes","floor":6,"key":"SMITH"},{"data":"Corpse Explosion","floor":11,"key":"SMITH"}],"neow_cost":"NONE","seed_source_timestamp":779953249317800,"circlet_count":0,"master_deck":["AscendersBane","Defend_G","Defend_G","Defend_G","Defend_G","Defend_G","Strike_G","Strike_G","Strike_G","Strike_G","Survivor","Neutralize","Sucker Punch","Heel Hook","Noxious Fumes+1","Terror","Corpse Explosion+1"],"relics":["Ring of the Snake","Happy Flower","Vajra","Sundial","Anchor"],"potions_floor_usage":[8,12],"damage_taken":[{"damage":1,"enemies":"Cultist","floor":1,"turns":4},{"damage":4,"enemies":"Jaw Worm","floor":2,"turns":5},{"damage":0,"enemies":"Small Slimes","floor":5,"turns":3},{"damage":2,"enemies":"3 Sentries","floor":8,"turns":7},{"damage":3,"enemies":"Looter","floor":10,"turns":2},{"damage":26,"enemies":"Gremlin Nob","floor":12,"turns":4},{"damage":31,"enemies":"Gremlin Nob","floor":13,"turns":3}],"seed_played":"5996799339432673079","potions_obtained":[{"floor":5,"key":"AttackPotion"},{"floor":8,"key":"AttackPotion"}],"is_trial":false,"path_per_floor":["M","M","?","?","M","R","$","E","T","M","R","E","?"],"character_chosen":"THE_SILENT","items_purchased":["Happy Flower"],"campfire_rested":0,"item_purchase_floors":[7],"current_hp_per_floor":[69,65,54,54,54,54,54,52,52,49,49,23,0],"gold":116,"neow_bonus":"TEN_PERCENT_HP_BONUS","is_prod":false,"is_daily":false,"chose_seed":false,"campfire_upgraded":2,"win_rate":0,"timestamp":1557718258,"path_taken":["M","M","?","?","M","R","$","E","T","M","R","E","?"],"build_version":"2019-01-23","purchased_purges":0,"victory":false,"max_hp_per_floor":[77,77,77,77,77,77,77,77,77,77,77,77,77],"card_choices":[{"not_picked":["Bane","Underhanded Strike"],"picked":"Sucker Punch","floor":1},{"not_picked":["Skewer","Dagger Throw"],"picked":"Heel Hook","floor":2},{"not_picked":["PiercingWail","Bane"],"picked":"Noxious Fumes","floor":5},{"not_picked":["Underhanded Strike","Outmaneuver"],"picked":"Terror","floor":8},{"not_picked":["Acrobatics","Flying Knee"],"picked":"Corpse Explosion","floor":10},{"not_picked":["Poisoned Stab","Crippling Poison","Noxious Fumes"],"picked":"SKIP","floor":12}],"player_experience":1349751,"relics_obtained":[{"floor":8,"key":"Vajra"},{"floor":9,"key":"Sundial"},{"floor":12,"key":"Anchor"}],"event_choices":[{"damage_healed":0,"gold_gain":75,"player_choice":"Gather Gold","damage_taken":11,"max_hp_gain":0,"max_hp_loss":0,"event_name":"World of Goop","floor":3,"gold_loss":0},{"cards_removed":["Strike_G"],"damage_healed":0,"gold_gain":0,"player_choice":"Card Removal","damage_taken":0,"max_hp_gain":0,"max_hp_loss":0,"event_name":"The Cleric","floor":4,"gold_loss":50},{"damage_healed":0,"gold_gain":0,"player_choice":"Searched \u00272\u0027 times","damage_taken":0,"max_hp_gain":0,"max_hp_loss":0,"event_name":"Dead Adventurer","floor":13,"gold_loss":0}],"is_beta":false,"boss_relics":[],"items_purged_floors":[],"is_endless":false,"potions_floor_spawned":[5,8],"killed_by":"Gremlin Nob","ascension_level":10}