{"gold_per_floor":[114,114,125,175,190,221,296,296,296,296,328,328,328],"floor_reached":13,"playtime":360,"items_purged":[],"score":155,"play_id":"27409ec1-46de-4d11-ab65-df3d6975f347","local_time":"20190706222436","is_ascension_mode":true,"campfire_choices":[{"floor":8,"key":"REST"},{"data":"1","floor":10,"key":"LIFT"},{"data":"2","floor":12,"key":"LIFT"}],"neow_cost":"NONE","seed_source_timestamp":308112615882800,"circlet_count":0,"master_deck":["AscendersBane","Strike_R","Strike_R","Strike_R","Strike_R","Strike_R","Defend_R","Defend_R","Defend_R","Defend_R","Bash","True Grit","Pain","Clothesline","Whirlwind","Armaments"],"relics":["Burning Blood","Bag of Preparation","WarpedTongs","Omamori","Girya","Matryoshka","Darkstone Periapt"],"potions_floor_usage":[11],"damage_taken":[{"damage":9,"enemies":"Jaw Worm","floor":1,"turns":5},{"damage":2,"enemies":"Cultist","floor":3,"turns":4},{"damage":8,"enemies":"Small Slimes","floor":5,"turns":3},{"damage":42,"enemies":"Lagavulin","floor":6,"turns":8},{"damage":23,"enemies":"Gremlin Nob","floor":11,"turns":5},{"damage":28,"enemies":"3 Sentries","floor":13,"turns":4}],"seed_played":"1117981900475738704","potions_obtained":[{"floor":5,"key":"Weak Potion"}],"is_trial":false,"path_per_floor":["M","?","M","T","M","E","?","R","T","R","E","R","E"],"character_chosen":"IRONCLAD","items_purchased":[],"campfire_rested":1,"item_purchase_floors":[],"current_hp_per_floor":[65,65,69,69,67,31,20,42,42,42,25,25,0],"gold":328,"neow_bonus":"RANDOM_COMMON_RELIC","is_prod":false,"is_daily":false,"chose_seed":false,"campfire_upgraded":0,"win_rate":0,"timestamp":1562477076,"path_taken":["M","?","?","?","M","E","?","R","T","R","E","R","E"],"build_version":"2019-07-05","purchased_purges":0,"victory":false,"max_hp_per_floor":[75,75,75,75,75,75,75,75,75,75,75,75,75],"card_choices":[{"not_picked":["Wild Strike","Armaments"],"picked":"True Grit","floor":1},{"not_picked":["Sever Soul","True Grit","Warcry"],"picked":"SKIP","floor":3},{"not_picked":["Twin Strike","Carnage"],"picked":"Clothesline","floor":5},{"not_picked":["Perfected Strike","Reaper"],"picked":"Whirlwind","floor":6},{"not_picked":["Body Slam","Clothesline"],"picked":"Armaments","floor":11}],"player_experience":1371086,"relics_obtained":[{"floor":4,"key":"Omamori"},{"floor":6,"key":"Girya"},{"floor":9,"key":"Matryoshka"},{"floor":11,"key":"Darkstone Periapt"}],"event_choices":[{"damage_healed":0,"gold_gain":0,"player_choice":"Rummage","damage_taken":0,"relics_obtained":["WarpedTongs"],"max_hp_gain":0,"max_hp_loss":0,"event_name":"Accursed Blacksmith","floor":2,"gold_loss":0,"cards_obtained":["Pain"]},{"damage_healed":0,"gold_gain":75,"player_choice":"Gather Gold","damage_taken":11,"max_hp_gain":0,"max_hp_loss":0,"event_name":"World of Goop","floor":7,"gold_loss":0}],"is_beta":false,"boss_relics":[],"items_purged_floors":[],"is_endless":false,"potions_floor_spawned":[5],"killed_by":"3 Sentries","ascension_level":14}