{"gold_per_floor":[112,125,50,68,68,101,101],"floor_reached":7,"playtime":506,"items_purged":["Shame"],"score":79,"play_id":"b7b61e02-81c2-4304-bfb2-744c06955f89","local_time":"20190627222303","is_ascension_mode":true,"campfire_choices":[],"neow_cost":"CURSE","seed_source_timestamp":402897410525896,"circlet_count":0,"master_deck":["AscendersBane","Strike_R","Strike_R","Strike_R","Strike_R","Defend_R","Defend_R","Defend_R","Defend_R","Bash","Fiend Fire","Pommel Strike","Sword Boomerang","Offering","Clothesline"],"special_seed":0,"relics":["Burning Blood","Mummified Hand"],"potions_floor_usage":[],"damage_taken":[{"damage":2.0,"enemies":"Jaw Worm","floor":1.0,"turns":3.0},{"damage":0.0,"enemies":"2 Louse","floor":2.0,"turns":2.0},{"damage":0.0,"enemies":"Cultist","floor":4.0,"turns":2.0},{"damage":46,"enemies":"Lagavulin","floor":6,"turns":5},{"damage":36,"enemies":"The Mushroom Lair","floor":7,"turns":2}],"seed_played":"-2438022741844777539","potions_obtained":[],"is_trial":false,"path_per_floor":["M","M","$","M","?","E","?"],"character_chosen":"IRONCLAD","items_purchased":[],"campfire_rested":0,"item_purchase_floors":[],"current_hp_per_floor":[76,80,80,80,73,33,0],"gold":101,"neow_bonus":"THREE_RARE_CARDS","is_prod":false,"is_daily":false,"chose_seed":false,"campfire_upgraded":0,"win_rate":0,"timestamp":1561699383,"path_taken":["M","M","$","M","?","E","?"],"build_version":"2019-01-23","purchased_purges":1,"victory":false,"max_hp_per_floor":[80,80,80,80,80,80,80],"card_choices":[{"not_picked":["Brutality","Berserk"],"picked":"Fiend Fire","floor":0.0},{"not_picked":["Body Slam","Wild Strike"],"picked":"Pommel Strike","floor":1.0},{"not_picked":["Heavy Blade","Clash"],"picked":"Sword Boomerang","floor":2.0},{"not_picked":["Dropkick","Pommel Strike"],"picked":"Offering","floor":4.0},{"not_picked":["Perfected Strike","Clash"],"picked":"Clothesline","floor":6}],"player_experience":239140,"relics_obtained":[{"floor":6,"key":"Mummified Hand"}],"event_choices":[{"cards_removed":["Strike_R"],"damage_healed":0.0,"max_hp_gain":0.0,"max_hp_loss":0.0,"gold_gain":0.0,"event_name":"Golden Wing","player_choice":"Card Removal","floor":5.0,"gold_loss":0.0,"damage_taken":7.0},{"damage_healed":0,"gold_gain":0,"player_choice":"Fought Mushrooms","damage_taken":0,"max_hp_gain":0,"max_hp_loss":0,"event_name":"Mushrooms","floor":7,"gold_loss":0}],"is_beta":false,"boss_relics":[],"items_purged_floors":[3],"is_endless":false,"potions_floor_spawned":[],"killed_by":"The Mushroom Lair","ascension_level":11}