{"gold_per_floor":[114,132,82,42,42,42,61,61,142,94,94,107,107,126,126,226,226,241,241,254,205,221,221,236,236,236,236,236],"floor_reached":28,"playtime":2158,"items_purged":[],"score":208,"play_id":"b5d85bdb-6403-4bf9-a2b5-fbfe470f56ff","local_time":"20190528004142","is_ascension_mode":false,"campfire_choices":[{"data":"Sucker Punch","floor":6,"key":"SMITH"},{"data":"Blade Dance","floor":11,"key":"SMITH"},{"floor":15,"key":"REST"},{"floor":23,"key":"REST"},{"floor":25,"key":"REST"}],"neow_cost":"NONE","seed_source_timestamp":603069003921200,"circlet_count":0,"master_deck":["Defend_G","Defend_G","Defend_G","Strike_G","Strike_G+1","Strike_G","Strike_G","Strike_G","Survivor","Neutralize","Blade Dance+1","Sucker Punch+1","Backstab","Blade Dance+1","Storm of Steel+1","Acrobatics","Tools of the Trade","Dodge and Roll","Slice+1","Cloak And Dagger","Backstab","Cloak And Dagger"],"relics":["Ring of the Snake","Matryoshka","Lizard Tail","Bottled Flame","Bronze Scales"],"potions_floor_usage":[20,22,28],"damage_taken":[{"damage":0,"enemies":"2 Louse","floor":1,"turns":4},{"damage":0,"enemies":"Small Slimes","floor":2,"turns":2},{"damage":0,"enemies":"Jaw Worm","floor":7,"turns":4},{"damage":1,"enemies":"2 Fungi Beasts","floor":12,"turns":3},{"damage":5,"enemies":"Lots of Slimes","floor":14,"turns":3},{"damage":70,"enemies":"Slime Boss","floor":16,"turns":11},{"damage":24,"enemies":"Shell Parasite","floor":18,"turns":6},{"damage":17,"enemies":"Spheric Guardian","floor":20,"turns":4},{"damage":42,"enemies":"Snake Plant","floor":22,"turns":9},{"damage":40,"enemies":"Centurion and Healer","floor":24,"turns":6},{"damage":58,"enemies":"Gremlin Leader","floor":28,"turns":7}],"seed_played":"-7284565768771594047","potions_obtained":[{"floor":7,"key":"GhostInAJar"},{"floor":12,"key":"Weak Potion"},{"floor":18,"key":"Explosive Potion"},{"floor":24,"key":"Regen Potion"}],"is_trial":false,"path_per_floor":["M","M","?","?","?","R","M","$","T","$","R","M","?","M","R","B",null,"M","?","M","$","M","R","M","R","T","?","E"],"character_chosen":"THE_SILENT","items_purchased":["Blade Dance","Cloak And Dagger"],"campfire_rested":3,"item_purchase_floors":[10,21],"current_hp_per_floor":[77,77,77,77,77,77,77,77,77,77,77,76,61,56,77,7,77,53,53,36,36,33,56,16,39,39,39,0],"gold":236,"neow_bonus":"TEN_PERCENT_HP_BONUS","is_prod":false,"is_daily":false,"chose_seed":false,"campfire_upgraded":2,"win_rate":0,"timestamp":1559000502,"path_taken":["M","M","?","?","?","R","M","$","T","?","R","M","?","M","R","BOSS","M","?","?","$","M","R","M","R","T","?","E"],"build_version":"2019-01-23","purchased_purges":0,"victory":false,"max_hp_per_floor":[77,77,77,77,77,77,77,77,77,77,77,77,77,77,77,77,77,77,77,77,77,77,77,77,77,77,77,77],"card_choices":[{"not_picked":["Backflip","Underhanded Strike"],"picked":"Blade Dance","floor":1},{"not_picked":["Choke","Dagger Spray"],"picked":"Sucker Punch","floor":2},{"not_picked":["Underhanded Strike","PiercingWail"],"picked":"Backstab","floor":7},{"not_picked":["Choke","PiercingWail"],"picked":"Storm of Steel","floor":12},{"not_picked":["Tactician","Backflip"],"picked":"Acrobatics","floor":14},{"not_picked":["Night Terror","Venomology"],"picked":"Tools of the Trade","floor":16},{"not_picked":["Flying Knee","Endless Agony"],"picked":"Dodge and Roll","floor":18},{"not_picked":["Outmaneuver","Deadly Poison"],"picked":"Slice+1","floor":20},{"not_picked":["Flying Knee","Slice"],"picked":"Backstab","floor":22},{"not_picked":["Deflect","Corpse Explosion"],"picked":"Cloak And Dagger","floor":24}],"player_experience":277852,"relics_obtained":[{"floor":9,"key":"Matryoshka"},{"floor":26,"key":"Bottled Flame"},{"floor":26,"key":"Bronze Scales"}],"event_choices":[{"cards_removed":["Defend_G"],"damage_healed":0,"gold_gain":0,"player_choice":"Card Removal","damage_taken":0,"max_hp_gain":0,"max_hp_loss":0,"event_name":"The Cleric","floor":3,"gold_loss":50},{"damage_healed":0,"gold_gain":0,"player_choice":"Left Gold","damage_taken":0,"max_hp_gain":0,"max_hp_loss":0,"event_name":"World of Goop","floor":4,"gold_loss":40},{"damage_healed":0,"gold_gain":0,"player_choice":"Grow","damage_taken":0,"max_hp_gain":0,"max_hp_loss":0,"event_name":"Living Wall","floor":5,"gold_loss":0,"cards_upgraded":["Blade Dance"]},{"damage_healed":0,"gold_gain":0,"player_choice":"Entered Light","damage_taken":15,"max_hp_gain":0,"max_hp_loss":0,"event_name":"Shining Light","floor":13,"gold_loss":0,"cards_upgraded":["Storm of Steel","Strike_G"]},{"damage_healed":0,"gold_gain":0,"player_choice":"Bought 0 Potions","damage_taken":0,"max_hp_gain":0,"max_hp_loss":0,"event_name":"The Woman in Blue","floor":19,"gold_loss":0},{"cards_removed":["Defend_G"],"damage_healed":0,"gold_gain":0,"player_choice":"Offered Basic","damage_taken":0,"max_hp_gain":0,"max_hp_loss":0,"event_name":"Bonfire Elementals","floor":27,"gold_loss":0}],"is_beta":false,"boss_relics":[{"not_picked":["Philosopher\u0027s Stone","Ectoplasm"],"picked":"Lizard Tail"}],"items_purged_floors":[],"is_endless":false,"potions_floor_spawned":[7,12,18,24],"killed_by":"Gremlin Leader","ascension_level":0}