{"gold_per_floor":[112,123,123,123,143,143,11,43,112,125,205,205,220,238,238,339,339,352,352,364,463,481,481,71,71,96,116,34,49,49,63,63,164,164,182,182,198,209,229,262,22,32,58,58,58,58,71,22,22,22,22,22,22,54,54],"floor_reached":55,"playtime":3518,"items_purged":[],"score":726,"play_id":"4a2d9109-8f36-4dfe-b505-50aa63e992f7","local_time":"20190526022903","is_ascension_mode":false,"campfire_choices":[{"floor":6.0,"key":"RECALL"},{"data":"Bouncing Flask","floor":15.0,"key":"SMITH"},{"data":"Crippling Poison","floor":23.0,"key":"SMITH"},{"data":"Wraith Form v2","floor":30.0,"key":"SMITH"},{"floor":32,"key":"REST"},{"floor":44,"key":"REST"},{"floor":46,"key":"REST"},{"data":"Chrysalis","floor":49,"key":"SMITH"},{"data":"Catalyst","floor":52,"key":"SMITH"}],"neow_cost":"NONE","seed_source_timestamp":0,"circlet_count":0,"master_deck":["Defend_G","Defend_G","Strike_G","Survivor","Neutralize","Quick Slash","Bouncing Flask+1","Deadly Poison","Crippling Poison+1","Good Instincts","Deadly Poison","PiercingWail","Terror","Corpse Explosion","Noxious Fumes+1","Noxious Fumes","Wraith Form v2+1","Deadly Poison","Bane","Magnetism","Poisoned Stab","Noxious Fumes","PiercingWail+1","Skewer","Choke","Catalyst+1","Dagger Spray+1","Bullet Time","Well Laid Plans+1","Flying Knee+1","Catalyst+1","Poisoned Stab","Prepared","Underhanded Strike","Venomology","Acrobatics","Chrysalis+1","Deadly Poison","Distraction","Underhanded Strike+1","Quick Slash+1","Mayhem","Thinking Ahead","Apotheosis","Acrobatics+1","Catalyst+1","Prepared+1","Bane","Outmaneuver+1"],"special_seed":0,"relics":["Ring of the Snake","Dream Catcher","Anchor","Darkstone Periapt","Snecko Eye","Omamori","Oddly Smooth Stone","Astrolabe","Prayer Wheel","Art of War","Mummified Hand"],"potions_floor_usage":[40,47,47,50,50],"damage_taken":[{"damage":4.0,"enemies":"Cultist","floor":1.0,"turns":6.0},{"damage":3.0,"enemies":"Small Slimes","floor":2.0,"turns":3.0},{"damage":0.0,"enemies":"2 Louse","floor":5.0,"turns":2.0},{"damage":33.0,"enemies":"3 Sentries","floor":8.0,"turns":11.0},{"damage":1.0,"enemies":"Lots of Slimes","floor":10.0,"turns":3.0},{"damage":6.0,"enemies":"Exordium Thugs","floor":13.0,"turns":5.0},{"damage":2.0,"enemies":"2 Fungi Beasts","floor":14.0,"turns":3.0},{"damage":22.0,"enemies":"The Guardian","floor":16.0,"turns":8.0},{"damage":1.0,"enemies":"2 Thieves","floor":18.0,"turns":3.0},{"damage":0.0,"enemies":"3 Byrds","floor":20.0,"turns":3.0},{"damage":0.0,"enemies":"Snake Plant","floor":22.0,"turns":4.0},{"damage":0.0,"enemies":"Cultist and Chosen","floor":27.0,"turns":3.0},{"damage":0.0,"enemies":"Sentry and Sphere","floor":29.0,"turns":3.0},{"damage":12,"enemies":"Centurion and Healer","floor":31,"turns":5},{"damage":24,"enemies":"Champ","floor":33,"turns":7},{"damage":0,"enemies":"3 Darklings","floor":35,"turns":2},{"damage":0,"enemies":"Orb Walker","floor":37,"turns":2},{"damage":32,"enemies":"Spire Growth","floor":38,"turns":3},{"damage":1,"enemies":"4 Shapes","floor":39,"turns":3},{"damage":5,"enemies":"Reptomancer","floor":40,"turns":5},{"damage":0,"enemies":"Transient","floor":42,"turns":5},{"damage":2,"enemies":"Writhing Mass","floor":47,"turns":4},{"damage":11,"enemies":"Donu and Deca","floor":50,"turns":4},{"damage":4,"enemies":"Shield and Spear","floor":54,"turns":3},{"damage":71,"enemies":"The Heart","floor":55,"turns":5}],"seed_played":"1594678703762712899","potions_obtained":[{"floor":2.0,"key":"SkillPotion"},{"floor":8.0,"key":"AttackPotion"},{"floor":10.0,"key":"GhostInAJar"},{"floor":13.0,"key":"Energy Potion"},{"floor":20.0,"key":"Block Potion"},{"floor":54,"key":"Dexterity Potion"}],"is_trial":false,"path_per_floor":["M","M","?","?","M","R","$","E","T","M","T","?","M","M","R","B",null,"M","?","M","?","M","R","$","?","T","M","$","M","R","M","R","B",null,"M","?","M","M","M","E","$","M","T","R","?","R","M","$","R","B",null,"R","$","E","B"],"character_chosen":"THE_SILENT","items_purchased":["Crippling Poison","Good Instincts","Magnetism","Poisoned Stab","Omamori","Noxious Fumes","Skewer","Chrysalis","Deadly Poison","Bane"],"campfire_rested":3,"item_purchase_floors":[7,7,24,24,24,24,28,41,41,48],"current_hp_per_floor":[66,63,56,56,56,56,56,23,23,22,22,70,64,62,62,40,70,69,69,69,69,69,69,69,56,56,56,56,56,56,44,66,42,75,75,75,75,43,42,37,37,37,37,59,49,71,69,69,69,58,75,75,75,71,0],"gold":54,"neow_bonus":"RANDOM_COMMON_RELIC","is_prod":false,"is_daily":false,"chose_seed":false,"campfire_upgraded":5,"win_rate":0,"timestamp":1558834143,"path_taken":["M","?","?","?","?","R","$","E","T","M","?","?","?","M","R","BOSS","M","?","M","?","M","R","$","?","T","M","$","M","R","M","R","BOSS","M","?","?","M","?","E","$","M","T","R","?","R","M","$","R","BOSS","R","$","E","BOSS"],"build_version":"2019-01-23","purchased_purges":0,"victory":false,"max_hp_per_floor":[70,70,70,70,70,70,70,70,70,70,70,70,70,70,70,70,70,70,70,70,70,70,70,70,75,75,75,75,75,75,75,75,75,75,75,75,75,75,75,75,75,75,75,75,75,75,75,75,75,75,75,75,75,75,75],"card_choices":[{"not_picked":["Bane","Acrobatics"],"picked":"Quick Slash","floor":1.0},{"not_picked":["Flechettes","Dagger Throw"],"picked":"Bouncing Flask","floor":2.0},{"not_picked":["Riddle With Holes","Underhanded Strike"],"picked":"Deadly Poison","floor":5.0},{"not_picked":["Backstab","Acrobatics"],"picked":"Deadly Poison","floor":8.0},{"not_picked":["Well Laid Plans","Terror"],"picked":"PiercingWail","floor":10.0},{"not_picked":["Eviscerate","Expertise","Accuracy"],"picked":"SKIP","floor":13.0},{"not_picked":["Riddle With Holes","Outmaneuver"],"picked":"Terror","floor":14.0},{"not_picked":["Envenom","Malaise"],"picked":"Corpse Explosion","floor":16.0},{"not_picked":["Flying Knee+1","Cloak And Dagger"],"picked":"Noxious Fumes+1","floor":18.0},{"not_picked":["Slice+1","Dodge and Roll"],"picked":"Deadly Poison","floor":20.0},{"not_picked":["Deadly Poison","Dagger Throw"],"picked":"Bane","floor":22.0},{"not_picked":["Dagger Throw+1","Backflip"],"picked":"PiercingWail+1","floor":27.0},{"not_picked":["Concentrate","Acrobatics"],"picked":"Choke","floor":29.0},{"not_picked":["Predator","Flechettes"],"picked":"Catalyst","floor":31},{"not_picked":["Dagger Throw","Deflect"],"picked":"Dagger Spray+1","floor":32},{"not_picked":["Venomology","Night Terror"],"picked":"Bullet Time","floor":33},{"not_picked":["Cloak And Dagger+1","Backstab+1"],"picked":"Poisoned Stab","floor":35},{"not_picked":["Quick Slash+1","Expertise+1"],"picked":"Prepared","floor":37},{"not_picked":["Quick Slash","Setup"],"picked":"Underhanded Strike","floor":38},{"not_picked":["Noxious Fumes","Dodge and Roll+1"],"picked":"Venomology","floor":39},{"not_picked":["PiercingWail","Deflect+1"],"picked":"Acrobatics","floor":40},{"not_picked":["Caltrops","Backflip"],"picked":"Distraction","floor":42},{"not_picked":["Outmaneuver+1","Flying Knee+1"],"picked":"Underhanded Strike+1","floor":42},{"not_picked":["Dagger Spray","Expertise+1"],"picked":"Quick Slash+1","floor":44},{"not_picked":["Deep Breath","Jack Of All Trades"],"picked":"Mayhem","floor":45},{"not_picked":["Flash of Steel","Trip"],"picked":"Thinking Ahead","floor":45},{"not_picked":["Panache","Bandage Up"],"picked":"Apotheosis","floor":45},{"not_picked":["Endless Agony+1","Tactician"],"picked":"Acrobatics+1","floor":46},{"not_picked":["PiercingWail","Quick Slash+1"],"picked":"Catalyst+1","floor":47},{"not_picked":["Dagger Spray+1","PiercingWail"],"picked":"Prepared+1","floor":47},{"not_picked":["Acrobatics","Slice+1"],"picked":"Outmaneuver+1","floor":54}],"player_experience":267974,"relics_obtained":[{"floor":8.0,"key":"Anchor"},{"floor":11.0,"key":"Darkstone Periapt"},{"floor":26.0,"key":"Oddly Smooth Stone"},{"floor":40,"key":"Prayer Wheel"},{"floor":43,"key":"Art of War"},{"floor":54,"key":"Mummified Hand"}],"event_choices":[{"cards_removed":["Defend_G"],"damage_healed":0.0,"max_hp_gain":0.0,"max_hp_loss":0.0,"gold_gain":0.0,"event_name":"Golden Wing","player_choice":"Card Removal","floor":3.0,"gold_loss":0.0,"damage_taken":7.0},{"damage_healed":0.0,"max_hp_gain":0.0,"max_hp_loss":0.0,"gold_gain":0.0,"event_name":"NoteForYourself","player_choice":"Ignored","floor":4.0,"gold_loss":0.0,"damage_taken":0.0},{"damage_healed":48.0,"max_hp_gain":0.0,"max_hp_loss":0.0,"gold_gain":0.0,"event_name":"Wheel of Change","player_choice":"Full Heal","floor":12.0,"gold_loss":0.0,"damage_taken":0.0},{"damage_healed":0.0,"max_hp_gain":0.0,"max_hp_loss":0.0,"gold_gain":0.0,"cards_transformed":["Strike_G","Strike_G"],"event_name":"Drug Dealer","player_choice":"Became Test Subject","floor":19.0,"gold_loss":0.0,"damage_taken":0.0,"cards_obtained":["Noxious Fumes","Wraith Form v2"]},{"damage_healed":0.0,"max_hp_gain":0.0,"max_hp_loss":0.0,"gold_gain":99.0,"event_name":"Nest","player_choice":"Stole From Cult","floor":21.0,"gold_loss":0.0,"damage_taken":0.0},{"damage_healed":0.0,"max_hp_gain":5.0,"max_hp_loss":0.0,"gold_gain":0.0,"event_name":"Forgotten Altar","player_choice":"Shed Blood","floor":25.0,"gold_loss":0.0,"damage_taken":18.0},{"cards_removed":["Strike_G"],"damage_healed":0,"gold_gain":0,"player_choice":"Purged","damage_taken":0,"max_hp_gain":0,"max_hp_loss":0,"event_name":"Purifier","floor":36,"gold_loss":0},{"damage_healed":0,"gold_gain":0,"player_choice":"Memory 3","damage_taken":10,"max_hp_gain":0,"max_hp_loss":0,"event_name":"SensoryStone","floor":45,"gold_loss":0}],"is_beta":false,"boss_relics":[{"not_picked":["Busted Crown","Black Star"],"picked":"Snecko Eye"},{"not_picked":["Ring of the Serpent","Empty Cage"],"picked":"Astrolabe"}],"items_purged_floors":[],"is_endless":false,"potions_floor_spawned":[2,8,10,13,20,22,29,35,39,54],"killed_by":"The Heart","ascension_level":0}