{"gold_per_floor":[118,118,129,54,54,86,100,111,111,138,138,6,6,25,25,104,104,117,117,128,140,240,240,265,265,295,295,314,2,17,43,43,121,121,141,141,141,155,173,173,187,187,211,211,86,121,121,149,149,149,149,149,149,149,179,179],"floor_reached":57,"playtime":2942,"items_purged":["Strike_G","Strike_G","Defend_G"],"score":2985,"play_id":"59ded2e6-d526-43f0-9c8c-927c40b741ff","local_time":"20190203141303","is_ascension_mode":true,"campfire_choices":[{"data":"Wraith Form v2","floor":11.0,"key":"SMITH"},{"data":"Cloak And Dagger","floor":13.0,"key":"SMITH"},{"data":"Neutralize","floor":15.0,"key":"SMITH"},{"data":"Night Terror","floor":23.0,"key":"SMITH"},{"data":"Outmaneuver","floor":25.0,"key":"SMITH"},{"data":"Adrenaline","floor":27.0,"key":"SMITH"},{"data":"Distraction","floor":32.0,"key":"SMITH"},{"data":"Night Terror","floor":40.0,"key":"SMITH"},{"floor":42,"key":"RECALL"},{"data":"Catalyst","floor":47,"key":"SMITH"},{"data":"Calculated Gamble","floor":49,"key":"SMITH"},{"data":"Panache","floor":53,"key":"SMITH"}],"neow_cost":"NONE","seed_source_timestamp":9137221441736,"circlet_count":0,"master_deck":["AscendersBane","Defend_G+1","Defend_G","Defend_G+1","Defend_G","Survivor","Neutralize+1","Deadly Poison+1","Backstab+1","Adrenaline+1","Calculated Gamble+1","Backstab","Wraith Form v2+1","Cloak And Dagger+1","Distraction+1","Night Terror+1","Calculated Gamble+1","Predator","Outmaneuver+1","Concentrate","Night Terror+1","Master of Strategy","HandOfGreed","Panache+1","Catalyst+1"],"special_seed":0,"relics":["Ring of the Snake","NeowsBlessing","Dead Branch","Question Card","Pantograph","Runic Pyramid","Ginger","Blue Candle","Bag of Preparation","Tiny Chest","OrangePellets","Centennial Puzzle","Sozu","War Paint","Bottled Lightning"],"potions_floor_usage":[56],"damage_taken":[{"damage":0.0,"enemies":"Jaw Worm","floor":1.0,"turns":1.0},{"damage":0.0,"enemies":"Cultist","floor":3.0,"turns":1.0},{"damage":0.0,"enemies":"Gremlin Nob","floor":6.0,"turns":1.0},{"damage":0.0,"enemies":"2 Louse","floor":7.0,"turns":1.0},{"damage":8.0,"enemies":"Large Slime","floor":8.0,"turns":4.0},{"damage":5.0,"enemies":"3 Sentries","floor":10.0,"turns":5.0},{"damage":0.0,"enemies":"2 Fungi Beasts","floor":14.0,"turns":2.0},{"damage":11.0,"enemies":"Hexaghost","floor":16.0,"turns":9.0},{"damage":0.0,"enemies":"Chosen","floor":18.0,"turns":3.0},{"damage":4.0,"enemies":"3 Byrds","floor":20.0,"turns":4.0},{"damage":1.0,"enemies":"Cultist and Chosen","floor":21.0,"turns":5.0},{"damage":2.0,"enemies":"Colosseum Slavers","floor":22.0,"turns":4.0},{"damage":4.0,"enemies":"Colosseum Nobs","floor":22.0,"turns":6.0},{"damage":9.0,"enemies":"Slavers","floor":24.0,"turns":5.0},{"damage":0.0,"enemies":"Snake Plant","floor":28.0,"turns":3.0},{"damage":0.0,"enemies":"Snecko","floor":30.0,"turns":4.0},{"damage":0.0,"enemies":"Book of Stabbing","floor":31.0,"turns":6.0},{"damage":0.0,"enemies":"Champ","floor":33.0,"turns":9.0},{"damage":0.0,"enemies":"3 Shapes","floor":35.0,"turns":3.0},{"damage":0.0,"enemies":"3 Darklings","floor":38.0,"turns":5.0},{"damage":0.0,"enemies":"Jaw Worm Horde","floor":39.0,"turns":4.0},{"damage":0,"enemies":"Transient","floor":41,"turns":6},{"damage":0,"enemies":"Spire Growth","floor":46,"turns":5},{"damage":0,"enemies":"Giant Head","floor":48,"turns":4},{"damage":0,"enemies":"Donu and Deca","floor":50,"turns":6},{"damage":14,"enemies":"Time Eater","floor":51,"turns":5},{"damage":40,"enemies":"Shield and Spear","floor":55,"turns":8},{"damage":34,"enemies":"The Heart","floor":56,"turns":9}],"seed_played":"-5169057908249902027","potions_obtained":[{"floor":3.0,"key":"Fire Potion"},{"floor":8.0,"key":"Poison Potion"},{"floor":20.0,"key":"Energy Potion"},{"floor":22.0,"key":"EntropicBrew"},{"floor":24.0,"key":"Poison Potion"},{"floor":28.0,"key":"Explosive Potion"},{"floor":30.0,"key":"PowerPotion"}],"is_trial":false,"path_per_floor":["M","?","M","?","?","E","M","M","T","E","R","$","R","M","R","B",null,"M","?","M","M","?","R","E","R","T","R","M","$","M","E","R","B",null,"M","?","?","M","M","R","M","R","T","?","$","M","R","E","R","B","B",null,"R","$","E","B",null],"character_chosen":"THE_SILENT","items_purchased":["Cloak And Dagger","OrangePellets"],"campfire_rested":0,"item_purchase_floors":[12,29],"current_hp_per_floor":[59,59,59,59,39,39,39,31,31,26,26,26,26,26,26,40,60,60,60,56,55,49,49,40,40,40,40,40,40,40,40,40,65,66,66,66,66,66,66,66,66,66,66,56,56,56,56,56,56,66,52,63,63,63,23,14],"gold":179,"neow_bonus":"THREE_ENEMY_KILL","is_prod":false,"is_daily":false,"chose_seed":false,"campfire_upgraded":11,"win_rate":0,"timestamp":1549174383,"path_taken":["M","?","?","?","?","E","M","M","T","E","R","$","R","M","R","BOSS","M","?","M","M","?","R","E","R","T","R","M","$","M","E","R","BOSS","M","?","?","?","M","R","M","R","T","?","?","M","R","E","R","BOSS","BOSS","R","$","E","BOSS"],"build_version":"2019-01-23","purchased_purges":3,"victory":true,"max_hp_per_floor":[66,66,66,66,66,66,66,66,66,66,66,66,66,66,66,66,66,66,66,66,66,66,66,66,66,66,66,66,66,66,66,66,66,66,66,66,66,66,66,66,66,66,66,66,66,66,66,66,66,66,66,66,66,66,66,66],"card_choices":[{"not_picked":["Acrobatics","Backstab"],"picked":"Deadly Poison","floor":1.0},{"not_picked":["Cloak And Dagger","Endless Agony"],"picked":"Backstab","floor":3.0},{"not_picked":["Well Laid Plans","Deflect"],"picked":"Adrenaline","floor":6.0},{"not_picked":["Prepared","Quick Slash"],"picked":"Calculated Gamble","floor":7.0},{"not_picked":["Underhanded Strike","Bane"],"picked":"Backstab","floor":8.0},{"not_picked":["Setup","Poisoned Stab","Tools of the Trade"],"picked":"Wraith Form v2","floor":10.0},{"not_picked":["Outmaneuver","Poisoned Stab","Tactician"],"picked":"Distraction","floor":14.0},{"not_picked":["Storm of Steel","Phantasmal Killer","Die Die Die"],"picked":"Night Terror","floor":16.0},{"not_picked":["Dodge and Roll+1","Slice","Acrobatics","Sucker Punch"],"picked":"SKIP","floor":18.0},{"not_picked":["Sucker Punch","Blade Dance","Bouncing Flask+1","Footwork"],"picked":"SKIP","floor":20.0},{"not_picked":["Sucker Punch","Blade Dance","Bouncing Flask+1","Footwork"],"picked":"SKIP","floor":20.0},{"not_picked":["Backflip","Leg Sweep","Cloak And Dagger"],"picked":"Outmaneuver","floor":21.0},{"not_picked":["Flying Knee","Eviscerate","PiercingWail"],"picked":"Concentrate","floor":22.0},{"not_picked":["Underhanded Strike","Blade Dance","Flying Knee","Eviscerate"],"picked":"SKIP","floor":24.0},{"not_picked":["Blade Dance","Backflip","Dagger Throw","Riddle With Holes"],"picked":"SKIP","floor":28.0},{"not_picked":["Reflex","Slice","Eviscerate","Noxious Fumes"],"picked":"SKIP","floor":30.0},{"not_picked":["Footwork","Bane","Acrobatics","Underhanded Strike"],"picked":"SKIP","floor":31.0},{"not_picked":["Glass Knife","Corpse Explosion","Adrenaline"],"picked":"Night Terror","floor":33.0},{"not_picked":["Outmaneuver","Masterful Stab+1","Deflect","Flying Knee"],"picked":"SKIP","floor":35.0},{"not_picked":["Heel Hook","Dagger Spray+1","Blade Dance","Eviscerate+1"],"picked":"SKIP","floor":38.0},{"not_picked":["Underhanded Strike+1","Catalyst","Acrobatics+1","Deflect"],"picked":"SKIP","floor":39.0},{"not_picked":["Poisoned Stab+1","Dodge and Roll","Skewer","Underhanded Strike"],"picked":"SKIP","floor":41},{"not_picked":["PanicButton","Sadistic Nature","Bandage Up"],"picked":"Master of Strategy","floor":44},{"not_picked":["Flash of Steel","Purity","Dramatic Entrance"],"picked":"HandOfGreed","floor":44},{"not_picked":["Sadistic Nature","Panacea","Violence"],"picked":"Panache","floor":44},{"not_picked":["Deadly Poison","Endless Agony","Bane"],"picked":"Catalyst","floor":46},{"not_picked":["PiercingWail","Cloak And Dagger","Flechettes","Dagger Throw"],"picked":"SKIP","floor":48},{"not_picked":["Leg Sweep","Flying Knee","Unload","Deadly Poison+1"],"picked":"SKIP","floor":55}],"player_experience":2477059,"relics_obtained":[{"floor":6.0,"key":"Dead Branch"},{"floor":9.0,"key":"Question Card"},{"floor":10.0,"key":"Pantograph"},{"floor":22.0,"key":"Ginger"},{"floor":22.0,"key":"Blue Candle"},{"floor":24.0,"key":"Bag of Preparation"},{"floor":26.0,"key":"Tiny Chest"},{"floor":31.0,"key":"Centennial Puzzle"},{"floor":48,"key":"War Paint"},{"floor":55,"key":"Bottled Lightning"}],"event_choices":[{"damage_healed":0.0,"max_hp_gain":0.0,"max_hp_loss":0.0,"gold_gain":0.0,"event_name":"Upgrade Shrine","player_choice":"Upgraded","floor":2.0,"gold_loss":0.0,"damage_taken":0.0,"cards_upgraded":["Deadly Poison"]},{"cards_removed":["Strike_G"],"damage_healed":0.0,"max_hp_gain":0.0,"max_hp_loss":0.0,"gold_gain":0.0,"event_name":"The Cleric","player_choice":"Card Removal","floor":4.0,"gold_loss":75.0,"damage_taken":0.0},{"damage_healed":0.0,"max_hp_gain":0.0,"max_hp_loss":0.0,"gold_gain":0.0,"event_name":"Shining Light","player_choice":"Entered Light","floor":5.0,"gold_loss":0.0,"damage_taken":20.0,"cards_upgraded":["Defend_G","Backstab"]},{"damage_healed":0.0,"max_hp_gain":0.0,"max_hp_loss":0.0,"gold_gain":0.0,"cards_transformed":["Strike_G","Strike_G"],"event_name":"Drug Dealer","player_choice":"Became Test Subject","floor":19.0,"gold_loss":0.0,"damage_taken":0.0,"cards_obtained":["Calculated Gamble","Predator"]},{"damage_healed":0.0,"max_hp_gain":0.0,"max_hp_loss":0.0,"gold_gain":0.0,"event_name":"Colosseum","player_choice":"Fight","floor":22.0,"gold_loss":0.0,"damage_taken":0.0},{"damage_healed":0.0,"max_hp_gain":0.0,"max_hp_loss":0.0,"gold_gain":0.0,"event_name":"Colosseum","player_choice":"Fought Nobs","floor":22.0,"gold_loss":0.0,"damage_taken":0.0},{"damage_healed":0.0,"max_hp_gain":0.0,"max_hp_loss":0.0,"gold_gain":0.0,"event_name":"Tomb of Lord Red Mask","player_choice":"Ignored","floor":36.0,"gold_loss":0.0,"damage_taken":0.0},{"damage_healed":0.0,"max_hp_gain":0.0,"max_hp_loss":0.0,"gold_gain":0.0,"event_name":"Lab","player_choice":"Got Potions","floor":37.0,"gold_loss":0.0,"damage_taken":0.0},{"damage_healed":0,"gold_gain":0,"player_choice":"Memory 3","damage_taken":10,"max_hp_gain":0,"max_hp_loss":0,"event_name":"SensoryStone","floor":44,"gold_loss":0}],"is_beta":false,"boss_relics":[{"not_picked":["Calling Bell","Ectoplasm"],"picked":"Runic Pyramid"},{"not_picked":["Tiny House","Lizard Tail"],"picked":"Sozu"}],"items_purged_floors":[12,29,45],"is_endless":false,"potions_floor_spawned":[3,8,14,16,20,22,22,24,28,30,38,39,48],"ascension_level":20}