{"gold_per_floor":[114,25,40,60,70,70,102,102,132,132,146,179,179,212,212,289,289,300,332,346,394,102,102,115,115,115,145,158,158,170,83,83,158,158,168,168,168,68,86,86,99,99,123,158,173,191,191,191,191,191,191,191,191,10,45,45],"floor_reached":57,"playtime":3608,"items_purged":["Strike_B","Strike_B","Strike_B"],"score":2840,"play_id":"8f0d190f-41cb-4ccf-ac2b-38326b1906b7","local_time":"20190226152307","is_ascension_mode":true,"campfire_choices":[{"data":"Streamline","floor":6.0,"key":"SMITH"},{"data":"Reinforced Body","floor":8.0,"key":"SMITH"},{"floor":10.0,"key":"RECALL"},{"data":"Echo Form","floor":15.0,"key":"SMITH"},{"data":"Consume","floor":23.0,"key":"SMITH"},{"data":"Multi-Cast","floor":25.0,"key":"SMITH"},{"floor":29.0,"key":"REST"},{"data":"Capacitor","floor":32.0,"key":"SMITH"},{"data":"Coolheaded","floor":40.0,"key":"SMITH"},{"floor":42.0,"key":"REST"},{"data":"Glacier","floor":47.0,"key":"SMITH"},{"data":"Defend_B","floor":49,"key":"SMITH"},{"data":"Defend_B","floor":53,"key":"SMITH"}],"neow_cost":"NONE","seed_source_timestamp":20281056307679,"circlet_count":0,"master_deck":["AscendersBane","Strike_B","Defend_B+1","Defend_B","Defend_B","Defend_B+1","Zap","Dualcast","Reinforced Body+1","Streamline+1","Ball Lightning","Rebound","Echo Form+1","Meteor Strike+1","Consume+1","Multi-Cast+1","Recycle","Capacitor+1","All For One+1","Double Energy","Coolheaded+1","Glacier+1","Double Energy"],"special_seed":0,"relics":["Snecko Eye","Omamori","Tiny Chest","Molten Egg 2","PreservedInsect","Kunai","Runic Pyramid","Red Mask","Juzu Bracelet","ClockworkSouvenir","Oddly Smooth Stone","Blue Candle","Velvet Choker","Anchor","Bronze Scales"],"potions_floor_usage":[56,56],"damage_taken":[{"damage":0.0,"enemies":"Cultist","floor":1.0,"turns":3.0},{"damage":0.0,"enemies":"Small Slimes","floor":3.0,"turns":2.0},{"damage":0.0,"enemies":"Jaw Worm","floor":4.0,"turns":3.0},{"damage":2.0,"enemies":"Exordium Wildlife","floor":5.0,"turns":3.0},{"damage":4.0,"enemies":"Lagavulin","floor":7.0,"turns":6.0},{"damage":0.0,"enemies":"Large Slime","floor":11.0,"turns":3.0},{"damage":3.0,"enemies":"3 Sentries","floor":12.0,"turns":6.0},{"damage":8.0,"enemies":"Lagavulin","floor":14.0,"turns":4.0},{"damage":0.0,"enemies":"Slime Boss","floor":16.0,"turns":9.0},{"damage":5.0,"enemies":"Shell Parasite","floor":18.0,"turns":3.0},{"damage":10.0,"enemies":"Masked Bandits","floor":19.0,"turns":4.0},{"damage":2.0,"enemies":"3 Byrds","floor":20.0,"turns":5.0},{"damage":0.0,"enemies":"Snecko","floor":24.0,"turns":4.0},{"damage":24.0,"enemies":"Slavers","floor":27.0,"turns":5.0},{"damage":0.0,"enemies":"Cultist and Chosen","floor":28.0,"turns":5.0},{"damage":0.0,"enemies":"Snake Plant","floor":30.0,"turns":3.0},{"damage":32.0,"enemies":"Collector","floor":33.0,"turns":7.0},{"damage":5.0,"enemies":"3 Darklings","floor":35.0,"turns":6.0},{"damage":2.0,"enemies":"3 Shapes","floor":39.0,"turns":7.0},{"damage":0.0,"enemies":"Transient","floor":41.0,"turns":6.0},{"damage":0.0,"enemies":"Giant Head","floor":44.0,"turns":5.0},{"damage":0.0,"enemies":"Spire Growth","floor":45.0,"turns":5.0},{"damage":2.0,"enemies":"Maw","floor":46.0,"turns":8.0},{"damage":28,"enemies":"Awakened One","floor":50,"turns":17},{"damage":0,"enemies":"Donu and Deca","floor":51,"turns":4},{"damage":0,"enemies":"Shield and Spear","floor":55,"turns":4},{"damage":14,"enemies":"The Heart","floor":56,"turns":15}],"seed_played":"3156328416841382618","potions_obtained":[{"floor":3.0,"key":"Dexterity Potion"},{"floor":5.0,"key":"SteroidPotion"},{"floor":7.0,"key":"SpeedPotion"},{"floor":24.0,"key":"Ancient Potion"},{"floor":33.0,"key":"SpeedPotion"},{"floor":35.0,"key":"Energy Potion"},{"floor":44.0,"key":"GamblersBrew"}],"is_trial":false,"path_per_floor":["M","$","M","M","M","R","E","R","T","R","M","E","?","E","R","B",null,"M","?","M","T","$","R","M","R","T","E","M","R","M","$","R","B",null,"M","?","?","$","M","R","M","R","T","E","M","M","R","?","R","B","B",null,"R","$","E","B",null],"character_chosen":"DEFECT","items_purchased":["Reinforced Body","Streamline","ClockworkSouvenir","Capacitor","SpeedPotion"],"campfire_rested":2,"item_purchase_floors":[2,2,22,31,54],"current_hp_per_floor":[64,64,64,64,62,62,58,58,58,58,58,55,55,47,47,47,65,60,50,48,48,48,48,48,48,48,24,24,45,45,45,45,13,57,52,52,52,52,50,50,50,71,71,71,71,69,69,69,69,41,41,64,64,64,64,50],"gold":45,"neow_bonus":"BOSS_RELIC","is_prod":false,"is_daily":false,"chose_seed":false,"campfire_upgraded":10,"win_rate":0,"timestamp":1551165787,"path_taken":["M","$","?","M","M","R","E","R","T","R","M","E","?","E","R","BOSS","M","?","M","?","$","R","M","R","T","E","M","R","M","$","R","BOSS","M","?","?","$","M","R","M","R","T","E","M","M","R","?","R","BOSS","BOSS","R","$","E","BOSS"],"build_version":"2019-01-23","purchased_purges":3,"victory":true,"max_hp_per_floor":[71,71,71,71,71,71,71,71,71,71,71,71,71,71,71,71,71,71,71,71,71,71,71,71,71,71,71,71,71,71,71,71,71,71,71,71,71,71,71,71,71,71,71,71,71,71,71,71,71,71,71,71,71,71,71,71],"card_choices":[{"not_picked":["Gash","Beam Cell","Compile Driver"],"picked":"SKIP","floor":1.0},{"not_picked":["Gash","Go for the Eyes","Seek"],"picked":"SKIP","floor":3.0},{"not_picked":["Hello World","Barrage"],"picked":"Ball Lightning","floor":4.0},{"not_picked":["FTL","Steam Power","Rebound"],"picked":"SKIP","floor":5.0},{"not_picked":["FTL","Steam Power"],"picked":"Rebound","floor":5.0},{"not_picked":["Turbo","Stack"],"picked":"Cold Snap","floor":7.0},{"not_picked":["Turbo","Leap"],"picked":"Echo Form","floor":11.0},{"not_picked":["Rebound","Sweeping Beam","Lockon"],"picked":"SKIP","floor":12.0},{"not_picked":["Genetic Algorithm","Sweeping Beam+1","BootSequence"],"picked":"SKIP","floor":14.0},{"not_picked":["Fission","Hyperbeam+1"],"picked":"Meteor Strike+1","floor":16.0},{"not_picked":["Sweeping Beam+1","Go for the Eyes+1","Lockon+1"],"picked":"SKIP","floor":18.0},{"not_picked":["FTL+1","Genetic Algorithm"],"picked":"Consume","floor":19.0},{"not_picked":["Turbo","Compile Driver+1","Coolheaded"],"picked":"SKIP","floor":20.0},{"not_picked":["Hologram","Self Repair"],"picked":"Multi-Cast","floor":24.0},{"not_picked":["Cold Snap+1","Fission","Conserve Battery"],"picked":"SKIP","floor":27.0},{"not_picked":["Redo","Beam Cell+1"],"picked":"Recycle","floor":28.0},{"not_picked":["Streamline+1","Steam","Reprogram"],"picked":"SKIP","floor":30.0},{"not_picked":["Hyperbeam+1","Reboot"],"picked":"All For One+1","floor":33.0},{"not_picked":["Static Discharge","Sweeping Beam+1"],"picked":"Double Energy","floor":35.0},{"not_picked":["Conserve Battery","Consume"],"picked":"Coolheaded","floor":39.0},{"not_picked":["Conserve Battery","Go for the Eyes+1","Compile Driver+1"],"picked":"SKIP","floor":41.0},{"not_picked":["Streamline+1","Steam Power+1","Undo+1"],"picked":"SKIP","floor":44.0},{"not_picked":["Streamline+1","Steam Power+1","Undo+1"],"picked":"SKIP","floor":44.0},{"not_picked":["Blizzard+1","Darkness"],"picked":"Glacier","floor":45.0},{"not_picked":["Ball Lightning+1","Self Repair+1"],"picked":"Double Energy","floor":46.0},{"not_picked":["Genetic Algorithm+1","Streamline+1","Electrodynamics"],"picked":"SKIP","floor":55}],"player_experience":3164058,"relics_obtained":[{"floor":7.0,"key":"Omamori"},{"floor":9.0,"key":"Tiny Chest"},{"floor":12.0,"key":"Molten Egg 2"},{"floor":14.0,"key":"Kunai"},{"floor":19.0,"key":"Red Mask"},{"floor":21.0,"key":"Juzu Bracelet"},{"floor":26.0,"key":"Oddly Smooth Stone"},{"floor":27.0,"key":"Blue Candle"},{"floor":44.0,"key":"Anchor"},{"floor":55,"key":"Bronze Scales"}],"event_choices":[{"damage_healed":0.0,"max_hp_gain":0.0,"max_hp_loss":0.0,"gold_gain":0.0,"event_name":"Big Fish","player_choice":"Box","floor":13.0,"gold_loss":0.0,"damage_taken":0.0,"relics_obtained":["PreservedInsect"],"cards_obtained":["Regret"]},{"damage_healed":0.0,"max_hp_gain":0.0,"max_hp_loss":0.0,"gold_gain":0.0,"event_name":"Masked Bandits","player_choice":"Fought Bandits","floor":19.0,"gold_loss":0.0,"damage_taken":0.0},{"cards_removed":["Cold Snap"],"damage_healed":0.0,"max_hp_gain":0.0,"max_hp_loss":0.0,"gold_gain":0.0,"event_name":"Falling","player_choice":"Removed Attack","floor":36.0,"gold_loss":0.0,"damage_taken":0.0},{"damage_healed":0.0,"max_hp_gain":0.0,"max_hp_loss":0.0,"gold_gain":0.0,"event_name":"SecretPortal","player_choice":"Ignored","floor":37.0,"gold_loss":0.0,"damage_taken":0.0},{"damage_healed":0,"gold_gain":0,"player_choice":"Memory 1","damage_taken":0,"max_hp_gain":0,"max_hp_loss":0,"event_name":"SensoryStone","floor":48,"gold_loss":0}],"is_beta":false,"boss_relics":[{"not_picked":["Fusion Hammer","Coffee Dripper"],"picked":"Runic Pyramid"},{"not_picked":["Pandora\u0027s Box","Astrolabe"],"picked":"Velvet Choker"}],"items_purged_floors":[22,38,54],"is_endless":false,"potions_floor_spawned":[3,5,7,14,18,24,30,33,35,44,46],"ascension_level":20}