{"gold_per_floor":[360,373,387,402,402,402,418,518,586,80,90,103,103,53,53,152,152,164,64,78,89,103,103,103,103,129,129,54,66,99,111,111,208,208,227,102,102,27,44,44,78,78,78,113,113,113,127,142,142,142],"floor_reached":51,"playtime":1872,"items_purged":["Regret","Strike_G","Strike_G"],"score":769,"play_id":"a43da57b-e0af-4356-bd45-91075ec4974a","local_time":"20181027233414","is_ascension_mode":false,"campfire_choices":[{"data":"Glass Knife","floor":6.0,"key":"SMITH"},{"data":"Glass Knife","floor":13.0,"key":"SMITH"},{"data":"Well Laid Plans","floor":15.0,"key":"SMITH"},{"data":"Glass Knife","floor":23.0,"key":"SMITH"},{"data":"Deadly Poison","floor":27.0,"key":"SMITH"},{"data":"Deadly Poison","floor":32.0,"key":"SMITH"},{"data":"Corpse Explosion","floor":40,"key":"SMITH"},{"data":"Neutralize","floor":42,"key":"SMITH"},{"data":"Footwork","floor":45,"key":"SMITH"},{"floor":49,"key":"REST"}],"neow_cost":"CURSE","seed_source_timestamp":45839257715333,"circlet_count":0,"master_deck":["Defend_G","Defend_G","Defend_G","Defend_G","Strike_G+1","Strike_G+1","Survivor","Neutralize+1","Well Laid Plans+1","Footwork","Glass Knife+1","Glass Knife+1","Deadly Poison+1","Deadly Poison+1","Glass Knife+1","Escape Plan+1","PiercingWail+1","Malaise","Dodge and Roll","Corpse Explosion+1","Sucker Punch+1","Footwork+1","Backflip","Deflect+1","Trip"],"special_seed":0,"relics":["Ring of the Snake","Torii","Runic Dome","FaceOfCleric","Whetstone","FossilizedHelix","Lizard Tail","PreservedInsect","Centennial Puzzle","Juzu Bracelet"],"potions_floor_usage":[33,47],"damage_taken":[{"damage":3.0,"enemies":"Cultist","floor":1.0,"turns":5.0},{"damage":0.0,"enemies":"Small Slimes","floor":2.0,"turns":5.0},{"damage":4.0,"enemies":"Jaw Worm","floor":3.0,"turns":6.0},{"damage":15.0,"enemies":"Gremlin Gang","floor":4.0,"turns":8.0},{"damage":9.0,"enemies":"Exordium Thugs","floor":7.0,"turns":6.0},{"damage":1.0,"enemies":"Large Slime","floor":11.0,"turns":4.0},{"damage":11.0,"enemies":"Exordium Wildlife","floor":12.0,"turns":4.0},{"damage":4.0,"enemies":"Hexaghost","floor":16.0,"turns":9.0},{"damage":0.0,"enemies":"Spheric Guardian","floor":18.0,"turns":3.0},{"damage":0.0,"enemies":"3 Byrds","floor":20.0,"turns":4.0},{"damage":1.0,"enemies":"Snake Plant","floor":21.0,"turns":3.0},{"damage":0.0,"enemies":"3 Cultists","floor":22.0,"turns":5.0},{"damage":1.0,"enemies":"Colosseum Slavers","floor":25.0,"turns":4.0},{"damage":1.0,"enemies":"Centurion and Healer","floor":29.0,"turns":5.0},{"damage":0.0,"enemies":"Gremlin Leader","floor":30.0,"turns":5.0},{"damage":0.0,"enemies":"Cultist and Chosen","floor":31.0,"turns":6.0},{"damage":21,"enemies":"Champ","floor":33,"turns":12},{"damage":0,"enemies":"Orb Walker","floor":35,"turns":3},{"damage":0,"enemies":"3 Shapes","floor":39,"turns":2},{"damage":1,"enemies":"Nemesis","floor":41,"turns":9},{"damage":13,"enemies":"Reptomancer","floor":44,"turns":7},{"damage":7,"enemies":"Sphere and 2 Shapes","floor":47,"turns":4},{"damage":22,"enemies":"Jaw Worm Horde","floor":48,"turns":5},{"damage":21,"enemies":"Donu and Deca","floor":50,"turns":8}],"seed_played":"-4168897154456468021","potions_obtained":[{"floor":2.0,"key":"PowerPotion"},{"floor":4.0,"key":"Ancient Potion"},{"floor":12.0,"key":"Explosive Potion"},{"floor":18.0,"key":"FearPotion"},{"floor":20.0,"key":"Explosive Potion"},{"floor":22.0,"key":"FearPotion"},{"floor":41,"key":"Swift Potion"},{"floor":44,"key":"GhostInAJar"}],"is_trial":false,"path_per_floor":["M","M","M","M","?","R","M","?","T","$","M","M","R","?","R","B",null,"M","$","M","M","M","R","?","?","T","R","?","M","E","M","R","B",null,"M","$","?","$","M","R","E","R","T","E","R","?","M","M","R","B"],"character_chosen":"THE_SILENT","items_purchased":["Torii","Glass Knife","Footwork"],"campfire_rested":1,"item_purchase_floors":[10,10,38],"current_hp_per_floor":[67,67,63,48,48,48,39,39,39,39,38,27,27,27,27,23,70,70,70,70,69,69,69,69,69,69,69,69,69,70,71,71,51,75,76,76,76,76,77,77,77,77,77,65,65,65,59,38,62,42],"gold":142,"neow_bonus":"TWO_FIFTY_GOLD","is_prod":false,"is_daily":false,"chose_seed":false,"campfire_upgraded":9,"win_rate":0,"timestamp":1540654454,"path_taken":["M","?","?","M","?","R","?","?","T","$","?","M","R","?","R","BOSS","M","$","M","M","M","R","?","?","T","R","?","M","E","?","R","BOSS","M","$","?","$","M","R","E","R","T","E","R","?","M","M","R","BOSS"],"build_version":"2018-10-25v2","purchased_purges":3,"victory":true,"max_hp_per_floor":[70,70,70,70,70,70,70,70,70,70,70,70,70,70,70,70,70,70,70,70,70,70,70,70,71,71,71,71,72,73,74,74,75,75,76,76,76,76,77,77,78,78,78,79,79,79,80,81,81,82],"card_choices":[{"not_picked":["Slice","Blade Dance"],"picked":"Well Laid Plans","floor":1.0},{"not_picked":["Outmaneuver","Flying Knee","Acrobatics"],"picked":"SKIP","floor":2.0},{"not_picked":["All Out Attack","Endless Agony"],"picked":"Footwork","floor":3.0},{"not_picked":["Sucker Punch","Acrobatics","Quick Slash"],"picked":"SKIP","floor":4.0},{"not_picked":["Flechettes","Acrobatics","Dagger Spray"],"picked":"SKIP","floor":7.0},{"not_picked":["Flying Knee","Heel Hook"],"picked":"Deadly Poison","floor":11.0},{"not_picked":["Slice","Riddle With Holes"],"picked":"Deadly Poison","floor":12.0},{"not_picked":["Adrenaline","Bullet Time"],"picked":"Glass Knife","floor":16.0},{"not_picked":["Riddle With Holes+1","Eviscerate","Prepared"],"picked":"SKIP","floor":18.0},{"not_picked":["Underhanded Strike+1","Terror+1"],"picked":"Escape Plan+1","floor":20.0},{"not_picked":["Flying Knee","All Out Attack","Terror"],"picked":"SKIP","floor":21.0},{"not_picked":["Dagger Throw","Outmaneuver+1"],"picked":"PiercingWail+1","floor":22.0},{"not_picked":["Setup+1","Deflect"],"picked":"Malaise","floor":29.0},{"not_picked":["Flechettes+1","All Out Attack"],"picked":"Dodge and Roll","floor":30.0},{"not_picked":["Accuracy+1","Flechettes","Skewer"],"picked":"SKIP","floor":31.0},{"not_picked":["A Thousand Cuts","Night Terror"],"picked":"Corpse Explosion","floor":33},{"not_picked":["Dagger Throw","Cloak And Dagger"],"picked":"Sucker Punch+1","floor":35},{"not_picked":["Blur+1","Bane"],"picked":"Backflip","floor":39},{"not_picked":["Caltrops+1","Outmaneuver","Cloak And Dagger"],"picked":"SKIP","floor":41},{"not_picked":["Unload","Endless Agony+1"],"picked":"Deflect+1","floor":44},{"not_picked":["Enlightenment","Chrysalis"],"picked":"Trip","floor":46},{"not_picked":["Dagger Throw","Slice","Distraction"],"picked":"SKIP","floor":47},{"not_picked":["Calculated Gamble+1","Outmaneuver+1","Dagger Throw"],"picked":"SKIP","floor":48}],"player_experience":683666,"relics_obtained":[{"floor":26.0,"key":"Whetstone"},{"floor":30.0,"key":"FossilizedHelix"},{"floor":41,"key":"PreservedInsect"},{"floor":43,"key":"Centennial Puzzle"},{"floor":44,"key":"Juzu Bracelet"}],"event_choices":[{"damage_healed":0.0,"max_hp_gain":0.0,"max_hp_loss":0.0,"gold_gain":0.0,"event_name":"Match and Keep!","player_choice":"1 cards matched","floor":5.0,"gold_loss":0.0,"damage_taken":0.0,"cards_obtained":["Glass Knife"]},{"damage_healed":0.0,"max_hp_gain":0.0,"max_hp_loss":0.0,"gold_gain":100.0,"event_name":"Golden Shrine","player_choice":"Pray","floor":8.0,"gold_loss":0.0,"damage_taken":0.0},{"cards_removed":["Strike_G"],"damage_healed":0.0,"max_hp_gain":0.0,"max_hp_loss":0.0,"gold_gain":0.0,"event_name":"The Cleric","player_choice":"Card Removal","floor":14.0,"gold_loss":50.0,"damage_taken":0.0},{"damage_healed":0.0,"max_hp_gain":0.0,"max_hp_loss":0.0,"gold_gain":0.0,"event_name":"FaceTrader","player_choice":"Trade","floor":24.0,"gold_loss":0.0,"damage_taken":0.0,"relics_obtained":["FaceOfCleric"]},{"damage_healed":0.0,"max_hp_gain":0.0,"max_hp_loss":0.0,"gold_gain":0.0,"event_name":"Colosseum","player_choice":"Fight","floor":25.0,"gold_loss":0.0,"damage_taken":0.0},{"damage_healed":0.0,"max_hp_gain":0.0,"max_hp_loss":0.0,"gold_gain":0.0,"event_name":"Colosseum","player_choice":"Fled From Nobs","floor":25.0,"gold_loss":0.0,"damage_taken":0.0},{"cards_removed":["Defend_G"],"damage_healed":0.0,"max_hp_gain":0.0,"max_hp_loss":0.0,"gold_gain":0.0,"event_name":"Beggar","player_choice":"Gave Gold","floor":28.0,"gold_loss":75.0,"damage_taken":0.0},{"damage_healed":0,"gold_gain":0,"player_choice":"Ignored","damage_taken":0,"max_hp_gain":0,"max_hp_loss":0,"event_name":"Mysterious Sphere","floor":37,"gold_loss":0},{"damage_healed":0,"gold_gain":0,"player_choice":"Memory 1","damage_taken":0,"max_hp_gain":0,"max_hp_loss":0,"event_name":"SensoryStone","floor":46,"gold_loss":0}],"is_beta":false,"boss_relics":[{"not_picked":["Ectoplasm","Tiny House"],"picked":"Runic Dome"},{"not_picked":["Black Star","Philosopher\u0027s Stone"],"picked":"Lizard Tail"}],"items_purged_floors":[10,19,36],"is_endless":false,"potions_floor_spawned":[2,4,12,18,20,22,25,41,44],"ascension_level":0}