{"gold_per_floor":[362,362,193,204,218,218,236,236,236,236,253,269,279,179,179,251,251,266,284,300,310,185,185,202,227,227,237,237,257,273,123,123,197,197,213,0,17,36,36,36,36,36,36,36,36,59,75,90,90,90],"floor_reached":51,"playtime":2062,"items_purged":["Strike_R","Strike_R","Strike_R","Defend_R"],"score":1456,"play_id":"411a26b5-bb9f-4423-9229-c5fdd913aed0","local_time":"20181110212954","is_ascension_mode":true,"campfire_choices":[{"data":"Deep Breath","floor":6.0,"key":"SMITH"},{"data":"Bash","floor":8.0,"key":"SMITH"},{"data":"Limit Break","floor":15.0,"key":"SMITH"},{"data":"Offering","floor":23.0,"key":"SMITH"},{"data":"Evolve","floor":28.0,"key":"SMITH"},{"data":"Dropkick","floor":32.0,"key":"SMITH"},{"data":"Dark Embrace","floor":40,"key":"SMITH"},{"data":"True Grit","floor":44,"key":"SMITH"},{"data":"Dropkick","floor":49,"key":"SMITH"}],"neow_cost":"PERCENT_DAMAGE","seed_source_timestamp":30495285924933,"circlet_count":0,"master_deck":["AscendersBane","Defend_R","Defend_R","Defend_R","Bash+1","Deep Breath+1","Second Wind","Dropkick+1","Limit Break+1","Dropkick+1","Offering+1","Power Through","True Grit+1","Evolve+1","Warcry+1","Dark Embrace+1","Impervious","Disarm+1"],"special_seed":0,"relics":["Burning Blood","Nunchaku","Philosopher\u0027s Stone","FossilizedHelix","Dodecahedron","Orrery","Red Mask","Singing Bowl","Ancient Tea Set"],"potions_floor_usage":[35,35,48],"damage_taken":[{"damage":11.0,"enemies":"Jaw Worm","floor":1.0,"turns":6.0},{"damage":0.0,"enemies":"2 Louse","floor":4.0,"turns":3.0},{"damage":13.0,"enemies":"Cultist","floor":5.0,"turns":5.0},{"damage":1.0,"enemies":"Lots of Slimes","floor":7.0,"turns":3.0},{"damage":8.0,"enemies":"Large Slime","floor":11.0,"turns":3.0},{"damage":4.0,"enemies":"Exordium Thugs","floor":12.0,"turns":3.0},{"damage":11.0,"enemies":"2 Fungi Beasts","floor":13.0,"turns":3.0},{"damage":28.0,"enemies":"Slime Boss","floor":16.0,"turns":6.0},{"damage":21.0,"enemies":"Shell Parasite","floor":18.0,"turns":3.0},{"damage":10.0,"enemies":"3 Byrds","floor":19.0,"turns":3.0},{"damage":6.0,"enemies":"Shelled Parasite and Fungi","floor":20.0,"turns":3.0},{"damage":7.0,"enemies":"Snake Plant","floor":21.0,"turns":6.0},{"damage":6.0,"enemies":"Centurion and Healer","floor":24.0,"turns":2.0},{"damage":13.0,"enemies":"Book of Stabbing","floor":25.0,"turns":3.0},{"damage":12.0,"enemies":"Cultist and Chosen","floor":27.0,"turns":4.0},{"damage":0.0,"enemies":"Shelled Parasite and Fungi","floor":29.0,"turns":2.0},{"damage":0.0,"enemies":"Centurion and Healer","floor":30.0,"turns":2.0},{"damage":0.0,"enemies":"Champ","floor":33.0,"turns":2.0},{"damage":0,"enemies":"3 Shapes","floor":35,"turns":3},{"damage":0,"enemies":"3 Darklings","floor":37,"turns":2},{"damage":0,"enemies":"Spire Growth","floor":38,"turns":2},{"damage":0,"enemies":"Jaw Worm Horde","floor":47,"turns":2},{"damage":0,"enemies":"Writhing Mass","floor":48,"turns":3},{"damage":0,"enemies":"Donu and Deca","floor":50,"turns":1}],"seed_played":"-956249979761364370","potions_obtained":[{"floor":1.0,"key":"Weak Potion"},{"floor":5.0,"key":"Explosive Potion"},{"floor":11.0,"key":"Swift Potion"},{"floor":13.0,"key":"Explosive Potion"},{"floor":18.0,"key":"FearPotion"},{"floor":19.0,"key":"Dexterity Potion"},{"floor":27.0,"key":"Energy Potion"},{"floor":33.0,"key":"Block Potion"},{"floor":47,"key":"Explosive Potion"},{"floor":48,"key":"Fruit Juice"}],"is_trial":false,"path_per_floor":["M","?","$","M","M","R","M","R","T","?","M","M","M","$","R","B",null,"M","M","M","M","$","R","M","E","T","M","R","M","M","$","R","B",null,"M","?","M","M","$","R","$","?","T","R","?","T","M","M","R","B",null],"character_chosen":"IRONCLAD","items_purchased":["Deep Breath"],"campfire_rested":0,"item_purchase_floors":[3],"current_hp_per_floor":[45,38,38,44,37,37,42,42,42,42,40,42,37,37,37,15,60,45,41,41,40,40,40,40,33,33,27,27,33,39,39,39,45,68,74,74,75,75,75,75,75,75,75,75,71,71,73,80,80,80],"gold":90,"neow_bonus":"TWO_FIFTY_GOLD","is_prod":false,"is_daily":false,"chose_seed":false,"campfire_upgraded":9,"win_rate":0,"timestamp":1541856594,"path_taken":["M","?","$","M","M","R","M","R","T","?","M","M","M","$","R","BOSS","M","M","M","M","$","R","?","E","T","?","R","M","M","$","R","BOSS","M","?","M","M","?","R","$","?","T","R","?","?","?","M","R","BOSS"],"build_version":"2018-11-08","purchased_purges":4,"victory":true,"max_hp_per_floor":[75,75,75,75,75,75,75,75,75,75,75,75,75,75,75,75,75,75,75,75,75,75,75,75,75,75,75,75,75,75,75,75,75,75,75,75,75,75,75,75,75,75,75,75,71,71,73,80,80,80],"card_choices":[{"not_picked":["Fire Breathing","Warcry","Headbutt"],"picked":"SKIP","floor":1.0},{"not_picked":["Searing Blow","Reckless Charge"],"picked":"Second Wind","floor":4.0},{"not_picked":["Headbutt","Body Slam","Iron Wave"],"picked":"SKIP","floor":5.0},{"not_picked":["Heavy Blade","Iron Wave","Shrug It Off"],"picked":"SKIP","floor":7.0},{"not_picked":["Corruption","Clash"],"picked":"Limit Break","floor":11.0},{"not_picked":["Thunderclap","Perfected Strike"],"picked":"Dropkick","floor":12.0},{"not_picked":["Perfected Strike","Sword Boomerang","Metallicize"],"picked":"SKIP","floor":13.0},{"not_picked":["Barricade","Feed"],"picked":"Offering","floor":16.0},{"not_picked":["Iron Wave","Battle Trance"],"picked":"Power Through","floor":18.0},{"not_picked":["Power Through","Body Slam"],"picked":"True Grit","floor":19.0},{"not_picked":["Intimidate","Flame Barrier","Body Slam"],"picked":"SKIP","floor":20.0},{"not_picked":["Infernal Blade","Berserk","Armaments"],"picked":"SKIP","floor":21.0},{"not_picked":["Pommel Strike+1","Iron Wave","Warcry"],"picked":"SKIP","floor":24.0},{"not_picked":["Wild Strike","Dual Wield","Cleave"],"picked":"SKIP","floor":25.0},{"not_picked":["Carnage","Limit Break"],"picked":"Evolve","floor":27.0},{"not_picked":["Twin Strike","Rupture","Searing Blow"],"picked":"SKIP","floor":29.0},{"not_picked":["Flame Barrier","Heavy Blade"],"picked":"Warcry+1","floor":30.0},{"not_picked":["Juggernaut","Bludgeon"],"picked":"Dark Embrace","floor":33.0},{"not_picked":["Cleave","Power Through"],"picked":"Impervious","floor":34.0},{"not_picked":["True Grit+1","Sword Boomerang","Perfected Strike+1"],"picked":"SKIP","floor":35},{"not_picked":["Anger","Body Slam+1"],"picked":"Disarm+1","floor":37},{"not_picked":["Combust","Headbutt","Entrench"],"picked":"SKIP","floor":38},{"not_picked":["Headbutt","Sword Boomerang","Power Through"],"picked":"Singing Bowl","floor":47},{"not_picked":["Wild Strike","Metallicize","Warcry"],"picked":"Singing Bowl","floor":48}],"player_experience":966547,"relics_obtained":[{"floor":9.0,"key":"Nunchaku"},{"floor":25.0,"key":"FossilizedHelix"},{"floor":26.0,"key":"Dodecahedron"},{"floor":43,"key":"Singing Bowl"},{"floor":46,"key":"Ancient Tea Set"}],"event_choices":[{"cards_removed":["Strike_R"],"damage_healed":0.0,"max_hp_gain":0.0,"max_hp_loss":0.0,"gold_gain":0.0,"event_name":"Golden Wing","player_choice":"Card Removal","floor":2.0,"gold_loss":0.0,"damage_taken":7.0},{"damage_healed":0.0,"max_hp_gain":0.0,"max_hp_loss":0.0,"gold_gain":0.0,"cards_transformed":["Strike_R"],"event_name":"Transmorgrifier","player_choice":"Transformed","floor":10.0,"gold_loss":0.0,"damage_taken":0.0,"cards_obtained":["Dropkick"]},{"damage_healed":0,"gold_gain":0,"player_choice":"Paid","damage_taken":0,"relics_obtained":["Red Mask"],"max_hp_gain":0,"max_hp_loss":0,"event_name":"Tomb of Lord Red Mask","floor":36,"gold_loss":213},{"damage_healed":0,"gold_gain":0,"player_choice":"Ignored","damage_taken":0,"max_hp_gain":0,"max_hp_loss":0,"event_name":"Mysterious Sphere","floor":42,"gold_loss":0},{"damage_healed":0,"gold_gain":0,"player_choice":"Max HP","damage_taken":0,"max_hp_gain":0,"max_hp_loss":4,"event_name":"Winding Halls","floor":45,"gold_loss":0}],"is_beta":false,"boss_relics":[{"not_picked":["Calling Bell","Ectoplasm"],"picked":"Philosopher\u0027s Stone"},{"not_picked":["Velvet Choker","Runic Dome"],"picked":"Orrery"}],"items_purged_floors":[3,14,22,31],"is_endless":false,"potions_floor_spawned":[1,5,11,13,18,19,27,33,47,48],"ascension_level":18}