{"gold_per_floor":[365,383,383,5,16,16,77,97,121,121,121,121,121,121,121,210,210,231,231,131,144,157,68,68,83,107,121,121,165,165,40,40,114,114,114],"floor_reached":35,"playtime":1864,"items_purged":["Strike_B","Defend_B","Defend_B"],"score":946,"play_id":"7edbcb7e-5f26-4799-b5b3-4281014835ff","local_time":"20190309122144","is_ascension_mode":true,"campfire_choices":[{"data":"Sunder","floor":6.0,"key":"SMITH"},{"data":"Hologram","floor":10.0,"key":"SMITH"},{"data":"Reinforced Body","floor":13.0,"key":"SMITH"},{"data":"Dualcast","floor":15.0,"key":"SMITH"},{"data":"Fission","floor":24.0,"key":"SMITH"},{"data":"Biased Cognition","floor":28.0,"key":"SMITH"},{"data":"Biased Cognition","floor":32.0,"key":"SMITH"}],"neow_cost":"PERCENT_DAMAGE","seed_source_timestamp":0,"circlet_count":0,"master_deck":["AscendersBane","Defend_B","Defend_B","Zap","Dualcast+1","Conserve Battery","Sunder+1","Turbo+1","Reinforced Body+1","Hologram+1","Biased Cognition+1","Undo","Coolheaded","Meteor Strike","Heatsinks","Self Repair","Fission+1","Biased Cognition+1","Creative AI"],"special_seed":0,"relics":["Cracked Core","ClockworkSouvenir","Tiny Chest","Bloody Idol","Singing Bowl","Orrery","Omamori","Oddly Smooth Stone","Philosopher\u0027s Stone"],"potions_floor_usage":[],"damage_taken":[{"damage":1.0,"enemies":"Small Slimes","floor":1.0,"turns":4.0},{"damage":1.0,"enemies":"Cultist","floor":2.0,"turns":4.0},{"damage":0.0,"enemies":"2 Louse","floor":5.0,"turns":2.0},{"damage":13.0,"enemies":"3 Sentries","floor":7.0,"turns":8.0},{"damage":0.0,"enemies":"2 Fungi Beasts","floor":8.0,"turns":3.0},{"damage":0.0,"enemies":"Slime Boss","floor":16.0,"turns":9.0},{"damage":0.0,"enemies":"Shell Parasite","floor":18.0,"turns":12.0},{"damage":2.0,"enemies":"2 Thieves","floor":21.0,"turns":5.0},{"damage":0.0,"enemies":"Snecko","floor":22.0,"turns":6.0},{"damage":19.0,"enemies":"Snake Plant","floor":25.0,"turns":7.0},{"damage":11.0,"enemies":"Shelled Parasite and Fungi","floor":27.0,"turns":8.0},{"damage":46.0,"enemies":"Gremlin Leader","floor":29.0,"turns":11.0},{"damage":0.0,"enemies":"Automaton","floor":33.0,"turns":20.0},{"damage":20,"enemies":"3 Darklings","floor":35,"turns":2}],"seed_played":"-5692061836305741658","potions_obtained":[{"floor":1.0,"key":"Energy Potion"},{"floor":2.0,"key":"Ancient Potion"},{"floor":8.0,"key":"PowerPotion"},{"floor":21.0,"key":"Strength Potion"}],"is_trial":false,"path_per_floor":["M","M","?","$","M","R","E","M","T","R","?","?","R","T","R","B",null,"M","?","$","M","M","$","R","M","T","M","R","E","?","$","R","B",null,"M"],"character_chosen":"DEFECT","items_purchased":["ClockworkSouvenir","Sunder","Fission"],"campfire_rested":0,"item_purchase_floors":[4,4,23],"current_hp_per_floor":[45,44,44,44,44,44,31,31,31,31,10,10,10,10,10,10,57,59,59,59,59,59,59,59,49,49,47,47,8,8,8,8,20,64,44],"gold":114,"neow_bonus":"TWO_FIFTY_GOLD","is_prod":false,"is_daily":false,"chose_seed":false,"campfire_upgraded":7,"win_rate":0,"timestamp":1552105304,"path_taken":["M","M","?","$","?","R","E","M","T","R","?","?","R","?","R","BOSS","M","?","$","M","M","$","R","M","T","M","R","E","?","?","R","BOSS","M"],"build_version":"2019-01-23","purchased_purges":3,"victory":false,"max_hp_per_floor":[71,71,71,71,71,71,71,71,71,71,71,64,64,64,64,64,70,72,72,72,74,74,74,74,76,76,78,78,78,78,78,78,78,78,78],"card_choices":[{"not_picked":["Aggregate","Compile Driver","Redo"],"picked":"SKIP","floor":1.0},{"not_picked":["Turbo","Steam Power"],"picked":"Conserve Battery","floor":2.0},{"not_picked":["Conserve Battery","BootSequence"],"picked":"Turbo","floor":5.0},{"not_picked":["Streamline","Sweeping Beam"],"picked":"Reinforced Body","floor":7.0},{"not_picked":["Aggregate","Auto Shields"],"picked":"Hologram","floor":8.0},{"not_picked":["Amplify","Buffer"],"picked":"Biased Cognition","floor":16.0},{"not_picked":["Leap","Cold Snap","Scrape"],"picked":"Singing Bowl","floor":17.0},{"not_picked":["Lockon","Stack"],"picked":"Undo","floor":17.0},{"not_picked":["FTL","Double Energy","Ball Lightning"],"picked":"Singing Bowl","floor":17.0},{"not_picked":["Streamline","Consume","Hologram"],"picked":"Singing Bowl","floor":17.0},{"not_picked":["Sunder","Turbo"],"picked":"Coolheaded","floor":17.0},{"not_picked":["Storm","Compile Driver","Streamline"],"picked":"Singing Bowl","floor":18.0},{"not_picked":["Rebound","Fusion","Steam"],"picked":"Singing Bowl","floor":21.0},{"not_picked":["Conserve Battery","Melter"],"picked":"Self Repair","floor":22.0},{"not_picked":["Go for the Eyes","Storm","Doom and Gloom"],"picked":"Singing Bowl","floor":25.0},{"not_picked":["Consume","Static Discharge","BootSequence"],"picked":"Singing Bowl","floor":27.0},{"not_picked":["Multi-Cast","Streamline"],"picked":"Biased Cognition","floor":29.0},{"not_picked":["Rainbow","Meteor Strike"],"picked":"Creative AI","floor":33.0}],"player_experience":3424074,"relics_obtained":[{"floor":7.0,"key":"Tiny Chest"},{"floor":14.0,"key":"Singing Bowl"},{"floor":26.0,"key":"Omamori"},{"floor":29.0,"key":"Oddly Smooth Stone"}],"event_choices":[{"cards_removed":["Strike_B"],"damage_healed":0.0,"max_hp_gain":0.0,"max_hp_loss":0.0,"gold_gain":0.0,"event_name":"Purifier","player_choice":"Purged","floor":3.0,"gold_loss":0.0,"damage_taken":0.0},{"damage_healed":0.0,"max_hp_gain":0.0,"max_hp_loss":0.0,"gold_gain":0.0,"event_name":"Shining Light","player_choice":"Entered Light","floor":11.0,"gold_loss":0.0,"damage_taken":21.0,"cards_upgraded":["Turbo","Strike_B"]},{"damage_healed":0.0,"max_hp_gain":0.0,"max_hp_loss":7.0,"gold_gain":0.0,"event_name":"Golden Idol","player_choice":"Lose Max HP","floor":12.0,"gold_loss":0.0,"damage_taken":0.0,"relics_obtained":["Golden Idol"]},{"damage_healed":0.0,"max_hp_gain":0.0,"max_hp_loss":0.0,"gold_gain":0.0,"cards_transformed":["Strike_B","Strike_B"],"event_name":"Drug Dealer","player_choice":"Became Test Subject","floor":19.0,"gold_loss":0.0,"damage_taken":0.0,"cards_obtained":["Meteor Strike","Heatsinks"]},{"damage_healed":0.0,"max_hp_gain":0.0,"max_hp_loss":0.0,"gold_gain":0.0,"event_name":"Forgotten Altar","player_choice":"Gave Idol","floor":30.0,"relics_lost":["Golden Idol"],"gold_loss":0.0,"damage_taken":0.0,"relics_obtained":["Bloody Idol"]}],"is_beta":false,"boss_relics":[{"not_picked":["Astrolabe","Eternal Feather"],"picked":"Orrery"},{"not_picked":["Tiny House","FrozenCore"],"picked":"Philosopher\u0027s Stone"}],"items_purged_floors":[4,20,31],"is_endless":false,"potions_floor_spawned":[1,2,8,21,25,29],"killed_by":"3 Darklings","ascension_level":20}