{"gold_per_floor":[116,135,135,60,60,90,90,110,110,1,1,11,25,36,36,115,115,131,131,145,61,80,80,80],"floor_reached":24,"playtime":645,"items_purged":[],"score":446,"play_id":"b6e46468-2ae8-4586-92d9-5bd3f2c2d02b","local_time":"20190222180809","is_ascension_mode":true,"campfire_choices":[{"data":"Blizzard","floor":7.0,"key":"SMITH"},{"data":"Hologram","floor":11.0,"key":"SMITH"},{"data":"Dualcast","floor":15.0,"key":"SMITH"},{"data":"Chaos","floor":23,"key":"SMITH"}],"neow_cost":"NONE","seed_source_timestamp":0,"circlet_count":0,"master_deck":["AscendersBane","Strike_B","Defend_B","Defend_B","Defend_B","Defend_B","Zap","Dualcast+1","Cold Snap","Blizzard+1","Hologram+1","Conserve Battery","Cold Snap","Turbo","Core Surge","Compile Driver+1","Biased Cognition","Hyperbeam","Compile Driver+1","Capacitor","Chaos+1"],"special_seed":0,"relics":["Cracked Core","NeowsBlessing","Symbiotic Virus","Inserter"],"potions_floor_usage":[20,24],"damage_taken":[{"damage":0.0,"enemies":"2 Louse","floor":1.0,"turns":1.0},{"damage":0.0,"enemies":"Jaw Worm","floor":2.0,"turns":1.0},{"damage":0.0,"enemies":"Lagavulin","floor":6.0,"turns":1.0},{"damage":1.0,"enemies":"Small Slimes","floor":8.0,"turns":4.0},{"damage":1.0,"enemies":"Looter","floor":12.0,"turns":4.0},{"damage":4.0,"enemies":"3 Louse","floor":13.0,"turns":3.0},{"damage":11.0,"enemies":"Blue Slaver","floor":14.0,"turns":3.0},{"damage":38.0,"enemies":"Slime Boss","floor":16.0,"turns":11.0},{"damage":24.0,"enemies":"Shell Parasite","floor":18.0,"turns":5.0},{"damage":5,"enemies":"3 Byrds","floor":20,"turns":4},{"damage":4,"enemies":"Centurion and Healer","floor":22,"turns":6},{"damage":27,"enemies":"Chosen and Byrds","floor":24,"turns":5}],"seed_played":"-8137516421211416208","potions_obtained":[{"floor":2.0,"key":"LiquidBronze"},{"floor":6.0,"key":"Fire Potion"},{"floor":16.0,"key":"PowerPotion"}],"is_trial":false,"path_per_floor":["M","M","?","?","?","E","R","M","T","$","R","M","M","M","R","B",null,"M","?","M","$","M","R","M"],"character_chosen":"DEFECT","items_purchased":["Conserve Battery","FTL","Capacitor"],"campfire_rested":0,"item_purchase_floors":[10,10,21],"current_hp_per_floor":[64,64,64,64,57,57,57,56,56,56,56,55,51,40,40,2,54,30,30,25,25,21,21,0],"gold":80,"neow_bonus":"THREE_ENEMY_KILL","is_prod":false,"is_daily":false,"chose_seed":false,"campfire_upgraded":4,"win_rate":0,"timestamp":1550830089,"path_taken":["M","M","?","?","?","E","R","M","T","$","R","M","M","M","R","BOSS","M","?","M","$","M","R","M"],"build_version":"2019-01-23","purchased_purges":0,"victory":false,"max_hp_per_floor":[71,71,71,71,71,71,71,71,71,71,71,71,71,71,71,71,71,71,71,71,71,71,71,71],"card_choices":[{"not_picked":["Steam","Hologram"],"picked":"Cold Snap","floor":1.0},{"not_picked":["Aggregate","Steam","Gash"],"picked":"SKIP","floor":2.0},{"not_picked":["Steam","White Noise"],"picked":"Blizzard","floor":6.0},{"not_picked":["Streamline","All For One"],"picked":"Hologram","floor":8.0},{"not_picked":["Streamline","Go for the Eyes"],"picked":"Cold Snap","floor":12.0},{"not_picked":["Go for the Eyes","Cold Snap","Barrage"],"picked":"SKIP","floor":13.0},{"not_picked":["Go for the Eyes","Ball Lightning"],"picked":"Turbo","floor":14.0},{"not_picked":["Biased Cognition","Multi-Cast"],"picked":"Core Surge","floor":16.0},{"not_picked":["Conserve Battery","Turbo"],"picked":"Compile Driver+1","floor":18.0},{"not_picked":["Darkness","Rebound"],"picked":"Compile Driver+1","floor":20},{"not_picked":["Beam Cell","Barrage"],"picked":"Chaos","floor":22}],"player_experience":909701,"relics_obtained":[{"floor":9.0,"key":"Symbiotic Virus"}],"event_choices":[{"damage_healed":0.0,"max_hp_gain":0.0,"max_hp_loss":0.0,"gold_gain":0.0,"event_name":"Liars Game","player_choice":"Ignored","floor":3.0,"gold_loss":0.0,"damage_taken":0.0},{"cards_removed":["Strike_B"],"damage_healed":0.0,"max_hp_gain":0.0,"max_hp_loss":0.0,"gold_gain":0.0,"event_name":"The Cleric","player_choice":"Card Removal","floor":4.0,"gold_loss":75.0,"damage_taken":0.0},{"cards_removed":["Strike_B"],"damage_healed":0.0,"max_hp_gain":0.0,"max_hp_loss":0.0,"gold_gain":0.0,"event_name":"Golden Wing","player_choice":"Card Removal","floor":5.0,"gold_loss":0.0,"damage_taken":7.0},{"damage_healed":0.0,"max_hp_gain":0.0,"max_hp_loss":0.0,"gold_gain":0.0,"cards_transformed":["FTL","Strike_B"],"event_name":"Drug Dealer","player_choice":"Became Test Subject","floor":19.0,"gold_loss":0.0,"damage_taken":0.0,"cards_obtained":["Biased Cognition","Hyperbeam"]}],"is_beta":false,"boss_relics":[{"not_picked":["Tiny House","Philosopher\u0027s Stone"],"picked":"Inserter"}],"items_purged_floors":[],"is_endless":false,"potions_floor_spawned":[2,6,16,18],"killed_by":"Chosen and Byrds","ascension_level":20}