{"gold_per_floor":[109,109,119,44,57,57,91,105,178,271,271,105,119,135,135,236,236,253,253,253,267,167,201,219,246,246,258,258,258,271,304,304,401,401,416,416,432,451,199,227,77,111,134,158,158,192,69,80,80,80],"floor_reached":51,"playtime":2140,"items_purged":["Strike_G","Strike_G","Strike_G","Defend_G","Defend_G"],"score":1195,"play_id":"5b8f1010-0e90-4ba6-a699-21e5b6d5bbe1","local_time":"20181113234304","is_ascension_mode":false,"campfire_choices":[{"data":"Deadly Poison","floor":6.0,"key":"SMITH"},{"data":"Deadly Poison","floor":11.0,"key":"SMITH"},{"data":"Apotheosis","floor":15.0,"key":"SMITH"},{"data":"Adrenaline","floor":28.0,"key":"SMITH"},{"data":"Burst","floor":32.0,"key":"SMITH"},{"data":"Neutralize","floor":45,"key":"SMITH"},{"data":"1","floor":49,"key":"LIFT"}],"neow_cost":"TEN_PERCENT_HP_LOSS","seed_source_timestamp":55652859804916,"circlet_count":0,"master_deck":["Defend_G","Defend_G","Survivor","Neutralize+1","Deadly Poison+1","Deadly Poison+1","Backflip","Apotheosis+1","Burst+1","Deadly Poison","Adrenaline+1","Escape Plan","Escape Plan+1","Escape Plan+1","Escape Plan+1","Malaise","Backflip+1","Well Laid Plans+1","Backflip","Catalyst","Bouncing Flask+1","Footwork+1"],"special_seed":0,"relics":["Ring of the Serpent","Torii","Gremlin Horn","Tiny Chest","Coffee Dripper","WingedGreaves","Darkstone Periapt","Vajra","Bottled Lightning","Frozen Egg 2","Pen Nib","Blue Candle","Letter Opener","Smiling Mask","Dream Catcher","Girya"],"potions_floor_usage":[50,50,50],"damage_taken":[{"damage":0.0,"enemies":"2 Louse","floor":1.0,"turns":3.0},{"damage":2.0,"enemies":"Small Slimes","floor":3.0,"turns":5.0},{"damage":0.0,"enemies":"Jaw Worm","floor":5.0,"turns":4.0},{"damage":23.0,"enemies":"3 Sentries","floor":7.0,"turns":10.0},{"damage":0.0,"enemies":"Blue Slaver","floor":8.0,"turns":3.0},{"damage":10.0,"enemies":"Gremlin Nob","floor":10.0,"turns":4.0},{"damage":10.0,"enemies":"Exordium Thugs","floor":13.0,"turns":6.0},{"damage":0.0,"enemies":"Exordium Wildlife","floor":14.0,"turns":3.0},{"damage":0.0,"enemies":"Hexaghost","floor":16.0,"turns":7.0},{"damage":0.0,"enemies":"Chosen","floor":18.0,"turns":3.0},{"damage":1.0,"enemies":"2 Thieves","floor":21.0,"turns":3.0},{"damage":0.0,"enemies":"Book of Stabbing","floor":23.0,"turns":4.0},{"damage":0.0,"enemies":"Centurion and Healer","floor":24.0,"turns":5.0},{"damage":0.0,"enemies":"Slavers","floor":25.0,"turns":5.0},{"damage":0.0,"enemies":"3 Cultists","floor":27.0,"turns":4.0},{"damage":0.0,"enemies":"Snake Plant","floor":30.0,"turns":3.0},{"damage":0.0,"enemies":"Gremlin Leader","floor":31.0,"turns":4.0},{"damage":0.0,"enemies":"Automaton","floor":33.0,"turns":11.0},{"damage":0.0,"enemies":"3 Darklings","floor":35.0,"turns":4.0},{"damage":0.0,"enemies":"Orb Walker","floor":37.0,"turns":4.0},{"damage":0.0,"enemies":"Transient","floor":38.0,"turns":5.0},{"damage":0.0,"enemies":"Giant Head","floor":40.0,"turns":7.0},{"damage":0,"enemies":"Reptomancer","floor":42,"turns":9},{"damage":0,"enemies":"Nemesis","floor":46,"turns":5},{"damage":0,"enemies":"Spire Growth","floor":48,"turns":3},{"damage":0,"enemies":"Awakened One","floor":50,"turns":10}],"seed_played":"-3228999356795684322","potions_obtained":[{"floor":7.0,"key":"SteroidPotion"},{"floor":10.0,"key":"Ancient Potion"},{"floor":14.0,"key":"Block Potion"},{"floor":31.0,"key":"Swift Potion"},{"floor":33.0,"key":"FearPotion"},{"floor":46,"key":"EntropicBrew"},{"floor":48,"key":"Energy Potion"}],"is_trial":false,"path_per_floor":["M","?","M","$","M","R","E","M","T","?","R","$","M","M","R","B",null,"M","?","T","M","$","E","M","E","T","M","R","T","M","E","R","B",null,"M","?","M","M","$","E","$","E","T","T","R","E","$","M","R","B",null],"character_chosen":"THE_SILENT","items_purchased":["Apotheosis","Well Laid Plans+1","Backflip","Footwork+1"],"campfire_rested":0,"item_purchase_floors":[12,39,39,47],"current_hp_per_floor":[63,56,54,54,54,54,31,31,31,21,21,21,11,11,11,11,63,63,63,63,62,62,62,62,62,62,62,62,62,62,62,62,62,63,63,63,63,63,63,63,63,63,63,63,63,63,63,63,63,63],"gold":80,"neow_bonus":"REMOVE_TWO","is_prod":false,"is_daily":false,"chose_seed":false,"campfire_upgraded":6,"win_rate":0,"timestamp":1542123784,"path_taken":["M","?","M","$","M","R","E","M","T","?","R","$","M","M","R","BOSS","M","?","?","M","$","E","M","E","T","M","R","?","?","E","R","BOSS","M","?","M","M","$","E","$","E","T","?","R","E","$","M","R","BOSS"],"build_version":"2018-11-08","purchased_purges":5,"victory":true,"max_hp_per_floor":[63,63,63,63,63,63,63,63,63,63,63,63,63,63,63,63,63,63,63,63,63,63,63,63,63,63,63,63,63,63,63,63,63,63,63,63,63,63,63,63,63,63,63,63,63,63,63,63,63,63],"card_choices":[{"not_picked":["Dagger Spray","Blade Dance"],"picked":"Deadly Poison","floor":1.0},{"not_picked":["Dagger Throw","Reflex"],"picked":"Deadly Poison","floor":3.0},{"not_picked":["Quick Slash","Dash"],"picked":"Backflip","floor":5.0},{"not_picked":["Dagger Spray","Sucker Punch","Accuracy"],"picked":"SKIP","floor":7.0},{"not_picked":["Cloak And Dagger","Infinite Blades","Deflect"],"picked":"SKIP","floor":8.0},{"not_picked":["Blade Dance","Dagger Spray"],"picked":"Burst","floor":13.0},{"not_picked":["Blade Dance","Reflex"],"picked":"Deadly Poison","floor":14.0},{"not_picked":["Doppelganger","Phantasmal Killer"],"picked":"Adrenaline","floor":16.0},{"not_picked":["PiercingWail","Slice","Prepared+1"],"picked":"SKIP","floor":18.0},{"not_picked":["Deflect","Quick Slash"],"picked":"Escape Plan+1","floor":21.0},{"not_picked":["Poisoned Stab+1","Cloak And Dagger","PiercingWail"],"picked":"SKIP","floor":23.0},{"not_picked":["Slice","Blade Dance+1","Dodge and Roll"],"picked":"SKIP","floor":24.0},{"not_picked":["Wraith Form v2","Outmaneuver+1"],"picked":"Escape Plan+1","floor":25.0},{"not_picked":["Poisoned Stab+1","Dodge and Roll+1"],"picked":"Escape Plan+1","floor":27.0},{"not_picked":["Acrobatics","Dagger Spray","Underhanded Strike+1"],"picked":"SKIP","floor":30.0},{"not_picked":["Blade Dance+1","Dodge and Roll","Prepared"],"picked":"SKIP","floor":31.0},{"not_picked":["Envenom+1","Die Die Die"],"picked":"Malaise","floor":33.0},{"not_picked":["Expertise","Skewer+1","Prepared+1"],"picked":"SKIP","floor":35.0},{"not_picked":["Eviscerate","Infinite Blades+1"],"picked":"Backflip+1","floor":37.0},{"not_picked":["Bane+1","Slice","Acrobatics+1"],"picked":"SKIP","floor":38.0},{"not_picked":["Quick Slash+1","Backstab","Finisher+1"],"picked":"SKIP","floor":40.0},{"not_picked":["Unload","Poisoned Stab"],"picked":"Catalyst","floor":42},{"not_picked":["Cloak And Dagger","Dagger Throw"],"picked":"Bouncing Flask+1","floor":46},{"not_picked":["Finisher+1","Dagger Throw","Bouncing Flask"],"picked":"SKIP","floor":48}],"player_experience":997473,"relics_obtained":[{"floor":7.0,"key":"Torii"},{"floor":9.0,"key":"Gremlin Horn"},{"floor":10.0,"key":"Tiny Chest"},{"floor":20.0,"key":"WingedGreaves"},{"floor":23.0,"key":"Darkstone Periapt"},{"floor":25.0,"key":"Vajra"},{"floor":26.0,"key":"Bottled Lightning"},{"floor":29.0,"key":"Frozen Egg 2"},{"floor":31.0,"key":"Pen Nib"},{"floor":40.0,"key":"Blue Candle"},{"floor":42,"key":"Letter Opener"},{"floor":43,"key":"Smiling Mask"},{"floor":44,"key":"Dream Catcher"},{"floor":46,"key":"Girya"}],"event_choices":[{"cards_removed":["Strike_G"],"damage_healed":0.0,"max_hp_gain":0.0,"max_hp_loss":0.0,"gold_gain":0.0,"event_name":"Golden Wing","player_choice":"Card Removal","floor":2.0,"gold_loss":0.0,"damage_taken":7.0},{"damage_healed":0.0,"max_hp_gain":0.0,"max_hp_loss":0.0,"gold_gain":0.0,"event_name":"Dead Adventurer","player_choice":"Searched \u00271\u0027 times","floor":10.0,"gold_loss":0.0,"damage_taken":0.0},{"damage_healed":0.0,"max_hp_gain":0.0,"max_hp_loss":0.0,"gold_gain":0.0,"event_name":"The Library","player_choice":"Read","floor":19.0,"gold_loss":0.0,"damage_taken":0.0,"cards_obtained":["Escape Plan"]},{"damage_healed":0.0,"max_hp_gain":0.0,"max_hp_loss":0.0,"gold_gain":0.0,"event_name":"Tomb of Lord Red Mask","player_choice":"Ignored","floor":36.0,"gold_loss":0.0,"damage_taken":0.0}],"is_beta":false,"boss_relics":[{"not_picked":["Tiny House","Cursed Key"],"picked":"Coffee Dripper"},{"not_picked":["Astrolabe","Snecko Eye"],"picked":"Ring of the Serpent"}],"items_purged_floors":[4,22,39,41,47],"is_endless":false,"potions_floor_spawned":[7,10,14,16,18,24,31,33,35,46,48],"ascension_level":0}