{"gold_per_floor":[109,184,109,109,120,147,147,160,160,160,175,188,188],"floor_reached":13,"playtime":325,"items_purged":[],"score":220,"play_id":"4b007040-dec3-469e-b42d-b4b7ae93ceb7","local_time":"20190704193043","is_ascension_mode":true,"campfire_choices":[{"data":"Neutralize","floor":7,"key":"SMITH"},{"data":"Catalyst","floor":10,"key":"SMITH"}],"neow_cost":"NONE","seed_source_timestamp":162300901651688,"circlet_count":0,"master_deck":["AscendersBane","Strike_G","Strike_G","Strike_G","Strike_G","Defend_G","Defend_G","Defend_G","Defend_G","Defend_G","Survivor","Neutralize+1","PiercingWail","Catalyst+1","Backstab","Backflip","Distraction"],"special_seed":0,"relics":["Ring of the Snake","NeowsBlessing","Incense Burner","Bird Faced Urn"],"potions_floor_usage":[4,6,11,13],"damage_taken":[{"damage":0.0,"enemies":"Small Slimes","floor":1.0,"turns":1.0},{"damage":0,"enemies":"Cultist","floor":5,"turns":1},{"damage":0,"enemies":"Gremlin Nob","floor":6,"turns":2},{"damage":0,"enemies":"2 Louse","floor":8,"turns":4},{"damage":0,"enemies":"Gremlin Gang","floor":11,"turns":6},{"damage":6,"enemies":"Large Slime","floor":12,"turns":11},{"damage":5,"enemies":"Lagavulin","floor":13,"turns":4}],"seed_played":"-6123633421657561709","potions_obtained":[{"floor":4,"key":"Fruit Juice"},{"floor":4,"key":"AttackPotion"},{"floor":5,"key":"PowerPotion"},{"floor":6,"key":"Fruit Juice"},{"floor":12,"key":"PowerPotion"}],"is_trial":false,"path_per_floor":["M","?","?","?","M","E","R","M","T","R","M","M","E"],"character_chosen":"THE_SILENT","items_purchased":[],"campfire_rested":0,"item_purchase_floors":[],"current_hp_per_floor":[59,48,48,53,53,58,58,58,58,58,58,52,49],"gold":188,"neow_bonus":"THREE_ENEMY_KILL","is_prod":false,"is_daily":false,"chose_seed":false,"campfire_upgraded":2,"win_rate":0,"timestamp":1562239843,"path_taken":["M","?","?","?","?","E","R","M","T","R","M","M","E"],"build_version":"2019-07-01","purchased_purges":0,"victory":false,"max_hp_per_floor":[66,66,66,71,71,76,76,76,76,76,76,76,76],"card_choices":[{"not_picked":["Quick Slash","Underhanded Strike","Dagger Throw"],"picked":"SKIP","floor":1},{"not_picked":["Reflex","Setup"],"picked":"PiercingWail","floor":5},{"not_picked":["Bullet Time","Concentrate"],"picked":"Catalyst","floor":6},{"not_picked":["PiercingWail","Outmaneuver"],"picked":"Backstab","floor":8},{"not_picked":["Backstab","Finisher"],"picked":"Backflip","floor":11},{"not_picked":["Blade Dance","Eviscerate"],"picked":"Distraction","floor":12}],"player_experience":1540068,"relics_obtained":[{"floor":6,"key":"Incense Burner"},{"floor":9,"key":"Bird Faced Urn"}],"event_choices":[{"damage_healed":0,"gold_gain":75,"player_choice":"Gather Gold","damage_taken":11,"max_hp_gain":0,"max_hp_loss":0,"event_name":"World of Goop","floor":2,"gold_loss":0},{"cards_removed":["Strike_G"],"damage_healed":0,"gold_gain":0,"player_choice":"Card Removal","damage_taken":0,"max_hp_gain":0,"max_hp_loss":0,"event_name":"The Cleric","floor":3,"gold_loss":75},{"damage_healed":0,"gold_gain":0,"player_choice":"Got Potions","damage_taken":0,"max_hp_gain":0,"max_hp_loss":0,"event_name":"Lab","floor":4,"gold_loss":0}],"is_beta":false,"boss_relics":[],"items_purged_floors":[],"is_endless":false,"potions_floor_spawned":[5,6,12],"killed_by":"Lagavulin","ascension_level":20}