{"gold_per_floor":[110,110,47,59,86,98,126,138,150,162,189,201,36,53,53,127,127,141,158,58,72,72,103,117,117,117,143,159,188,216,266,266,339,339,358,195,195,70,170,195,225,225,248,281,301,301,331,606,606,606,606,606,606,68,97,97],"floor_reached":57,"playtime":3328,"items_purged":["Defend_G","Survivor","Normality","Regret"],"score":4078,"play_id":"ad84e135-a88a-491d-b709-b050c3b9d3dc","local_time":"20181124203914","is_ascension_mode":true,"campfire_choices":[{"data":"Strike_G","floor":6.0,"key":"PURGE"},{"data":"Defend_G","floor":8.0,"key":"PURGE"},{"data":"Strike_G","floor":10.0,"key":"PURGE"},{"data":"Strike_G","floor":15.0,"key":"PURGE"},{"data":"Dodge and Roll","floor":25.0,"key":"PURGE"},{"data":"Acrobatics","floor":32.0,"key":"PURGE"},{"data":"1","floor":42,"key":"LIFT"},{"floor":49,"key":"RECALL"},{"data":"Finesse","floor":53,"key":"SMITH"}],"neow_cost":"TEN_PERCENT_HP_LOSS","seed_source_timestamp":983431760310,"circlet_count":0,"master_deck":["AscendersBane","Neutralize","Well Laid Plans","Backflip+1","Heel Hook","Finesse+1","Adrenaline+1","Dash","Shame","Doubt","Parasite","Writhe"],"special_seed":0,"relics":["Ring of the Snake","Peace Pipe","MawBank","Pandora\u0027s Box","Blue Candle","Dodecahedron","Strawberry","Bag of Preparation","WingedGreaves","Frozen Egg 2","Calling Bell","Dream Catcher","Sundial","Girya","Blood Vial","Turnip","War Paint","Torii","Bronze Scales","The Specimen","Pen Nib","Toxic Egg 2","TheAbacus","Oddly Smooth Stone","Ancient Tea Set"],"potions_floor_usage":[56],"damage_taken":[{"damage":7.0,"enemies":"Cultist","floor":1.0,"turns":5.0},{"damage":0.0,"enemies":"Jaw Worm","floor":5.0,"turns":6.0},{"damage":0.0,"enemies":"Small Slimes","floor":7.0,"turns":6.0},{"damage":4.0,"enemies":"Exordium Thugs","floor":11.0,"turns":8.0},{"damage":0.0,"enemies":"Looter","floor":14.0,"turns":3.0},{"damage":0.0,"enemies":"Hexaghost","floor":16.0,"turns":2.0},{"damage":0.0,"enemies":"3 Byrds","floor":18.0,"turns":2.0},{"damage":0.0,"enemies":"Chosen","floor":19.0,"turns":1.0},{"damage":10.0,"enemies":"Snake Plant","floor":21.0,"turns":4.0},{"damage":0.0,"enemies":"Gremlin Leader","floor":23.0,"turns":1.0},{"damage":0.0,"enemies":"Cultist and Chosen","floor":24.0,"turns":1.0},{"damage":0.0,"enemies":"Slavers","floor":27.0,"turns":1.0},{"damage":0.0,"enemies":"Chosen and Byrds","floor":28.0,"turns":1.0},{"damage":0.0,"enemies":"Gremlin Leader","floor":29.0,"turns":1.0},{"damage":0.0,"enemies":"Slavers","floor":30.0,"turns":1.0},{"damage":0.0,"enemies":"Champ","floor":33.0,"turns":1.0},{"damage":1,"enemies":"Orb Walker","floor":35,"turns":1},{"damage":0,"enemies":"Mind Bloom Boss Battle","floor":39,"turns":1},{"damage":0,"enemies":"Giant Head","floor":40,"turns":1},{"damage":0,"enemies":"Reptomancer","floor":41,"turns":1},{"damage":0,"enemies":"Nemesis","floor":44,"turns":1},{"damage":0,"enemies":"3 Shapes","floor":45,"turns":1},{"damage":0,"enemies":"Giant Head","floor":47,"turns":1},{"damage":1,"enemies":"Donu and Deca","floor":50,"turns":1},{"damage":2,"enemies":"Awakened One","floor":51,"turns":2},{"damage":0,"enemies":"Shield and Spear","floor":55,"turns":2},{"damage":44,"enemies":"The Heart","floor":56,"turns":5}],"seed_played":"8802773926657853405","potions_obtained":[{"floor":1.0,"key":"Block Potion"},{"floor":11.0,"key":"Explosive Potion"},{"floor":47,"key":"SteroidPotion"}],"is_trial":false,"path_per_floor":["M","T","?","$","M","R","M","R","T","R","M","?","$","M","R","B",null,"M","M","$","M","?","E","M","R","T","E","M","E","E","?","R","B",null,"M","$","?","$","?","E","E","R","T","E","M","T","E","?","R","B","B",null,"R","$","E","B",null],"character_chosen":"THE_SILENT","items_purchased":["Finesse","Blood Vial","TheAbacus","Oddly Smooth Stone"],"campfire_rested":0,"item_purchase_floors":[13,36,54,54],"current_hp_per_floor":[52,52,52,52,52,52,52,52,52,52,48,48,48,48,48,48,57,57,57,57,47,47,47,47,47,54,54,54,54,54,54,54,54,64,63,63,67,67,67,67,67,67,67,67,67,67,67,67,67,66,65,67,67,67,67,23],"gold":97,"neow_bonus":"ONE_RARE_RELIC","is_prod":false,"is_daily":false,"chose_seed":true,"campfire_upgraded":1,"win_rate":0,"timestamp":1543063154,"path_taken":["M","?","?","$","M","R","?","R","T","R","M","?","$","?","R","BOSS","M","M","$","M","?","E","M","R","T","E","M","E","E","?","R","BOSS","M","$","?","$","?","E","E","R","T","E","M","?","E","?","R","BOSS","BOSS","R","$","E","BOSS"],"build_version":"2018-11-15","purchased_purges":4,"victory":true,"max_hp_per_floor":[60,60,60,60,60,60,60,60,60,60,60,60,60,60,60,60,60,60,60,60,60,60,60,60,60,67,67,67,67,67,67,67,67,67,67,67,67,67,67,67,67,67,67,67,67,67,67,67,67,67,67,67,67,67,67,67],"card_choices":[{"not_picked":["Underhanded Strike","Cloak And Dagger"],"picked":"Well Laid Plans","floor":1.0},{"not_picked":["Accuracy","Distraction"],"picked":"Backflip","floor":5.0},{"not_picked":["Bane","Dagger Throw","Backflip"],"picked":"SKIP","floor":7.0},{"not_picked":["Backflip","Prepared"],"picked":"Heel Hook","floor":11.0},{"not_picked":["Underhanded Strike","Prepared","Dash"],"picked":"SKIP","floor":14.0},{"not_picked":["Bullet Time","Burst"],"picked":"Adrenaline","floor":16.0},{"not_picked":["Sucker Punch","Dagger Spray","Slice"],"picked":"SKIP","floor":18.0},{"not_picked":["PiercingWail","Dagger Spray","Eviscerate"],"picked":"SKIP","floor":19.0},{"not_picked":["Deflect","Accuracy","Dagger Throw"],"picked":"SKIP","floor":21.0},{"not_picked":["Dagger Spray","Acrobatics","Underhanded Strike+1"],"picked":"SKIP","floor":23.0},{"not_picked":["Slice","Infinite Blades","Flying Knee+1"],"picked":"SKIP","floor":24.0},{"not_picked":["Bane+1","Footwork","Poisoned Stab"],"picked":"SKIP","floor":27.0},{"not_picked":["Prepared","Backstab+1","Slice"],"picked":"SKIP","floor":28.0},{"not_picked":["Deflect","Reflex","Outmaneuver"],"picked":"SKIP","floor":29.0},{"not_picked":["Storm of Steel","Dagger Throw","Backstab"],"picked":"SKIP","floor":30.0},{"not_picked":["Quick Slash","Blade Dance","Predator"],"picked":"SKIP","floor":35},{"not_picked":["Crippling Poison+1","Outmaneuver","Blade Dance"],"picked":"SKIP","floor":40},{"not_picked":["Blade Dance","Storm of Steel","Skewer"],"picked":"SKIP","floor":41},{"not_picked":["Blade Dance","Storm of Steel","Skewer"],"picked":"SKIP","floor":41},{"not_picked":["Backflip","Cloak And Dagger","Accuracy+1"],"picked":"SKIP","floor":44},{"not_picked":["Dagger Spray+1","Acrobatics+1","Deflect"],"picked":"SKIP","floor":45},{"not_picked":["Prepared","Outmaneuver","Bane"],"picked":"SKIP","floor":47},{"not_picked":["Bane+1","Flying Knee","Prepared+1"],"picked":"SKIP","floor":55},{"not_picked":["Bane+1","Flying Knee","Prepared+1"],"picked":"SKIP","floor":55}],"player_experience":1150112,"relics_obtained":[{"floor":2.0,"key":"MawBank"},{"floor":23.0,"key":"Dodecahedron"},{"floor":26.0,"key":"Strawberry"},{"floor":27.0,"key":"Bag of Preparation"},{"floor":29.0,"key":"WingedGreaves"},{"floor":30.0,"key":"Frozen Egg 2"},{"floor":34.0,"key":"Dream Catcher"},{"floor":34.0,"key":"Sundial"},{"floor":34.0,"key":"Girya"},{"floor":39,"key":"Turnip"},{"floor":40,"key":"War Paint"},{"floor":41,"key":"Torii"},{"floor":43,"key":"Bronze Scales"},{"floor":44,"key":"The Specimen"},{"floor":46,"key":"Pen Nib"},{"floor":47,"key":"Toxic Egg 2"},{"floor":55,"key":"Ancient Tea Set"}],"event_choices":[{"cards_removed":["Strike_G"],"damage_healed":0.0,"max_hp_gain":0.0,"max_hp_loss":0.0,"gold_gain":0.0,"event_name":"The Cleric","player_choice":"Card Removal","floor":3.0,"gold_loss":75.0,"damage_taken":0.0},{"cards_removed":["Strike_G"],"damage_healed":0.0,"max_hp_gain":0.0,"max_hp_loss":0.0,"gold_gain":0.0,"event_name":"Bonfire Elementals","player_choice":"Offered Basic","floor":12.0,"gold_loss":0.0,"damage_taken":0.0},{"damage_healed":0.0,"max_hp_gain":0.0,"max_hp_loss":0.0,"gold_gain":0.0,"event_name":"Addict","player_choice":"Stole Relic","floor":22.0,"gold_loss":0.0,"damage_taken":0.0,"relics_obtained":["Blue Candle"],"cards_obtained":["Shame"]},{"damage_healed":0.0,"max_hp_gain":0.0,"max_hp_loss":0.0,"gold_gain":50.0,"event_name":"Nest","player_choice":"Stole From Cult","floor":31.0,"gold_loss":0.0,"damage_taken":0.0},{"damage_healed":13,"gold_gain":0,"player_choice":"Writhe","damage_taken":0,"max_hp_gain":0,"max_hp_loss":0,"event_name":"Winding Halls","floor":37,"gold_loss":0,"cards_obtained":["Writhe"]},{"damage_healed":0,"gold_gain":0,"player_choice":"Fight","damage_taken":0,"max_hp_gain":0,"max_hp_loss":0,"event_name":"MindBloom","floor":39,"gold_loss":0},{"damage_healed":0,"gold_gain":275,"player_choice":"Desecrate","damage_taken":0,"max_hp_gain":0,"max_hp_loss":0,"event_name":"Golden Shrine","floor":48,"gold_loss":0,"cards_obtained":["Regret"]}],"is_beta":true,"boss_relics":[{"not_picked":["Ectoplasm","WristBlade"],"picked":"Pandora\u0027s Box"},{"not_picked":["Astrolabe","Runic Dome"],"picked":"Calling Bell"}],"items_purged_floors":[13,20,38,54],"is_endless":false,"potions_floor_spawned":[1,11,14,18,23,29,30,44,45,47,55],"ascension_level":20}