{"gold_per_floor":[119,146,166,180,180,207,207,207,207,207,207,207,231,57,57,182,182,205,236,236,236,236,236,247,17,68,180,224,236,274,296,308,417,429,460,206,222,237,123,123],"floor_reached":40,"playtime":2611,"items_purged":["Injury","Strike_R"],"score":425,"play_id":"32ec40a0-0f03-4e7d-b646-b1781986251b","local_time":"20190710233116","is_ascension_mode":false,"campfire_choices":[{"data":"Brutality","floor":7,"key":"SMITH"},{"floor":15,"key":"REST"},{"floor":23,"key":"REST"},{"floor":29,"key":"REST"},{"data":"Dual Wield","floor":32,"key":"SMITH"}],"neow_cost":"NONE","seed_source_timestamp":74062866930931,"circlet_count":0,"master_deck":["Strike_R","Strike_R+1","Strike_R","Strike_R","Defend_R+1","Defend_R","Defend_R+1","Defend_R+1","Bash","Brutality+1","Blood for Blood","Armaments","Blood for Blood","Iron Wave","Infernal Blade","Rupture","Impervious","Twin Strike","Anger","Twin Strike+1","Dual Wield+1","Iron Wave","Limit Break","Inflame","Swift Strike","Sword Boomerang","Seeing Red+1","Blood for Blood","Hemokinesis"],"relics":["Burning Blood","Blood Vial","Centennial Puzzle","Anchor","War Paint","Bloody Idol","Oddly Smooth Stone","Black Star","Red Mask","Vajra","Mercury Hourglass","Lantern","MawBank","Calipers","Question Card","Red Skull","Letter Opener","Ancient Tea Set","Runic Cube"],"potions_floor_usage":[6,6,16,16,19,19,31,37],"damage_taken":[{"damage":6,"enemies":"Cultist","floor":1,"turns":5},{"damage":14,"enemies":"2 Louse","floor":3,"turns":3},{"damage":7,"enemies":"Small Slimes","floor":4,"turns":5},{"damage":19,"enemies":"3 Sentries","floor":6,"turns":4},{"damage":4,"enemies":"3 Louse","floor":13,"turns":4},{"damage":38,"enemies":"Slime Boss","floor":16,"turns":7},{"damage":10,"enemies":"Shell Parasite","floor":18,"turns":6},{"damage":68,"enemies":"Masked Bandits","floor":19,"turns":6},{"damage":16,"enemies":"2 Thieves","floor":24,"turns":3},{"damage":7,"enemies":"Colosseum Slavers","floor":27,"turns":5},{"damage":33,"enemies":"Colosseum Nobs","floor":27,"turns":5},{"damage":30,"enemies":"Book of Stabbing","floor":28,"turns":5},{"damage":10,"enemies":"Snecko","floor":31,"turns":4},{"damage":48,"enemies":"Champ","floor":33,"turns":10},{"damage":3,"enemies":"3 Shapes","floor":35,"turns":4},{"damage":41,"enemies":"3 Darklings","floor":37,"turns":5},{"damage":31,"enemies":"Spire Growth","floor":38,"turns":5},{"damage":35,"enemies":"Reptomancer","floor":40,"turns":3}],"seed_played":"-7994494815813395128","potions_obtained":[{"floor":1,"key":"PowerPotion"},{"floor":4,"key":"Weak Potion"},{"floor":16,"key":"SkillPotion"},{"floor":18,"key":"Regen Potion"},{"floor":19,"key":"Swift Potion"},{"floor":28,"key":"Regen Potion"},{"floor":33,"key":"Energy Potion"}],"is_trial":false,"path_per_floor":["M","T","M","M","?","E","R","?","T","?","T","?","M","$","R","B",null,"M","?","?","?","?","R","M","$","T","?","E","R","T","M","R","B",null,"M","$","M","M","$","E"],"character_chosen":"IRONCLAD","items_purchased":["Rupture","SkillPotion","Block Potion","Lantern","Inflame","Swift Strike","Blood for Blood","Hemokinesis"],"campfire_rested":3,"item_purchase_floors":[14,14,14,25,36,36,39,39],"current_hp_per_floor":[80,80,72,73,57,46,46,21,21,21,21,21,25,25,49,19,80,76,25,25,25,25,49,51,51,56,42,30,59,69,80,80,43,80,80,80,50,32,32,0],"gold":123,"neow_bonus":"ONE_RANDOM_RARE_CARD","is_prod":false,"is_daily":false,"chose_seed":false,"campfire_upgraded":2,"win_rate":0.0,"timestamp":1562790676,"path_taken":["M","?","M","M","?","E","R","?","T","?","?","?","M","?","R","BOSS","M","?","?","?","?","R","?","$","T","?","E","R","?","?","R","BOSS","M","$","M","?","$","E"],"build_version":"2019-07-05","purchased_purges":2,"victory":false,"max_hp_per_floor":[80,80,80,80,80,80,80,80,80,80,80,80,80,80,80,80,80,80,80,80,80,80,80,80,80,80,80,80,80,80,80,80,80,80,80,80,80,80,80,80],"card_choices":[{"not_picked":["Rampage","Clothesline"],"picked":"Blood for Blood","floor":1},{"not_picked":["Perfected Strike","Flame Barrier"],"picked":"Armaments","floor":3},{"not_picked":["Inflame","Corruption"],"picked":"Blood for Blood","floor":4},{"not_picked":["Flame Barrier","Uppercut"],"picked":"Iron Wave","floor":6},{"not_picked":["Thunderclap","Inflame"],"picked":"Infernal Blade","floor":13},{"not_picked":["Fiend Fire","Double Tap"],"picked":"Impervious","floor":16},{"not_picked":["Cleave","Second Wind"],"picked":"Twin Strike","floor":18},{"not_picked":["Twin Strike","Cleave"],"picked":"Anger","floor":19},{"not_picked":["Second Wind","Headbutt","Clash"],"picked":"SKIP","floor":24},{"not_picked":["Warcry","Cleave"],"picked":"Twin Strike+1","floor":27},{"not_picked":["Infernal Blade","Hemokinesis","Clothesline"],"picked":"Dual Wield","floor":28},{"not_picked":["Dark Embrace","Clash","Perfected Strike"],"picked":"Iron Wave","floor":31},{"not_picked":["Offering","Berserk","Feed"],"picked":"Limit Break","floor":33},{"not_picked":["Headbutt","Entrench+1","Ghostly Armor","Combust"],"picked":"SKIP","floor":35},{"not_picked":["Headbutt+1","Entrench+1","Flex"],"picked":"Sword Boomerang","floor":37},{"not_picked":["Warcry","Body Slam+1","Perfected Strike+1"],"picked":"Seeing Red+1","floor":38}],"player_experience":56923,"relics_obtained":[{"floor":2,"key":"Blood Vial"},{"floor":6,"key":"Centennial Puzzle"},{"floor":9,"key":"War Paint"},{"floor":11,"key":"Oddly Smooth Stone"},{"floor":19,"key":"Red Mask"},{"floor":26,"key":"MawBank"},{"floor":27,"key":"Calipers"},{"floor":27,"key":"Question Card"},{"floor":28,"key":"Red Skull"},{"floor":28,"key":"Letter Opener"},{"floor":30,"key":"Ancient Tea Set"}],"event_choices":[{"damage_healed":0,"gold_gain":0,"player_choice":"Entered Light","damage_taken":16,"max_hp_gain":0,"max_hp_loss":0,"event_name":"Shining Light","floor":5,"gold_loss":0,"cards_upgraded":["Strike_R","Defend_R"]},{"damage_healed":0,"gold_gain":0,"player_choice":"Success","damage_taken":25,"relics_obtained":["Anchor"],"max_hp_gain":0,"max_hp_loss":0,"event_name":"Scrap Ooze","floor":8,"gold_loss":0},{"damage_healed":0,"gold_gain":0,"player_choice":"Take Wound","damage_taken":0,"relics_obtained":["Golden Idol"],"max_hp_gain":0,"max_hp_loss":0,"event_name":"Golden Idol","floor":10,"gold_loss":0,"cards_obtained":["Injury"]},{"damage_healed":0,"gold_gain":0,"player_choice":"Ignored","damage_taken":0,"max_hp_gain":0,"max_hp_loss":0,"event_name":"Liars Game","floor":12,"gold_loss":0},{"damage_healed":0,"gold_gain":0,"player_choice":"Fought Bandits","damage_taken":0,"max_hp_gain":0,"max_hp_loss":0,"event_name":"Masked Bandits","floor":19,"gold_loss":0},{"damage_healed":0,"gold_gain":0,"player_choice":"Opened","damage_taken":0,"relics_obtained":["Vajra"],"max_hp_gain":0,"max_hp_loss":0,"event_name":"The Mausoleum","floor":20,"gold_loss":0},{"damage_healed":0,"gold_gain":0,"player_choice":"Gave Idol","damage_taken":0,"relics_obtained":["Bloody Idol"],"max_hp_gain":0,"max_hp_loss":0,"event_name":"Forgotten Altar","floor":21,"relics_lost":["Golden Idol"],"gold_loss":0},{"damage_healed":0,"gold_gain":0,"player_choice":"Gave Potion","damage_taken":0,"relics_obtained":["Mercury Hourglass"],"max_hp_gain":0,"max_hp_loss":0,"event_name":"WeMeetAgain","floor":22,"gold_loss":0},{"damage_healed":0,"gold_gain":0,"player_choice":"Fight","damage_taken":0,"max_hp_gain":0,"max_hp_loss":0,"event_name":"Colosseum","floor":27,"gold_loss":0},{"damage_healed":0,"gold_gain":0,"player_choice":"Fought Nobs","damage_taken":0,"max_hp_gain":0,"max_hp_loss":0,"event_name":"Colosseum","floor":27,"gold_loss":0}],"is_beta":false,"boss_relics":[{"not_picked":["Tiny House","Empty Cage"],"picked":"Black Star"},{"not_picked":["Fusion Hammer","Snecko Eye"],"picked":"Runic Cube"}],"items_purged_floors":[25,36],"is_endless":false,"potions_floor_spawned":[1,4,16,18,19,28,33],"killed_by":"Reptomancer","ascension_level":0}