{"path_per_floor":["M","?","$","M","M","E","M","R","T","R","M","E","M","M","R","B",null,"M","M","?","?","?","R","E","R","T","E","?","?","E","T","R","B",null,"M","?","?","M","?","R","E","M","T","$","E","R","?","$","R","B"],"character_chosen":"DEFECT","items_purchased":["Leap"],"gold_per_floor":[114,64,41,56,71,101,116,116,141,141,156,186,201,216,216,316,316,331,346,346,346,346,346,376,376,401,431,456,456,486,536,536,636,636,651,651,651,666,888,888,918,933,933,883,913,913,913,913,913,913],"floor_reached":51,"campfire_rested":0,"playtime":1869,"current_hp_per_floor":[75,75,75,75,75,67,56,56,62,62,61,58,57,56,56,51,105,89,86,86,86,86,86,65,65,78,75,74,74,72,78,78,105,130,130,130,125,125,125,125,125,125,141,141,141,141,122,122,122,82],"items_purged":["Defend_B"],"gold":913,"score":1169,"play_id":"34d3218d-99f1-4b79-bf68-75195f0fa7eb","local_time":"20180515095737","daily_mods":["Heirloom","Cursed Run","Vintage"],"is_prod":false,"is_daily":true,"chose_seed":false,"is_ascension_mode":false,"campfire_upgraded":5,"timestamp":1526349457,"path_taken":["M","?","$","M","?","E","M","R","T","R","M","E","M","M","R","BOSS","M","?","?","?","?","R","E","R","T","E","?","?","E","?","R","BOSS","M","?","?","?","?","R","E","M","T","?","E","R","?","$","R","BOSS"],"build_version":"2018-05-12v2","seed_source_timestamp":0,"purchased_purges":2,"victory":true,"master_deck":["Zap+1","Dualcast+1","Leap","Axe Kick+1","Pain","Regret","Echo Form+1","Clumsy","Normality","Decay","Ball Lightning+1","Streamline+1","Injury","Hologram+1","Sweeping Beam+1","Rebound+1","Clumsy","Parasite","Reboot+1","Multi-Cast+1","Deep Breath+1","Trip+1","Parasite","Madness+1","Madness+1","Parasite"],"max_hp_per_floor":[75,75,75,75,75,75,75,75,81,81,81,81,81,81,81,87,105,105,105,105,105,105,105,105,105,118,118,118,118,118,124,124,130,130,130,130,130,130,130,130,132,132,148,148,150,150,150,150,150,156],"relics":["Cursed Key","Darkstone Periapt","Du-Vu Doll","Ice Cream","Bronze Scales","Blue Candle","Orichalcum","Dodecahedron","Dead Branch","Oddly Smooth Stone","Pen Nib","Bag of Marbles","Mummified Hand","Singing Bowl","Smiling Mask","Regal Pillow","Toxic Egg 2","Peace Pipe","Molten Egg 2","Potion Belt","Nloth\u0027s Gift","Shuriken","Thread and Needle","Strawberry","Pantograph","Red Mask","Blood Vial","Bag of Preparation","War Paint","Astrolabe","Frozen Egg 2","Anchor","Calipers","Pear","Happy Flower"],"card_choices":[{"not_picked":["Chill","Leap"],"picked":"Axe Kick","floor":6},{"not_picked":["Steam","Glacier"],"picked":"Ball Lightning","floor":12},{"not_picked":["Fusion","Biased Cognition"],"picked":"Echo Form","floor":16},{"not_picked":["Go for the Eyes+1","Cold Snap+1"],"picked":"Streamline+1","floor":24},{"not_picked":["Ball Lightning+1","Leap+1"],"picked":"Hologram+1","floor":27},{"not_picked":["Sunder+1","Consume+1"],"picked":"Sweeping Beam+1","floor":28},{"not_picked":["Leap+1","Amplify+1"],"picked":"Rebound+1","floor":30},{"not_picked":["Thunder Strike+1","Rainbow+1"],"picked":"Reboot+1","floor":33},{"not_picked":["Flash of Steel","Finesse"],"picked":"Deep Breath","floor":37},{"not_picked":["Finesse","Deep Breath"],"picked":"Trip","floor":37},{"not_picked":["Sweeping Beam+1","Reinforced Body+1","Rebound+1"],"picked":"Singing Bowl","floor":41},{"not_picked":["Go for the Eyes+1","Coolheaded+1","Stack+1"],"picked":"Singing Bowl","floor":45}],"player_experience":472549,"potions_floor_usage":[6,6,12,16,16,24,41,50,50,50,50,50,50],"damage_taken":[{"damage":0,"enemies":"2 Louse","floor":1,"turns":2},{"damage":0,"enemies":"Small Slimes","floor":4,"turns":3},{"damage":0,"enemies":"Jaw Worm","floor":5,"turns":2},{"damage":8,"enemies":"Gremlin Nob","floor":6,"turns":4},{"damage":11,"enemies":"Gremlin Gang","floor":7,"turns":3},{"damage":1,"enemies":"3 Louse","floor":11,"turns":2},{"damage":3,"enemies":"3 Sentries","floor":12,"turns":5},{"damage":1,"enemies":"Lots of Slimes","floor":13,"turns":2},{"damage":1,"enemies":"Looter","floor":14,"turns":2},{"damage":11,"enemies":"Hexaghost","floor":16,"turns":6},{"damage":16,"enemies":"2 Thieves","floor":18,"turns":4},{"damage":3,"enemies":"Chosen","floor":19,"turns":4},{"damage":21,"enemies":"Gremlin Leader","floor":24,"turns":4},{"damage":3,"enemies":"Slavers","floor":27,"turns":3},{"damage":1,"enemies":"√…√Ê«øµ¡","floor":28,"turns":3},{"damage":2,"enemies":"Gremlin Leader","floor":30,"turns":3},{"damage":6,"enemies":"Collector","floor":33,"turns":6},{"damage":0,"enemies":"3 Darklings","floor":35,"turns":3},{"damage":2,"enemies":"Orb Walker","floor":38,"turns":1},{"damage":4,"enemies":"Giant Head","floor":41,"turns":4},{"damage":23,"enemies":"Spire Growth","floor":42,"turns":3},{"damage":4,"enemies":"2 Orb Walkers","floor":45,"turns":3},{"damage":73,"enemies":"Awakened One","floor":50,"turns":8}],"event_choices":[{"event_name":"The Cleric","player_choice":"Card Removal","floor":2,"damage_taken":0},{"event_name":"N\u0027loth","player_choice":"Traded a Calling Bell","floor":20,"damage_taken":0},{"event_name":"Transmorgrifier","player_choice":"Transform","floor":21,"damage_taken":0},{"event_name":"Accursed Blacksmith","player_choice":"Rummage","floor":22,"damage_taken":0},{"event_name":"Masked Bandits","player_choice":"Fought over 431 gold","floor":28,"damage_taken":0},{"event_name":"Vampires","player_choice":"Ignored","floor":29,"damage_taken":0},{"event_name":"SensoryStone","player_choice":"Memory 2","floor":37,"damage_taken":0},{"event_name":"Tomb of Lord Red Mask","player_choice":"Wore Mask","floor":39,"damage_taken":0},{"event_name":"Winding Halls","player_choice":"Embrace Madness","floor":47,"damage_taken":0}],"boss_relics":[{"not_picked":["Snecko Eye","Runic Pyramid"],"picked":"Calling Bell"},{"not_picked":["Orrery","Nuclear Battery"],"picked":"Astrolabe"}],"potions_floor_spawned":[1,5,7,12,14,18,27,28,33,35,38,45],"seed_played":"-7038820787724177597","ascension_level":0,"is_trial":false}