{"gold_per_floor":[112,23,34,34,53,53,88,88,88,115,144,144,66,66,66,66],"floor_reached":16,"playtime":308,"items_purged":[],"score":212,"play_id":"e9bb8ebb-f64c-4f5e-804b-05b2fcb6e5fb","local_time":"20190221151004","is_ascension_mode":true,"campfire_choices":[{"data":"Defragment","floor":6.0,"key":"SMITH"},{"data":"Blizzard","floor":8.0,"key":"SMITH"},{"data":"Dualcast","floor":15,"key":"SMITH"}],"neow_cost":"NONE","seed_source_timestamp":328536254187028,"circlet_count":0,"master_deck":["AscendersBane","Strike_B","Strike_B","Strike_B","Strike_B","Defend_B","Defend_B","Defend_B","Defend_B","Zap","Dualcast+1","Coolheaded","Blizzard+1","Defragment+1","Glacier","Skim","Stack","Recycle"],"special_seed":0,"relics":["Cracked Core","NeowsBlessing","Ornamental Fan","Odd Mushroom","Ancient Tea Set","Golden Idol"],"potions_floor_usage":[11,11],"damage_taken":[{"damage":0.0,"enemies":"Jaw Worm","floor":1.0,"turns":1.0},{"damage":0.0,"enemies":"Small Slimes","floor":3.0,"turns":1.0},{"damage":0.0,"enemies":"2 Louse","floor":5.0,"turns":1.0},{"damage":27.0,"enemies":"Gremlin Nob","floor":7.0,"turns":5.0},{"damage":33.0,"enemies":"The Mushroom Lair","floor":10.0,"turns":4.0},{"damage":1,"enemies":"3 Sentries","floor":11,"turns":9},{"damage":20,"enemies":"Slime Boss","floor":16,"turns":3}],"seed_played":"-8775238680489600753","potions_obtained":[{"floor":1.0,"key":"GamblersBrew"},{"floor":10.0,"key":"Block Potion"}],"is_trial":false,"path_per_floor":["M","$","M","?","M","R","E","R","T","?","E","?","$","?","R","B"],"character_chosen":"DEFECT","items_purchased":["Blizzard","Recycle"],"campfire_rested":0,"item_purchase_floors":[2,13],"current_hp_per_floor":[64,64,64,64,64,64,37,37,37,4,3,3,3,3,3,0],"gold":66,"neow_bonus":"THREE_ENEMY_KILL","is_prod":false,"is_daily":false,"chose_seed":false,"campfire_upgraded":3,"win_rate":0,"timestamp":1550733004,"path_taken":["M","$","M","?","M","R","E","R","T","?","E","?","$","?","R","BOSS"],"build_version":"2019-01-23","purchased_purges":0,"victory":false,"max_hp_per_floor":[71,71,71,71,71,71,71,71,71,71,71,64,64,64,64,64],"card_choices":[{"not_picked":["Chill","Redo"],"picked":"Coolheaded","floor":1.0},{"not_picked":["Leap","Skim"],"picked":"Defragment","floor":3.0},{"not_picked":["Capacitor","Gash"],"picked":"Glacier","floor":5.0},{"not_picked":["Stack","Auto Shields"],"picked":"Skim","floor":7.0},{"not_picked":["Static Discharge","Sunder"],"picked":"Stack","floor":10.0},{"not_picked":["Redo","Force Field","Conserve Battery"],"picked":"SKIP","floor":11}],"player_experience":879724,"relics_obtained":[{"floor":7.0,"key":"Ornamental Fan"},{"floor":10.0,"key":"Odd Mushroom"},{"floor":11,"key":"Ancient Tea Set"}],"event_choices":[{"damage_healed":0.0,"max_hp_gain":0.0,"max_hp_loss":0.0,"gold_gain":0.0,"event_name":"Liars Game","player_choice":"Ignored","floor":4.0,"gold_loss":0.0,"damage_taken":0.0},{"damage_healed":0.0,"max_hp_gain":0.0,"max_hp_loss":0.0,"gold_gain":0.0,"event_name":"Mushrooms","player_choice":"Fought Mushrooms","floor":10.0,"gold_loss":0.0,"damage_taken":0.0},{"damage_healed":0,"gold_gain":0,"player_choice":"Lose Max HP","damage_taken":0,"relics_obtained":["Golden Idol"],"max_hp_gain":0,"max_hp_loss":7,"event_name":"Golden Idol","floor":12,"gold_loss":0},{"damage_healed":0,"gold_gain":0,"player_choice":"Ignored","damage_taken":0,"max_hp_gain":0,"max_hp_loss":0,"event_name":"Shining Light","floor":14,"gold_loss":0}],"is_beta":false,"boss_relics":[],"items_purged_floors":[],"is_endless":false,"potions_floor_spawned":[1,10],"killed_by":"Slime Boss","ascension_level":20}