{"gold_per_floor":[110,110,110,129,211,211,17,42,93,93,143,143,154,171,171,245,245,260,260,260,70,86,121,121,131,158,158,158,158,170,198,198,272,272,289,339,356,372,386,386,261,273,273,123,148,148,159,169,169,169,169,169,169,0,29,29],"floor_reached":57,"playtime":2183,"items_purged":["Strike_G","Defend_G","Survivor","Strike_G+1"],"score":2850,"play_id":"d0e7b7d7-fcc6-4294-a590-ca722a903673","local_time":"20190716231617","is_ascension_mode":true,"campfire_choices":[{"floor":6.0,"key":"REST"},{"floor":10.0,"key":"REST"},{"data":"Catalyst","floor":12.0,"key":"SMITH"},{"data":"Grand Finale","floor":15.0,"key":"SMITH"},{"data":"Acrobatics","floor":24.0,"key":"SMITH"},{"data":"Acrobatics","floor":27.0,"key":"SMITH"},{"data":"Well Laid Plans","floor":29.0,"key":"SMITH"},{"data":"Doppelganger","floor":32.0,"key":"SMITH"},{"data":"Night Terror","floor":40.0,"key":"SMITH"},{"floor":46.0,"key":"RECALL"},{"data":"Footwork","floor":49.0,"key":"SMITH"},{"data":"1","floor":53,"key":"LIFT"}],"neow_cost":"PERCENT_DAMAGE","seed_source_timestamp":16145985805471,"circlet_count":0,"master_deck":["AscendersBane","Defend_G","Neutralize+1","Deadly Poison+1","Catalyst+1","Grand Finale+1","After Image","Acrobatics+1","Acrobatics+1","Footwork+1","Doppelganger+1","Well Laid Plans+1","Night Terror+1","Adrenaline","After Image"],"special_seed":0,"relics":["Ring of the Snake","Girya","Pantograph","Singing Bowl","Happy Flower","Orrery","Sundial","Red Mask","Empty Cage","Molten Egg 2","Vajra","Bronze Scales","Anchor"],"potions_floor_usage":[56,56],"damage_taken":[{"damage":0.0,"enemies":"2 Louse","floor":1.0,"turns":4.0},{"damage":3.0,"enemies":"Small Slimes","floor":4.0,"turns":5.0},{"damage":35.0,"enemies":"3 Sentries","floor":8.0,"turns":14.0},{"damage":0.0,"enemies":"Cultist","floor":13.0,"turns":4.0},{"damage":11.0,"enemies":"Exordium Wildlife","floor":14.0,"turns":6.0},{"damage":15.0,"enemies":"The Guardian","floor":16.0,"turns":11.0},{"damage":8.0,"enemies":"Spheric Guardian","floor":18.0,"turns":5.0},{"damage":4.0,"enemies":"Shell Parasite","floor":22.0,"turns":4.0},{"damage":0.0,"enemies":"Gremlin Leader","floor":23.0,"turns":4.0},{"damage":0.0,"enemies":"Centurion and Healer","floor":25.0,"turns":5.0},{"damage":30.0,"enemies":"Shelled Parasite and Fungi","floor":30.0,"turns":4.0},{"damage":0.0,"enemies":"Masked Bandits","floor":31.0,"turns":2.0},{"damage":0.0,"enemies":"Automaton","floor":33.0,"turns":3.0},{"damage":0.0,"enemies":"3 Darklings","floor":35.0,"turns":1.0},{"damage":0.0,"enemies":"Orb Walker","floor":37.0,"turns":2.0},{"damage":0.0,"enemies":"Maw","floor":38.0,"turns":2.0},{"damage":0.0,"enemies":"Transient","floor":39.0,"turns":6.0},{"damage":0.0,"enemies":"3 Darklings","floor":42.0,"turns":1.0},{"damage":0.0,"enemies":"Giant Head","floor":45.0,"turns":2.0},{"damage":3.0,"enemies":"Writhing Mass","floor":47.0,"turns":2.0},{"damage":4.0,"enemies":"4 Shapes","floor":48.0,"turns":1.0},{"damage":5.0,"enemies":"Donu and Deca","floor":50.0,"turns":2.0},{"damage":11.0,"enemies":"Awakened One","floor":51.0,"turns":3.0},{"damage":8,"enemies":"Shield and Spear","floor":55,"turns":2},{"damage":90,"enemies":"The Heart","floor":56,"turns":7}],"seed_played":"-6346387302875472382","potions_obtained":[{"floor":13.0,"key":"Energy Potion"},{"floor":14.0,"key":"Swift Potion"},{"floor":18.0,"key":"Fire Potion"},{"floor":25.0,"key":"Swift Potion"},{"floor":31.0,"key":"PowerPotion"}],"is_trial":false,"path_per_floor":["M","?","?","M","T","R","$","E","T","R","?","R","M","M","R","B",null,"M","?","?","$","M","E","R","M","T","R","?","R","M","?","R","B",null,"M","?","M","M","M","R","$","M","T","$","E","R","M","M","R","B","B",null,"R","$","E","B",null],"character_chosen":"THE_SILENT","items_purchased":["Catalyst","GhostInAJar","Well Laid Plans","Bronze Scales"],"campfire_rested":2,"item_purchase_floors":[7,7,21,54],"current_hp_per_floor":[44,24,24,21,21,40,40,5,5,24,24,24,26,17,17,29,65,59,59,59,59,57,59,59,61,61,61,61,61,33,35,35,60,81,83,83,85,85,87,87,87,89,89,89,91,91,90,88,88,97,91,99,99,99,93,14],"gold":29,"neow_bonus":"ONE_RARE_RELIC","is_prod":false,"is_daily":false,"chose_seed":false,"campfire_upgraded":8,"win_rate":0,"timestamp":1563290177,"path_taken":["M","?","?","?","?","R","$","E","T","R","?","R","M","?","R","BOSS","M","?","?","$","M","E","R","M","T","R","?","R","?","?","R","BOSS","M","?","M","?","M","R","$","M","T","?","E","R","M","M","R","BOSS","BOSS","R","$","E","BOSS"],"build_version":"2019-07-05","purchased_purges":4,"victory":true,"max_hp_per_floor":[66,66,66,66,66,66,66,66,66,66,66,66,68,70,70,72,76,78,78,78,78,80,82,82,84,84,84,84,84,86,88,88,88,88,90,90,92,92,94,94,94,96,96,96,98,98,100,102,102,102,102,102,102,102,104,104],"card_choices":[{"not_picked":["Slice","Bane"],"picked":"Deadly Poison","floor":1.0},{"not_picked":["Dodge and Roll","Deflect","Flechettes"],"picked":"SKIP","floor":4.0},{"not_picked":["Outmaneuver","Acrobatics"],"picked":"Grand Finale","floor":8.0},{"not_picked":["Dagger Throw","Slice","Prepared"],"picked":"Singing Bowl","floor":13.0},{"not_picked":["Deflect","Underhanded Strike","Predator"],"picked":"Singing Bowl","floor":14.0},{"not_picked":["Bullet Time","A Thousand Cuts","Phantasmal Killer"],"picked":"Singing Bowl","floor":16.0},{"not_picked":["Sucker Punch","Deflect"],"picked":"After Image","floor":17.0},{"not_picked":["Poisoned Stab","Dagger Throw","Dash"],"picked":"Singing Bowl","floor":17.0},{"not_picked":["Skewer","Blade Dance"],"picked":"Acrobatics","floor":17.0},{"not_picked":["Cloak And Dagger","Outmaneuver","Blade Dance"],"picked":"Singing Bowl","floor":17.0},{"not_picked":["Quick Slash","Deflect"],"picked":"Acrobatics","floor":17.0},{"not_picked":["Accuracy","Endless Agony","Dagger Spray"],"picked":"Singing Bowl","floor":18.0},{"not_picked":["Dagger Throw","Prepared","Reflex"],"picked":"Singing Bowl","floor":22.0},{"not_picked":["Sucker Punch+1","Dodge and Roll+1","Backstab"],"picked":"Singing Bowl","floor":23.0},{"not_picked":["Quick Slash","Setup+1","Prepared"],"picked":"Singing Bowl","floor":25.0},{"not_picked":["Flechettes","Bouncing Flask","Well Laid Plans"],"picked":"Singing Bowl","floor":30.0},{"not_picked":["Infinite Blades","Endless Agony","Poisoned Stab"],"picked":"Singing Bowl","floor":31.0},{"not_picked":["Envenom","Die Die Die"],"picked":"Adrenaline","floor":33.0},{"not_picked":["Deflect","Sucker Punch","Noxious Fumes+1"],"picked":"Singing Bowl","floor":35.0},{"not_picked":["Backflip+1","PiercingWail","Quick Slash"],"picked":"Singing Bowl","floor":37.0},{"not_picked":["Acrobatics","Footwork"],"picked":"After Image","floor":38.0},{"not_picked":["Flechettes+1","Dodge and Roll+1","Dagger Spray"],"picked":"Singing Bowl","floor":39.0},{"not_picked":["Dagger Spray","Heel Hook","Acrobatics"],"picked":"Singing Bowl","floor":42.0},{"not_picked":["Glass Knife+1","Blur","Flechettes+1"],"picked":"Singing Bowl","floor":45.0},{"not_picked":["Dagger Throw+1","Terror","Skewer+1"],"picked":"Singing Bowl","floor":47.0},{"not_picked":["Cloak And Dagger+1","Poisoned Stab+1","Leg Sweep"],"picked":"Singing Bowl","floor":48.0},{"not_picked":["Quick Slash+1","Heel Hook+1","Bouncing Flask+1"],"picked":"Singing Bowl","floor":55}],"player_experience":5736360,"relics_obtained":[{"floor":5.0,"key":"Pantograph"},{"floor":8.0,"key":"Singing Bowl"},{"floor":9.0,"key":"Happy Flower"},{"floor":23.0,"key":"Sundial"},{"floor":31.0,"key":"Red Mask"},{"floor":43.0,"key":"Molten Egg 2"},{"floor":45.0,"key":"Vajra"},{"floor":55,"key":"Anchor"}],"event_choices":[{"damage_healed":0.0,"max_hp_gain":0.0,"max_hp_loss":0.0,"gold_gain":0.0,"event_name":"Shining Light","player_choice":"Entered Light","floor":2.0,"gold_loss":0.0,"damage_taken":20.0,"cards_upgraded":["Neutralize","Strike_G"]},{"damage_healed":0.0,"max_hp_gain":0.0,"max_hp_loss":0.0,"gold_gain":0.0,"event_name":"Upgrade Shrine","player_choice":"Upgraded","floor":3.0,"gold_loss":0.0,"damage_taken":0.0,"cards_upgraded":["Deadly Poison"]},{"damage_healed":0.0,"max_hp_gain":0.0,"max_hp_loss":0.0,"gold_gain":50.0,"event_name":"Golden Shrine","player_choice":"Pray","floor":11.0,"gold_loss":0.0,"damage_taken":0.0},{"damage_healed":0.0,"max_hp_gain":0.0,"max_hp_loss":0.0,"gold_gain":0.0,"cards_transformed":["Strike_G","Strike_G"],"event_name":"Drug Dealer","player_choice":"Became Test Subject","floor":19.0,"gold_loss":0.0,"damage_taken":0.0,"cards_obtained":["Footwork","Doppelganger"]},{"cards_removed":["Strike_G"],"damage_healed":0.0,"max_hp_gain":0.0,"max_hp_loss":0.0,"gold_gain":0.0,"event_name":"Back to Basics","player_choice":"Elegance","floor":20.0,"gold_loss":0.0,"damage_taken":0.0},{"damage_healed":0.0,"max_hp_gain":0.0,"max_hp_loss":0.0,"gold_gain":0.0,"cards_transformed":["Defend_G"],"event_name":"Transmorgrifier","player_choice":"Transformed","floor":28.0,"gold_loss":0.0,"damage_taken":0.0,"cards_obtained":["Night Terror"]},{"damage_healed":0.0,"max_hp_gain":0.0,"max_hp_loss":0.0,"gold_gain":0.0,"event_name":"Masked Bandits","player_choice":"Fought Bandits","floor":31.0,"gold_loss":0.0,"damage_taken":0.0},{"damage_healed":0.0,"max_hp_gain":0.0,"max_hp_loss":0.0,"gold_gain":50.0,"event_name":"Golden Shrine","player_choice":"Pray","floor":36.0,"gold_loss":0.0,"damage_taken":0.0}],"is_beta":false,"boss_relics":[{"not_picked":["Velvet Choker","Lizard Tail"],"picked":"Orrery"},{"not_picked":["Black Star","Runic Pyramid"],"picked":"Empty Cage"}],"items_purged_floors":[7,21,41,44],"is_endless":false,"potions_floor_spawned":[13,14,18,25,31,42,45,47,55],"ascension_level":20}