{"gold_per_floor":[115,135,60,60,60,60,73,109,109,109,109,152,170,86,86,179,179,198,248,248,61,74,74,92,92,140,156,176,197,220,69,69,69],"floor_reached":33,"playtime":884,"items_purged":["Strike_G","Strike_G","Strike_G"],"score":664,"play_id":"ae815777-1d8a-49bf-aabe-490b1a1010f8","local_time":"20190807081330","is_ascension_mode":true,"campfire_choices":[{"data":"Strike_G","floor":6.0,"key":"SMITH"},{"data":"Glass Knife","floor":11.0,"key":"SMITH"},{"data":"Well Laid Plans","floor":15.0,"key":"SMITH"},{"data":"Calculated Gamble","floor":23.0,"key":"SMITH"},{"data":"Terror","floor":25.0,"key":"SMITH"},{"floor":32.0,"key":"REST"}],"neow_cost":"NONE","seed_source_timestamp":70974048469082,"circlet_count":0,"master_deck":["AscendersBane","Strike_G+1","Strike_G","Defend_G","Defend_G","Defend_G","Defend_G","Defend_G","Survivor","Neutralize+1","PiercingWail","Masterful Stab+1","Caltrops","Glass Knife+1","Well Laid Plans+1","After Image","Terror+1","Corpse Explosion","Calculated Gamble+1","Calculated Gamble","Escape Plan","Eviscerate","Acrobatics"],"special_seed":0,"relics":["Ring of the Snake","NeowsBlessing","Golden Idol","Whetstone","Lantern","Paper Crane","Singing Bowl","Orrery","Omamori"],"potions_floor_usage":[33],"damage_taken":[{"damage":0.0,"enemies":"2 Louse","floor":1.0,"turns":1.0},{"damage":0.0,"enemies":"Jaw Worm","floor":2.0,"turns":1.0},{"damage":0.0,"enemies":"Cultist","floor":7.0,"turns":1.0},{"damage":27.0,"enemies":"Lagavulin","floor":8.0,"turns":7.0},{"damage":0.0,"enemies":"3 Sentries","floor":12.0,"turns":4.0},{"damage":0.0,"enemies":"Exordium Wildlife","floor":13.0,"turns":4.0},{"damage":0.0,"enemies":"The Guardian","floor":16.0,"turns":14.0},{"damage":18.0,"enemies":"Spheric Guardian","floor":18.0,"turns":6.0},{"damage":7.0,"enemies":"Shell Parasite","floor":22.0,"turns":4.0},{"damage":18.0,"enemies":"Centurion and Healer","floor":24.0,"turns":5.0},{"damage":8.0,"enemies":"Chosen and Byrds","floor":27.0,"turns":4.0},{"damage":9.0,"enemies":"Sentry and Sphere","floor":28.0,"turns":3.0},{"damage":0.0,"enemies":"Centurion and Healer","floor":29.0,"turns":5.0},{"damage":0.0,"enemies":"3 Cultists","floor":30.0,"turns":3.0},{"damage":56,"enemies":"Automaton","floor":33,"turns":12}],"seed_played":"3057077883634671535","potions_obtained":[{"floor":1.0,"key":"SkillPotion"},{"floor":7.0,"key":"Ancient Potion"},{"floor":8.0,"key":"SkillPotion"},{"floor":12.0,"key":"SkillPotion"},{"floor":18.0,"key":"Fire Potion"},{"floor":24.0,"key":"Block Potion"},{"floor":27.0,"key":"Dexterity Potion"},{"floor":29.0,"key":"SkillPotion"}],"is_trial":false,"path_per_floor":["M","M","$","?","T","R","M","E","T","?","R","E","M","$","R","B",null,"M","?","?","$","M","R","M","R","T","M","M","M","M","$","R","B"],"character_chosen":"THE_SILENT","items_purchased":["Well Laid Plans","Calculated Gamble","Acrobatics"],"campfire_rested":1,"item_purchase_floors":[14,21,31],"current_hp_per_floor":[59,59,59,59,59,59,59,32,32,32,32,34,36,36,36,36,65,47,47,47,47,42,42,26,26,26,18,9,9,11,11,34,0],"gold":69,"neow_bonus":"THREE_ENEMY_KILL","is_prod":false,"is_daily":false,"chose_seed":false,"campfire_upgraded":5,"win_rate":0,"timestamp":1565133210,"path_taken":["M","M","$","?","?","R","M","E","T","?","R","E","M","?","R","BOSS","M","?","?","$","M","R","M","R","T","?","M","M","M","?","R","BOSS"],"build_version":"2019-07-17","purchased_purges":3,"victory":false,"max_hp_per_floor":[66,66,66,60,60,60,60,60,60,60,60,62,64,64,64,64,72,72,72,72,72,74,74,76,76,76,76,76,76,78,78,78,78],"card_choices":[{"not_picked":["Eviscerate","Expertise"],"picked":"PiercingWail","floor":1.0},{"not_picked":["Dodge and Roll","Dagger Throw"],"picked":"Masterful Stab","floor":2.0},{"not_picked":["Bane","Dagger Throw"],"picked":"Caltrops","floor":7.0},{"not_picked":["Heel Hook","Flying Knee"],"picked":"Glass Knife","floor":8.0},{"not_picked":["Distraction","Infinite Blades","Quick Slash"],"picked":"Singing Bowl","floor":12.0},{"not_picked":["Sucker Punch","Blur","Deadly Poison"],"picked":"Singing Bowl","floor":13.0},{"not_picked":["Burst","Die Die Die"],"picked":"After Image","floor":16.0},{"not_picked":["Poisoned Stab","PiercingWail","Flying Knee"],"picked":"Singing Bowl","floor":17.0},{"not_picked":["Cloak And Dagger","Accuracy","Crippling Poison"],"picked":"Singing Bowl","floor":17.0},{"not_picked":["Deadly Poison","Poisoned Stab"],"picked":"Terror","floor":17.0},{"not_picked":["Noxious Fumes","Bouncing Flask","Underhanded Strike"],"picked":"Singing Bowl","floor":17.0},{"not_picked":["Leg Sweep","Underhanded Strike","Deadly Poison"],"picked":"Singing Bowl","floor":17.0},{"not_picked":["Eviscerate","Infinite Blades+1"],"picked":"Corpse Explosion","floor":18.0},{"not_picked":["Concentrate","Cloak And Dagger","Deadly Poison"],"picked":"Singing Bowl","floor":22.0},{"not_picked":["Footwork","Underhanded Strike","Dodge and Roll"],"picked":"Singing Bowl","floor":24.0},{"not_picked":["Bane","Prepared+1"],"picked":"Calculated Gamble","floor":27.0},{"not_picked":["Blade Dance+1","PiercingWail"],"picked":"Escape Plan","floor":28.0},{"not_picked":["Glass Knife","Blade Dance"],"picked":"Eviscerate","floor":29.0},{"not_picked":["Dash","Underhanded Strike","Poisoned Stab"],"picked":"Singing Bowl","floor":30.0}],"player_experience":797764,"relics_obtained":[{"floor":5.0,"key":"Whetstone"},{"floor":8.0,"key":"Lantern"},{"floor":9.0,"key":"Paper Crane"},{"floor":12.0,"key":"Singing Bowl"},{"floor":26.0,"key":"Omamori"}],"event_choices":[{"damage_healed":0.0,"max_hp_gain":0.0,"max_hp_loss":6.0,"gold_gain":0.0,"event_name":"Golden Idol","player_choice":"Lose Max HP","floor":4.0,"gold_loss":0.0,"damage_taken":0.0,"relics_obtained":["Golden Idol"]},{"damage_healed":0.0,"max_hp_gain":0.0,"max_hp_loss":0.0,"gold_gain":0.0,"event_name":"Liars Game","player_choice":"Ignored","floor":10.0,"gold_loss":0.0,"damage_taken":0.0},{"damage_healed":0.0,"max_hp_gain":0.0,"max_hp_loss":0.0,"gold_gain":50.0,"event_name":"Nest","player_choice":"Stole From Cult","floor":19.0,"gold_loss":0.0,"damage_taken":0.0},{"damage_healed":0.0,"max_hp_gain":0.0,"max_hp_loss":0.0,"gold_gain":0.0,"event_name":"Lab","player_choice":"Got Potions","floor":20.0,"gold_loss":0.0,"damage_taken":0.0}],"is_beta":false,"boss_relics":[{"not_picked":["Ring of the Serpent","Ectoplasm"],"picked":"Orrery"}],"items_purged_floors":[3,21,31],"is_endless":false,"potions_floor_spawned":[1,7,8,12,18,24,27,29],"killed_by":"Automaton","ascension_level":20}