{"gold_per_floor":[109,109,120,120,120,120,156,179,179,203,203,43,68,68,68,163,163,179,83,83,83],"floor_reached":21,"playtime":561,"items_purged":[],"score":404,"play_id":"14a06d21-d125-4efe-bede-9b4b7093bb6b","local_time":"20190417183303","is_ascension_mode":true,"campfire_choices":[{"data":"Zap","floor":6,"key":"SMITH"},{"data":"Fusion","floor":11,"key":"SMITH"},{"data":"Recycle","floor":15,"key":"SMITH"}],"neow_cost":"NONE","seed_source_timestamp":712147329761864,"circlet_count":0,"master_deck":["AscendersBane","Strike_B","Strike_B","Defend_B","Defend_B","Defend_B","Defend_B","Zap+1","Dualcast+1","Recycle+1","Melter","Heatsinks","Coolheaded","Fusion+1","Meteor Strike","Meteor Strike","Cold Snap","Compile Driver","White Noise"],"special_seed":0,"relics":["Cracked Core","NeowsBlessing","Question Card","Golden Idol","Pear","Centennial Puzzle","Empty Cage"],"potions_floor_usage":[16,16,20],"damage_taken":[{"damage":0.0,"enemies":"Jaw Worm","floor":1.0,"turns":1.0},{"damage":0.0,"enemies":"Small Slimes","floor":3.0,"turns":1.0},{"damage":0,"enemies":"Lagavulin","floor":7,"turns":1},{"damage":0,"enemies":"2 Louse","floor":8,"turns":2},{"damage":16,"enemies":"Red Slaver","floor":10,"turns":4},{"damage":6,"enemies":"2 Fungi Beasts","floor":13,"turns":3},{"damage":22,"enemies":"The Guardian","floor":16,"turns":12},{"damage":36,"enemies":"Chosen","floor":18,"turns":8},{"damage":20,"enemies":"Colosseum Slavers","floor":20,"turns":8},{"damage":0,"enemies":"2 Thieves","floor":21,"turns":1}],"seed_played":"2572186749383695643","potions_obtained":[{"floor":7,"key":"PowerPotion"},{"floor":13,"key":"EssenceOfSteel"},{"floor":18,"key":"AttackPotion"}],"is_trial":false,"path_per_floor":["M","?","M","?","?","R","E","M","T","M","R","$","M","?","R","B",null,"M","$","?","M"],"character_chosen":"DEFECT","items_purchased":["Meteor Strike","Compile Driver","White Noise"],"campfire_rested":0,"item_purchase_floors":[12,19,19],"current_hp_per_floor":[64,38,38,38,38,38,48,48,48,32,32,32,26,26,26,4,57,21,21,1,1],"gold":83,"neow_bonus":"THREE_ENEMY_KILL","is_prod":false,"is_daily":false,"chose_seed":false,"campfire_upgraded":3,"win_rate":0,"timestamp":1555497183,"path_taken":["M","?","M","?","?","R","E","M","T","M","R","$","M","?","R","BOSS","M","$","?","M"],"build_version":"2019-01-23","purchased_purges":0,"victory":false,"max_hp_per_floor":[71,71,71,71,64,64,74,74,74,74,74,74,74,74,74,74,74,74,74,74,74],"card_choices":[{"not_picked":["Go for the Eyes","Undo"],"picked":"Recycle","floor":1.0},{"not_picked":["Redo","Gash","Sweeping Beam"],"picked":"Melter","floor":3.0},{"not_picked":["Hello World","Stack","Streamline"],"picked":"Heatsinks","floor":7},{"not_picked":["Ball Lightning","Beam Cell","Gash"],"picked":"Coolheaded","floor":8},{"not_picked":["Tempest","Doom and Gloom","Reinforced Body"],"picked":"Fusion","floor":10},{"not_picked":["Streamline","Gash","Go for the Eyes","Redo"],"picked":"SKIP","floor":13},{"not_picked":["Hyperbeam","Rainbow","Reboot"],"picked":"Meteor Strike","floor":16},{"not_picked":["Stack","Rebound","Sweeping Beam"],"picked":"Cold Snap","floor":18}],"player_experience":1425634,"relics_obtained":[{"floor":7,"key":"Pear"},{"floor":9,"key":"Centennial Puzzle"}],"event_choices":[{"damage_healed":0.0,"max_hp_gain":0.0,"max_hp_loss":0.0,"gold_gain":0.0,"event_name":"Scrap Ooze","player_choice":"Success","floor":2.0,"gold_loss":0.0,"damage_taken":26.0,"relics_obtained":["Question Card"]},{"damage_healed":0,"gold_gain":0,"player_choice":"Ignored","damage_taken":0,"max_hp_gain":0,"max_hp_loss":0,"event_name":"Shining Light","floor":4,"gold_loss":0},{"damage_healed":0,"gold_gain":0,"player_choice":"Lose Max HP","damage_taken":0,"relics_obtained":["Golden Idol"],"max_hp_gain":0,"max_hp_loss":7,"event_name":"Golden Idol","floor":5,"gold_loss":0},{"damage_healed":0,"gold_gain":0,"player_choice":"Forge","damage_taken":0,"max_hp_gain":0,"max_hp_loss":0,"event_name":"Accursed Blacksmith","floor":14,"gold_loss":0,"cards_upgraded":["Dualcast"]},{"damage_healed":0,"gold_gain":0,"player_choice":"Fight","damage_taken":0,"max_hp_gain":0,"max_hp_loss":0,"event_name":"Colosseum","floor":20,"gold_loss":0},{"damage_healed":0,"gold_gain":0,"player_choice":"Fled From Nobs","damage_taken":0,"max_hp_gain":0,"max_hp_loss":0,"event_name":"Colosseum","floor":20,"gold_loss":0}],"is_beta":false,"boss_relics":[{"not_picked":["Cursed Key","FrozenCore"],"picked":"Empty Cage"}],"items_purged_floors":[],"is_endless":false,"potions_floor_spawned":[7,13,18],"killed_by":"2 Thieves","ascension_level":20}