{"gold_per_floor":[110,35,49,49,199,230,25,57,83,83,100,119,36,71,71,144,144,160,170,185,200,100,100,133,133,213,37,53,53,53,70,70,70],"floor_reached":33,"playtime":1060,"items_purged":["Doubt","Strike_G","Strike_G"],"score":580,"play_id":"4ecfb76b-26fc-4426-ad69-91d92a6fbc27","local_time":"20190314210730","is_ascension_mode":true,"campfire_choices":[{"data":"Deadly Poison","floor":10.0,"key":"SMITH"},{"data":"Well Laid Plans","floor":15.0,"key":"SMITH"},{"data":"Calculated Gamble","floor":23.0,"key":"SMITH"},{"data":"Acrobatics","floor":29,"key":"SMITH"},{"data":"Concentrate","floor":32,"key":"SMITH"}],"neow_cost":"NONE","seed_source_timestamp":46663283289852,"circlet_count":0,"master_deck":["AscendersBane","Defend_G","Defend_G","Defend_G","Defend_G","Defend_G","Strike_G","Survivor","Neutralize","Calculated Gamble+1","Infinite Blades","Masterful Stab","Footwork","Deadly Poison+1","Concentrate+1","Dash","Backflip","Well Laid Plans+1","Bouncing Flask","Corpse Explosion","Acrobatics+1","PiercingWail+1"],"special_seed":0,"relics":["Ring of the Snake","NeowsBlessing","Orichalcum","The Specimen","WingedGreaves","Bronze Scales","Mercury Hourglass","Red Mask","Meat on the Bone"],"potions_floor_usage":[33],"damage_taken":[{"damage":0.0,"enemies":"Jaw Worm","floor":1.0,"turns":1.0},{"damage":0.0,"enemies":"2 Louse","floor":3.0,"turns":1.0},{"damage":0.0,"enemies":"Gremlin Nob","floor":6.0,"turns":1.0},{"damage":15.0,"enemies":"Lagavulin","floor":8.0,"turns":8.0},{"damage":0.0,"enemies":"Cultist","floor":11.0,"turns":3.0},{"damage":0.0,"enemies":"Looter","floor":12.0,"turns":4.0},{"damage":18.0,"enemies":"Gremlin Nob","floor":14.0,"turns":4.0},{"damage":5.0,"enemies":"The Guardian","floor":16.0,"turns":8.0},{"damage":10.0,"enemies":"Spheric Guardian","floor":18.0,"turns":5.0},{"damage":0.0,"enemies":"Chosen","floor":19.0,"turns":5.0},{"damage":26.0,"enemies":"Sentry and Sphere","floor":20.0,"turns":6.0},{"damage":14.0,"enemies":"Snake Plant","floor":21.0,"turns":4.0},{"damage":0.0,"enemies":"Masked Bandits","floor":24.0,"turns":2.0},{"damage":0,"enemies":"3 Cultists","floor":28,"turns":3},{"damage":12,"enemies":"Snecko","floor":31,"turns":4},{"damage":3,"enemies":"Automaton","floor":33,"turns":6}],"seed_played":"-1856991413334783434","potions_obtained":[{"floor":1.0,"key":"Poison Potion"},{"floor":3.0,"key":"Block Potion"},{"floor":16.0,"key":"LiquidBronze"},{"floor":18.0,"key":"Swift Potion"},{"floor":28,"key":"PowerPotion"}],"is_trial":false,"path_per_floor":["M","?","M","?","?","E","$","E","T","R","M","M","$","E","R","B",null,"M","M","M","M","$","R","?","?","T","$","M","R","?","M","R","B"],"character_chosen":"THE_SILENT","items_purchased":["Footwork","Deadly Poison","Well Laid Plans","Acrobatics"],"campfire_rested":0,"item_purchase_floors":[7,7,13,27],"current_hp_per_floor":[59,59,59,54,54,54,54,39,39,39,39,39,39,21,21,16,54,44,44,18,4,4,4,4,4,4,4,16,16,16,16,16,13],"gold":70,"neow_bonus":"THREE_ENEMY_KILL","is_prod":false,"is_daily":false,"chose_seed":false,"campfire_upgraded":5,"win_rate":0,"timestamp":1552568850,"path_taken":["M","?","M","?","?","E","$","E","T","R","M","M","?","E","R","BOSS","M","M","M","?","$","R","?","?","T","$","M","R","?","M","R","BOSS"],"build_version":"2019-01-23","purchased_purges":3,"victory":false,"max_hp_per_floor":[66,66,66,66,66,66,66,66,66,66,66,66,66,66,66,66,66,66,66,66,66,66,66,66,66,66,66,66,66,66,66,66,66],"card_choices":[{"not_picked":["Flechettes","Bane"],"picked":"Calculated Gamble","floor":1.0},{"not_picked":["Dodge and Roll","Choke"],"picked":"Infinite Blades","floor":3.0},{"not_picked":["Escape Plan","Bane"],"picked":"Masterful Stab","floor":6.0},{"not_picked":["Deflect","Dagger Spray"],"picked":"Concentrate","floor":8.0},{"not_picked":["Cloak And Dagger","Prepared"],"picked":"Dash","floor":11.0},{"not_picked":["Eviscerate","A Thousand Cuts"],"picked":"Backflip","floor":12.0},{"not_picked":["Caltrops","Acrobatics"],"picked":"Bouncing Flask","floor":14.0},{"not_picked":["A Thousand Cuts","Die Die Die"],"picked":"Corpse Explosion","floor":16.0},{"not_picked":["Finisher","Terror","Dash"],"picked":"SKIP","floor":18.0},{"not_picked":["Prepared","Bane","Backflip"],"picked":"SKIP","floor":19.0},{"not_picked":["Dodge and Roll","Blade Dance","All Out Attack"],"picked":"SKIP","floor":20.0},{"not_picked":["Blur","Dagger Throw","Sucker Punch"],"picked":"SKIP","floor":21.0},{"not_picked":["Underhanded Strike+1","Caltrops","All Out Attack"],"picked":"SKIP","floor":28},{"not_picked":["Acrobatics","Flying Knee"],"picked":"PiercingWail+1","floor":31}],"player_experience":3596181,"relics_obtained":[{"floor":6.0,"key":"The Specimen"},{"floor":8.0,"key":"WingedGreaves"},{"floor":9.0,"key":"Bronze Scales"},{"floor":14.0,"key":"Mercury Hourglass"},{"floor":24.0,"key":"Red Mask"},{"floor":26.0,"key":"Meat on the Bone"}],"event_choices":[{"cards_removed":["Strike_G"],"damage_healed":0.0,"max_hp_gain":0.0,"max_hp_loss":0.0,"gold_gain":0.0,"event_name":"The Cleric","player_choice":"Card Removal","floor":2.0,"gold_loss":75.0,"damage_taken":0.0},{"damage_healed":0.0,"max_hp_gain":0.0,"max_hp_loss":0.0,"gold_gain":0.0,"event_name":"Scrap Ooze","player_choice":"Success","floor":4.0,"gold_loss":0.0,"damage_taken":5.0,"relics_obtained":["Orichalcum"]},{"damage_healed":0.0,"max_hp_gain":0.0,"max_hp_loss":0.0,"gold_gain":150.0,"event_name":"Liars Game","player_choice":"AGREE","floor":5.0,"gold_loss":0.0,"damage_taken":0.0,"cards_obtained":["Doubt"]},{"damage_healed":0.0,"max_hp_gain":0.0,"max_hp_loss":0.0,"gold_gain":0.0,"event_name":"Masked Bandits","player_choice":"Fought Bandits","floor":24.0,"gold_loss":0.0,"damage_taken":0.0},{"cards_removed":["Strike_G"],"damage_healed":0.0,"max_hp_gain":0.0,"max_hp_loss":0.0,"gold_gain":0.0,"event_name":"Back to Basics","player_choice":"Elegance","floor":25.0,"gold_loss":0.0,"damage_taken":0.0},{"damage_healed":0,"gold_gain":0,"player_choice":"Ignored","damage_taken":0,"max_hp_gain":0,"max_hp_loss":0,"event_name":"Vampires","floor":30,"gold_loss":0}],"is_beta":false,"boss_relics":[{"not_picked":["HoveringKite","Snecko Eye","Philosopher\u0027s Stone"]}],"items_purged_floors":[7,22,27],"is_endless":false,"potions_floor_spawned":[1,3,16,18,19,28,31],"killed_by":"Automaton","ascension_level":20}