{"gold_per_floor":[112,60,71,71,71,71,106,106,131,141,154,164,164,174,174,248,248,260,260,260,175,195,195,195],"floor_reached":24,"playtime":520,"items_purged":[],"score":542,"play_id":"3b436be7-800f-4e79-a3a0-7390563b2c58","local_time":"20181204232751","is_ascension_mode":true,"campfire_choices":[{"data":"Deadly Poison","floor":6,"key":"SMITH"},{"data":"Noxious Fumes","floor":8,"key":"SMITH"},{"data":"Neutralize","floor":15,"key":"SMITH"},{"data":"Malaise","floor":23,"key":"SMITH"}],"neow_cost":"NONE","seed_source_timestamp":19143916028061,"circlet_count":0,"master_deck":["AscendersBane","Defend_G","Defend_G","Defend_G","Defend_G","Defend_G","Strike_G","Strike_G","Strike_G","Strike_G","Survivor","Neutralize+1","Noxious Fumes+1","Deadly Poison+1","Prepared","Backflip","Blur","Malaise+1","Acrobatics"],"relics":["Ring of the Snake","NeowsBlessing","Omamori","Bronze Scales","Paper Crane","Runic Pyramid","Bag of Marbles"],"potions_floor_usage":[18,24,24],"damage_taken":[{"damage":0,"enemies":"2 Louse","floor":1,"turns":1},{"damage":0,"enemies":"Small Slimes","floor":3,"turns":1},{"damage":0,"enemies":"3 Sentries","floor":7,"turns":2},{"damage":0,"enemies":"Jaw Worm","floor":10,"turns":3},{"damage":18,"enemies":"Exordium Thugs","floor":11,"turns":4},{"damage":1,"enemies":"Red Slaver","floor":12,"turns":4},{"damage":1,"enemies":"Looter","floor":14,"turns":3},{"damage":0,"enemies":"The Guardian","floor":16,"turns":10},{"damage":37,"enemies":"2 Thieves","floor":18,"turns":5},{"damage":1,"enemies":"Chosen","floor":22,"turns":6},{"damage":7,"enemies":"3 Cultists","floor":24,"turns":4}],"seed_played":"-4692457584541403260","potions_obtained":[{"floor":1,"key":"Explosive Potion"},{"floor":10,"key":"SpeedPotion"},{"floor":22,"key":"Explosive Potion"}],"is_trial":false,"path_per_floor":["M","$","M","?","?","R","E","R","T","M","M","M","T","M","R","B",null,"M","?","?","?","M","R","M"],"character_chosen":"THE_SILENT","items_purchased":["Deadly Poison"],"campfire_rested":0,"item_purchase_floors":[2],"current_hp_per_floor":[59,59,59,52,57,57,57,57,57,57,39,38,38,37,37,37,63,26,6,6,6,5,5,0],"gold":195,"neow_bonus":"THREE_ENEMY_KILL","is_prod":false,"is_daily":false,"chose_seed":false,"campfire_upgraded":4,"win_rate":0,"timestamp":1543937271,"path_taken":["M","$","M","?","?","R","E","R","T","M","?","M","?","M","R","BOSS","M","?","?","?","M","R","M"],"build_version":"2018-12-4","purchased_purges":0,"victory":false,"max_hp_per_floor":[66,66,66,66,71,71,71,71,71,71,71,71,71,71,71,71,71,71,76,76,76,76,76,76],"card_choices":[{"not_picked":["Backstab","Leg Sweep"],"picked":"Noxious Fumes","floor":1},{"not_picked":["PiercingWail","Backflip"],"picked":"Prepared","floor":3},{"not_picked":["Bane","Doppelganger","Outmaneuver"],"picked":"SKIP","floor":7},{"not_picked":["Dodge and Roll","Finisher"],"picked":"Backflip","floor":10},{"not_picked":["Finisher","Prepared","Backstab"],"picked":"SKIP","floor":11},{"not_picked":["Eviscerate","Outmaneuver","Backstab"],"picked":"SKIP","floor":12},{"not_picked":["Deflect","PiercingWail"],"picked":"Blur","floor":14},{"not_picked":["Envenom","Burst"],"picked":"Malaise","floor":16},{"not_picked":["Crippling Poison","Outmaneuver","Backflip"],"picked":"SKIP","floor":18},{"not_picked":["Slice+1","Backflip"],"picked":"Acrobatics","floor":22}],"player_experience":1194556,"relics_obtained":[{"floor":7,"key":"Omamori"},{"floor":9,"key":"Bronze Scales"},{"floor":13,"key":"Paper Crane"}],"event_choices":[{"cards_removed":["Strike_G"],"damage_healed":0,"gold_gain":0,"player_choice":"Card Removal","damage_taken":7,"max_hp_gain":0,"max_hp_loss":0,"event_name":"Golden Wing","floor":4,"gold_loss":0},{"damage_healed":0,"gold_gain":0,"player_choice":"Donut","damage_taken":0,"max_hp_gain":5,"max_hp_loss":0,"event_name":"Big Fish","floor":5,"gold_loss":0},{"damage_healed":0,"gold_gain":0,"player_choice":"Shed Blood","damage_taken":25,"max_hp_gain":5,"max_hp_loss":0,"event_name":"Forgotten Altar","floor":19,"gold_loss":0},{"damage_healed":0,"gold_gain":0,"player_choice":"Ignored","damage_taken":0,"max_hp_gain":0,"max_hp_loss":0,"event_name":"Vampires","floor":20,"gold_loss":0},{"damage_healed":0,"gold_gain":0,"player_choice":"Obtained Relic","damage_taken":0,"relics_obtained":["Bag of Marbles"],"max_hp_gain":0,"max_hp_loss":0,"event_name":"Addict","floor":21,"gold_loss":85}],"is_beta":true,"boss_relics":[{"not_picked":["Ring of the Serpent","White Beast Statue"],"picked":"Runic Pyramid"}],"items_purged_floors":[],"is_endless":false,"potions_floor_spawned":[1,10,11,22],"killed_by":"3 Cultists","ascension_level":20}