{"gold_per_floor":[119,41,41,41,64,64,64,77,77,77,121,121,135,158,158,158],"floor_reached":16,"playtime":325,"items_purged":[],"score":200,"play_id":"0b4dfcd4-1625-423b-824b-0bc04c0c85c5","local_time":"20190118221842","is_ascension_mode":true,"campfire_choices":[{"data":"Dualcast","floor":7,"key":"SMITH"},{"data":"Hologram","floor":10,"key":"SMITH"},{"floor":12,"key":"REST"},{"data":"Biased Cognition","floor":15,"key":"SMITH"}],"neow_cost":"TEN_PERCENT_HP_LOSS","seed_source_timestamp":37452229394098,"circlet_count":0,"master_deck":["AscendersBane","Strike_B","Strike_B","Strike_B","Strike_B","Defend_B","Defend_B","Defend_B","Defend_B","Zap","Dualcast+1","Gash","All For One","FTL","Hologram+1","Go for the Eyes","Biased Cognition+1"],"relics":["Cracked Core","Dead Branch","Golden Idol","Letter Opener","Matryoshka"],"potions_floor_usage":[14],"damage_taken":[{"damage":3,"enemies":"Small Slimes","floor":1,"turns":4},{"damage":12,"enemies":"Jaw Worm","floor":5,"turns":4},{"damage":0,"enemies":"Cultist","floor":8,"turns":2},{"damage":40,"enemies":"Gremlin Nob","floor":11,"turns":4},{"damage":7,"enemies":"3 Louse","floor":13,"turns":3},{"damage":4,"enemies":"Blue Slaver","floor":14,"turns":3},{"damage":0,"enemies":"The Guardian","floor":16,"turns":1}],"seed_played":"-1864722115133601914","potions_obtained":[{"floor":5,"key":"Weak Potion"},{"floor":13,"key":"Regen Potion"},{"floor":14,"key":"Energy Potion"}],"is_trial":false,"path_per_floor":["M","$","?","T","M","$","R","M","T","R","E","R","M","M","R","B"],"character_chosen":"DEFECT","items_purchased":["All For One"],"campfire_rested":1,"item_purchase_floors":[2],"current_hp_per_floor":[61,61,58,58,46,46,46,46,46,46,6,23,16,21,21,21],"gold":158,"neow_bonus":"ONE_RARE_RELIC","is_prod":false,"is_daily":false,"chose_seed":false,"campfire_upgraded":3,"win_rate":0,"timestamp":1547821122,"path_taken":["M","$","?","?","M","$","R","M","T","R","E","R","M","M","R","BOSS"],"build_version":"2019-01-17","purchased_purges":0,"victory":false,"max_hp_per_floor":[64,64,58,58,58,58,58,58,58,58,58,58,58,58,58,58],"card_choices":[{"not_picked":["Rebound","Stack"],"picked":"Gash","floor":1},{"not_picked":["Steam Power","Go for the Eyes"],"picked":"FTL","floor":5},{"not_picked":["Turbo","Rebound"],"picked":"Hologram","floor":8},{"not_picked":["Sunder","Heatsinks"],"picked":"Go for the Eyes","floor":11},{"not_picked":["Rebound","Conserve Battery","Double Energy"],"picked":"SKIP","floor":13},{"not_picked":["Cold Snap","Chill"],"picked":"Biased Cognition","floor":14}],"player_experience":2017283,"relics_obtained":[{"floor":9,"key":"Letter Opener"},{"floor":11,"key":"Matryoshka"}],"event_choices":[{"damage_healed":0,"gold_gain":0,"player_choice":"Lose Max HP","damage_taken":0,"relics_obtained":["Golden Idol"],"max_hp_gain":0,"max_hp_loss":6,"event_name":"Golden Idol","floor":3,"gold_loss":0}],"is_beta":false,"boss_relics":[],"items_purged_floors":[],"is_endless":false,"potions_floor_spawned":[5,13,14],"killed_by":"The Guardian","ascension_level":20}