{"gold_per_floor":[219,235,254,270,287,287,298,312,367,382,382,29,29,49,49,151,151,169,187,201,217,117,117,117,131,131,131,6,24,24,43,43,143,143,161,161,161,161,11,11,28,39,63,63,73,87,87,107,107,107],"floor_reached":51,"playtime":2079,"items_purged":["Strike_G","Defend_G","Defend_G","Defend_G"],"score":674,"play_id":"c747f6b1-ebdb-4189-a14d-b0dbfbcf2859","local_time":"20181124222600","is_ascension_mode":false,"campfire_choices":[{"data":"Noxious Fumes","floor":6,"key":"SMITH"},{"data":"Deadly Poison","floor":11,"key":"SMITH"},{"data":"Well Laid Plans","floor":15,"key":"SMITH"},{"data":"Corpse Explosion","floor":23,"key":"SMITH"},{"data":"Malaise","floor":27,"key":"SMITH"},{"floor":30,"key":"REST"},{"floor":32,"key":"REST"},{"data":"Grand Finale","floor":40,"key":"SMITH"},{"data":"Acrobatics","floor":44,"key":"SMITH"},{"data":"Acrobatics","floor":47,"key":"SMITH"},{"data":"Noxious Fumes","floor":49,"key":"SMITH"}],"neow_cost":"NONE","seed_source_timestamp":45260798145640,"circlet_count":0,"master_deck":["Defend_G","Defend_G","Strike_G","Survivor","Neutralize","Noxious Fumes+1","Deadly Poison+1","Well Laid Plans+1","Corpse Explosion+1","Well Laid Plans","Well Laid Plans+1","Malaise+1","Noxious Fumes+1","Grand Finale+1","Leg Sweep+1","Acrobatics+1","Acrobatics+1"],"relics":["Ring of the Snake","Orichalcum","TwistedFunnel","Empty Cage","Juzu Bracelet","Coffee Dripper","Pen Nib"],"potions_floor_usage":[19,41,45,50,50],"damage_taken":[{"damage":0,"enemies":"Cultist","floor":1,"turns":5},{"damage":0,"enemies":"2 Louse","floor":2,"turns":3},{"damage":2,"enemies":"Small Slimes","floor":3,"turns":4},{"damage":6,"enemies":"Exordium Wildlife","floor":4,"turns":6},{"damage":0,"enemies":"3 Louse","floor":5,"turns":4},{"damage":0,"enemies":"2 Fungi Beasts","floor":7,"turns":3},{"damage":4,"enemies":"Looter","floor":8,"turns":4},{"damage":0,"enemies":"Blue Slaver","floor":10,"turns":5},{"damage":1,"enemies":"Exordium Thugs","floor":14,"turns":4},{"damage":40,"enemies":"Slime Boss","floor":16,"turns":9},{"damage":0,"enemies":"Shell Parasite","floor":18,"turns":5},{"damage":2,"enemies":"3 Byrds","floor":19,"turns":4},{"damage":9,"enemies":"Shelled Parasite and Fungi","floor":20,"turns":6},{"damage":17,"enemies":"Centurion and Healer","floor":21,"turns":5},{"damage":2,"enemies":"Cultist and Chosen","floor":25,"turns":3},{"damage":0,"enemies":"Snake Plant","floor":29,"turns":4},{"damage":9,"enemies":"Centurion and Healer","floor":31,"turns":5},{"damage":8,"enemies":"Champ","floor":33,"turns":9},{"damage":1,"enemies":"3 Shapes","floor":35,"turns":4},{"damage":6,"enemies":"3 Darklings","floor":41,"turns":4},{"damage":5,"enemies":"Writhing Mass","floor":42,"turns":6},{"damage":0,"enemies":"Transient","floor":45,"turns":5},{"damage":1,"enemies":"4 Shapes","floor":46,"turns":2},{"damage":0,"enemies":"Sphere and 2 Shapes","floor":48,"turns":3},{"damage":36,"enemies":"Awakened One","floor":50,"turns":5}],"seed_played":"5464430199916913875","potions_obtained":[{"floor":1,"key":"Strength Potion"},{"floor":5,"key":"Block Potion"},{"floor":7,"key":"Poison Potion"},{"floor":21,"key":"GamblersBrew"},{"floor":41,"key":"LiquidBronze"},{"floor":45,"key":"GamblersBrew"},{"floor":46,"key":"Regen Potion"}],"is_trial":false,"path_per_floor":["M","M","M","M","M","R","M","M","T","M","R","$","?","M","R","B",null,"M","M","M","M","$","R","?","M","T","R","$","M","R","M","R","B",null,"M","?","?","?","$","R","M","M","T","R","M","M","R","M","R","B",null],"character_chosen":"THE_SILENT","items_purchased":["Well Laid Plans","TwistedFunnel"],"campfire_rested":2,"item_purchase_floors":[12,12],"current_hp_per_floor":[70,70,68,62,62,62,62,58,58,58,58,58,58,57,57,17,70,70,68,59,42,42,42,29,27,27,27,27,27,49,40,62,54,75,74,74,74,71,71,71,65,60,60,60,60,59,59,59,59,37],"gold":107,"neow_bonus":"HUNDRED_GOLD","is_prod":false,"is_daily":false,"chose_seed":false,"campfire_upgraded":9,"win_rate":0,"timestamp":1543069560,"path_taken":["M","M","M","M","M","R","M","M","T","?","R","$","?","M","R","BOSS","M","M","M","M","$","R","?","M","T","R","$","M","R","M","R","BOSS","M","?","?","?","$","R","M","M","T","R","M","M","R","M","R","BOSS"],"build_version":"2018-11-15","purchased_purges":4,"victory":true,"max_hp_per_floor":[70,70,70,70,70,70,70,70,70,70,70,70,70,70,70,70,70,70,70,70,70,70,70,75,75,75,75,75,75,75,75,75,75,75,75,75,75,71,71,71,71,71,71,71,71,71,71,71,71,71],"card_choices":[{"not_picked":["Accuracy","Underhanded Strike"],"picked":"Noxious Fumes","floor":1},{"not_picked":["Infinite Blades","Deflect"],"picked":"Deadly Poison","floor":2},{"not_picked":["Endless Agony","Blur","Finisher"],"picked":"SKIP","floor":3},{"not_picked":["Dodge and Roll","Underhanded Strike","Flying Knee"],"picked":"SKIP","floor":4},{"not_picked":["Choke","Cloak And Dagger","Deflect"],"picked":"SKIP","floor":5},{"not_picked":["Accuracy","Flying Knee","Cloak And Dagger"],"picked":"SKIP","floor":7},{"not_picked":["Blade Dance","Deflect","Quick Slash"],"picked":"SKIP","floor":8},{"not_picked":["Flying Knee","Phantasmal Killer","Eviscerate"],"picked":"SKIP","floor":10},{"not_picked":["Underhanded Strike","Dagger Spray","Calculated Gamble"],"picked":"SKIP","floor":14},{"not_picked":["Envenom","Adrenaline"],"picked":"Corpse Explosion","floor":16},{"not_picked":["Poisoned Stab","Outmaneuver+1","Acrobatics"],"picked":"SKIP","floor":18},{"not_picked":["Sucker Punch","Storm of Steel"],"picked":"Well Laid Plans","floor":19},{"not_picked":["Blade Dance","Outmaneuver"],"picked":"Well Laid Plans+1","floor":20},{"not_picked":["Deflect","Quick Slash","Underhanded Strike"],"picked":"SKIP","floor":21},{"not_picked":["Dagger Throw","Sucker Punch"],"picked":"Malaise","floor":25},{"not_picked":["Dagger Spray","Finisher","Choke"],"picked":"SKIP","floor":29},{"not_picked":["Acrobatics","Cloak And Dagger"],"picked":"Noxious Fumes","floor":31},{"not_picked":["Wraith Form v2","Corpse Explosion"],"picked":"Grand Finale","floor":33},{"not_picked":["Skewer","Outmaneuver","Backstab+1"],"picked":"SKIP","floor":35},{"not_picked":["Infinite Blades+1","Slice"],"picked":"Leg Sweep+1","floor":41},{"not_picked":["Predator+1","Outmaneuver"],"picked":"Acrobatics","floor":42},{"not_picked":["Cloak And Dagger+1","Prepared"],"picked":"Acrobatics","floor":45},{"not_picked":["Leg Sweep+1","Backflip+1","Skewer+1"],"picked":"SKIP","floor":46},{"not_picked":["Slice","Sucker Punch+1","Dagger Throw"],"picked":"SKIP","floor":48}],"player_experience":1168082,"relics_obtained":[{"floor":9,"key":"Orichalcum"},{"floor":26,"key":"Juzu Bracelet"},{"floor":43,"key":"Pen Nib"}],"event_choices":[{"damage_healed":0,"gold_gain":0,"player_choice":"Ignored","damage_taken":0,"max_hp_gain":0,"max_hp_loss":0,"event_name":"Liars Game","floor":13,"gold_loss":0},{"damage_healed":0,"gold_gain":0,"player_choice":"Shed Blood","damage_taken":18,"max_hp_gain":5,"max_hp_loss":0,"event_name":"Forgotten Altar","floor":24,"gold_loss":0},{"damage_healed":0,"gold_gain":0,"player_choice":"Ignored","damage_taken":0,"max_hp_gain":0,"max_hp_loss":0,"event_name":"Mysterious Sphere","floor":36,"gold_loss":0},{"cards_removed":["Strike_G"],"damage_healed":0,"gold_gain":0,"player_choice":"Removed Attack","damage_taken":0,"max_hp_gain":0,"max_hp_loss":0,"event_name":"Falling","floor":37,"gold_loss":0},{"damage_healed":0,"gold_gain":0,"player_choice":"Max HP","damage_taken":0,"max_hp_gain":0,"max_hp_loss":4,"event_name":"Winding Halls","floor":38,"gold_loss":0}],"is_beta":false,"boss_relics":[{"not_picked":["Ring of the Serpent","Busted Crown"],"picked":"Empty Cage"},{"not_picked":["Tiny House","WristBlade"],"picked":"Coffee Dripper"}],"items_purged_floors":[12,22,28,39],"is_endless":false,"potions_floor_spawned":[1,5,7,8,21,29,33,41,45,46,48],"ascension_level":0}