{"gold_per_floor":[111,130,56,56,56,84,84,119,119,131,159,170,170,229,229,306,306,322,322,337,30,50,50,63,63,86,86,86,86,106,31,31,109,109,119,219,231,231,243,268,320,333,360,284,39,39,52,85,85,85,85,85,4,34,34],"floor_reached":55,"playtime":2336,"items_purged":["Strike_G"],"score":1369,"play_id":"3cb7bb09-ad9c-497a-b6a4-5b3f9ff7fbe4","local_time":"20190218232322","is_ascension_mode":true,"campfire_choices":[{"data":"Skewer","floor":7.0,"key":"SMITH"},{"data":"Well Laid Plans","floor":15.0,"key":"SMITH"},{"data":"Calculated Gamble","floor":23.0,"key":"SMITH"},{"data":"Burst","floor":25.0,"key":"SMITH"},{"data":"Terror","floor":29.0,"key":"SMITH"},{"floor":32.0,"key":"REST"},{"data":"Neutralize","floor":46.0,"key":"SMITH"},{"floor":49.0,"key":"RECALL"},{"data":"Well Laid Plans","floor":52.0,"key":"SMITH"}],"neow_cost":"NONE","seed_source_timestamp":96731345179121,"circlet_count":0,"master_deck":["AscendersBane","Defend_G","Defend_G","Defend_G","Defend_G","Defend_G","Strike_G","Strike_G","Survivor","Neutralize+1","Well Laid Plans+1","Masterful Stab","Skewer+1","Burst+1","Calculated Gamble+1","Backflip","Adrenaline","Terror+1","Adrenaline","Concentrate+1","After Image","Well Laid Plans+1","Outmaneuver+1","Acrobatics+1","Leg Sweep"],"special_seed":0,"relics":["Ring of the Snake","NeowsBlessing","Gremlin Horn","Regal Pillow","Happy Flower","Juzu Bracelet","Omamori","Sozu","Ice Cream","Centennial Puzzle","WarpedTongs","Cursed Key","Turnip","Lantern","Bird Faced Urn","Darkstone Periapt","Kunai","Mango","Tingsha"],"potions_floor_usage":[],"damage_taken":[{"damage":0.0,"enemies":"Jaw Worm","floor":1.0,"turns":1.0},{"damage":0.0,"enemies":"2 Louse","floor":2.0,"turns":1.0},{"damage":0.0,"enemies":"Lagavulin","floor":6.0,"turns":1.0},{"damage":8.0,"enemies":"Gremlin Nob","floor":8.0,"turns":4.0},{"damage":0.0,"enemies":"Small Slimes","floor":10.0,"turns":1.0},{"damage":2.0,"enemies":"3 Sentries","floor":11.0,"turns":9.0},{"damage":1.0,"enemies":"2 Fungi Beasts","floor":12.0,"turns":2.0},{"damage":8.0,"enemies":"Gremlin Nob","floor":14.0,"turns":3.0},{"damage":25.0,"enemies":"Slime Boss","floor":16.0,"turns":17.0},{"damage":0.0,"enemies":"Chosen","floor":18.0,"turns":3.0},{"damage":17.0,"enemies":"Colosseum Slavers","floor":19.0,"turns":5.0},{"damage":0.0,"enemies":"Spheric Guardian","floor":20.0,"turns":3.0},{"damage":18.0,"enemies":"Shelled Parasite and Fungi","floor":22.0,"turns":6.0},{"damage":5.0,"enemies":"Snecko","floor":24.0,"turns":4.0},{"damage":4.0,"enemies":"Centurion and Healer","floor":30.0,"turns":3.0},{"damage":18.0,"enemies":"Collector","floor":33.0,"turns":12.0},{"damage":17.0,"enemies":"3 Shapes","floor":35.0,"turns":7.0},{"damage":0.0,"enemies":"Mind Bloom Boss Battle","floor":36.0,"turns":3.0},{"damage":6.0,"enemies":"3 Darklings","floor":37.0,"turns":4.0},{"damage":0.0,"enemies":"Sphere and 2 Shapes","floor":39.0,"turns":5.0},{"damage":0.0,"enemies":"Nemesis","floor":40.0,"turns":3.0},{"damage":4.0,"enemies":"2 Orb Walkers","floor":41.0,"turns":3.0},{"damage":0.0,"enemies":"Jaw Worm Horde","floor":42.0,"turns":5.0},{"damage":13.0,"enemies":"Writhing Mass","floor":47.0,"turns":2.0},{"damage":0.0,"enemies":"Reptomancer","floor":48.0,"turns":2.0},{"damage":15.0,"enemies":"Donu and Deca","floor":50.0,"turns":8.0},{"damage":8,"enemies":"Shield and Spear","floor":54,"turns":8},{"damage":80,"enemies":"The Heart","floor":55,"turns":9}],"seed_played":"-7346049200924663695","potions_obtained":[{"floor":1.0,"key":"Regen Potion"},{"floor":2.0,"key":"Fire Potion"},{"floor":8.0,"key":"Block Potion"},{"floor":16.0,"key":"LiquidBronze"}],"is_trial":false,"path_per_floor":["M","M","$","?","?","E","R","E","T","M","E","M","?","?","R","B",null,"M","?","M","$","M","R","M","R","T","?","?","R","M","$","R","B",null,"M","?","M","?","M","E","?","M","T","?","$","R","M","E","R","B",null,"R","$","E","B"],"character_chosen":"THE_SILENT","items_purchased":["Skewer","Ice Cream","Kunai","Leg Sweep"],"campfire_rested":1,"item_purchase_floors":[3,21,45,53],"current_hp_per_floor":[59,59,59,64,57,57,57,49,49,49,62,61,61,53,53,28,60,60,43,43,43,25,25,20,20,20,20,20,20,16,16,52,34,62,45,45,39,39,39,39,35,41,41,41,41,41,34,54,54,45,75,75,75,73,0],"gold":34,"neow_bonus":"THREE_ENEMY_KILL","is_prod":false,"is_daily":false,"chose_seed":false,"campfire_upgraded":7,"win_rate":0,"timestamp":1550503402,"path_taken":["M","M","$","?","?","E","R","E","T","M","E","M","?","?","R","BOSS","M","?","M","$","M","R","M","R","T","?","?","R","M","$","R","BOSS","M","?","M","?","M","E","?","M","T","?","$","R","M","E","R","BOSS","R","$","E","BOSS"],"build_version":"2019-01-23","purchased_purges":1,"victory":false,"max_hp_per_floor":[66,66,66,71,71,71,71,71,71,71,71,71,71,71,71,71,71,71,71,71,71,71,71,71,71,71,71,71,71,71,71,71,71,71,71,71,71,71,71,71,71,71,71,71,71,71,71,85,85,85,85,85,85,85,85],"card_choices":[{"not_picked":["All Out Attack","Flying Knee"],"picked":"Well Laid Plans","floor":1.0},{"not_picked":["Terror","Quick Slash"],"picked":"Masterful Stab","floor":2.0},{"not_picked":["Cloak And Dagger","Poisoned Stab","Blade Dance"],"picked":"SKIP","floor":6.0},{"not_picked":["Flying Knee","Finisher"],"picked":"Burst","floor":8.0},{"not_picked":["Finisher","Tactician"],"picked":"Calculated Gamble","floor":10.0},{"not_picked":["Blur","Flying Knee"],"picked":"Backflip","floor":11.0},{"not_picked":["Calculated Gamble","Slice","PiercingWail"],"picked":"SKIP","floor":12.0},{"not_picked":["Malaise","Die Die Die"],"picked":"Adrenaline","floor":16.0},{"not_picked":["Backflip","Sucker Punch","Flying Knee+1"],"picked":"SKIP","floor":18.0},{"not_picked":["Underhanded Strike","Acrobatics","Backflip"],"picked":"SKIP","floor":20.0},{"not_picked":["Dash","Setup","Flying Knee"],"picked":"SKIP","floor":22.0},{"not_picked":["Finisher","Dodge and Roll","Cloak And Dagger"],"picked":"SKIP","floor":24.0},{"not_picked":["Riddle With Holes","Eviscerate+1","Crippling Poison"],"picked":"SKIP","floor":30.0},{"not_picked":["Night Terror","Corpse Explosion"],"picked":"Adrenaline","floor":33.0},{"not_picked":["PiercingWail","Prepared","Cloak And Dagger+1"],"picked":"SKIP","floor":35.0},{"not_picked":["Masterful Stab","Flying Knee"],"picked":"Concentrate+1","floor":37.0},{"not_picked":["Dodge and Roll+1","Blade Dance","Bane"],"picked":"SKIP","floor":39.0},{"not_picked":["Envenom","Dagger Throw","PiercingWail"],"picked":"SKIP","floor":40.0},{"not_picked":["Poisoned Stab+1","Dodge and Roll"],"picked":"Well Laid Plans","floor":41.0},{"not_picked":["Dodge and Roll+1","Tactician"],"picked":"Outmaneuver+1","floor":42.0},{"not_picked":["Flying Knee","Noxious Fumes"],"picked":"Acrobatics+1","floor":47.0},{"not_picked":["Night Terror","Well Laid Plans","All Out Attack"],"picked":"SKIP","floor":48.0},{"not_picked":["Caltrops","Calculated Gamble","Catalyst"],"picked":"SKIP","floor":54}],"player_experience":827793,"relics_obtained":[{"floor":6.0,"key":"Gremlin Horn"},{"floor":8.0,"key":"Regal Pillow"},{"floor":9.0,"key":"Happy Flower"},{"floor":11.0,"key":"Juzu Bracelet"},{"floor":14.0,"key":"Omamori"},{"floor":26.0,"key":"Centennial Puzzle"},{"floor":36.0,"key":"Turnip"},{"floor":40.0,"key":"Lantern"},{"floor":41.0,"key":"Bird Faced Urn"},{"floor":48.0,"key":"Mango"},{"floor":54,"key":"Tingsha"}],"event_choices":[{"damage_healed":0.0,"max_hp_gain":5.0,"max_hp_loss":0.0,"gold_gain":0.0,"event_name":"Big Fish","player_choice":"Donut","floor":4.0,"gold_loss":0.0,"damage_taken":0.0},{"cards_removed":["Strike_G"],"damage_healed":0.0,"max_hp_gain":0.0,"max_hp_loss":0.0,"gold_gain":0.0,"event_name":"Golden Wing","player_choice":"Card Removal","floor":5.0,"gold_loss":0.0,"damage_taken":7.0},{"damage_healed":0.0,"max_hp_gain":0.0,"max_hp_loss":0.0,"gold_gain":0.0,"event_name":"Liars Game","player_choice":"Ignored","floor":13.0,"gold_loss":0.0,"damage_taken":0.0},{"damage_healed":0.0,"max_hp_gain":0.0,"max_hp_loss":0.0,"gold_gain":0.0,"event_name":"Dead Adventurer","player_choice":"Searched \u00271\u0027 times","floor":14.0,"gold_loss":0.0,"damage_taken":0.0},{"damage_healed":0.0,"max_hp_gain":0.0,"max_hp_loss":0.0,"gold_gain":0.0,"event_name":"Colosseum","player_choice":"Fight","floor":19.0,"gold_loss":0.0,"damage_taken":0.0},{"damage_healed":0.0,"max_hp_gain":0.0,"max_hp_loss":0.0,"gold_gain":0.0,"event_name":"Colosseum","player_choice":"Fled From Nobs","floor":19.0,"gold_loss":0.0,"damage_taken":0.0},{"damage_healed":0.0,"max_hp_gain":0.0,"max_hp_loss":0.0,"gold_gain":0.0,"event_name":"Accursed Blacksmith","player_choice":"Rummage","floor":27.0,"gold_loss":0.0,"damage_taken":0.0,"relics_obtained":["WarpedTongs"],"cards_obtained":["Pain"]},{"damage_healed":0.0,"max_hp_gain":0.0,"max_hp_loss":0.0,"gold_gain":0.0,"event_name":"The Library","player_choice":"Read","floor":28.0,"gold_loss":0.0,"damage_taken":0.0,"cards_obtained":["Terror"]},{"damage_healed":0.0,"max_hp_gain":0.0,"max_hp_loss":0.0,"gold_gain":0.0,"event_name":"MindBloom","player_choice":"Fight","floor":36.0,"gold_loss":0.0,"damage_taken":0.0},{"damage_healed":0.0,"max_hp_gain":0.0,"max_hp_loss":0.0,"gold_gain":0.0,"cards_transformed":["Strike_G"],"event_name":"Transmorgrifier","player_choice":"Transformed","floor":38.0,"gold_loss":0.0,"damage_taken":0.0,"cards_obtained":["After Image"]},{"damage_healed":0.0,"max_hp_gain":0.0,"max_hp_loss":0.0,"gold_gain":0.0,"event_name":"Mysterious Sphere","player_choice":"Fight","floor":41.0,"gold_loss":0.0,"damage_taken":0.0},{"damage_healed":0.0,"max_hp_gain":0.0,"max_hp_loss":0.0,"gold_gain":0.0,"event_name":"WeMeetAgain","player_choice":"Paid Gold","floor":44.0,"gold_loss":76.0,"damage_taken":0.0,"relics_obtained":["Darkstone Periapt"]}],"is_beta":false,"boss_relics":[{"not_picked":["Empty Cage","Velvet Choker"],"picked":"Sozu"},{"not_picked":["Astrolabe","Snecko Eye"],"picked":"Cursed Key"}],"items_purged_floors":[31],"is_endless":false,"potions_floor_spawned":[1,2,8,16,19,20,22,33,36,37,39,47,54],"killed_by":"The Heart","ascension_level":15}