{"gold_per_floor":[114,74,74,93,18,18,53,71,98,132,145,145,165,177,177,250,250,264,264,18,18,18,53,53,65,65,65,81,81],"floor_reached":29,"playtime":1278,"items_purged":["Strike_G","Strike_G"],"score":556,"play_id":"b281e7ec-e003-4e79-94fc-122a8b14bdc9","local_time":"20190215112431","is_ascension_mode":true,"campfire_choices":[{"data":"Noxious Fumes","floor":6.0,"key":"SMITH"},{"data":"Noxious Fumes","floor":12.0,"key":"SMITH"},{"data":"Bouncing Flask","floor":15.0,"key":"SMITH"},{"data":"Well Laid Plans","floor":24.0,"key":"SMITH"},{"data":"Tactician","floor":27.0,"key":"SMITH"}],"neow_cost":"TEN_PERCENT_HP_LOSS","seed_source_timestamp":11736557938862,"circlet_count":0,"master_deck":["AscendersBane","Defend_G","Defend_G","Defend_G","Defend_G","Defend_G","Strike_G","Strike_G","Strike_G","Survivor","Neutralize","PanicButton","Dramatic Entrance","Bouncing Flask+1","Noxious Fumes+1","Leg Sweep","Noxious Fumes+1","Adrenaline","Tactician+1","Tools of the Trade","Well Laid Plans+1"],"special_seed":0,"relics":["Ring of the Snake","FaceOfCleric","Bag of Marbles","Lantern","Pear","Coffee Dripper","Nilry\u0027s Codex","Ornamental Fan"],"potions_floor_usage":[29],"damage_taken":[{"damage":1.0,"enemies":"Jaw Worm","floor":1.0,"turns":4.0},{"damage":0.0,"enemies":"Cultist","floor":4.0,"turns":4.0},{"damage":20.0,"enemies":"Lagavulin","floor":7.0,"turns":6.0},{"damage":1.0,"enemies":"2 Louse","floor":8.0,"turns":3.0},{"damage":17.0,"enemies":"Gremlin Nob","floor":10.0,"turns":5.0},{"damage":6.0,"enemies":"Blue Slaver","floor":11.0,"turns":6.0},{"damage":0.0,"enemies":"Exordium Thugs","floor":13.0,"turns":5.0},{"damage":0.0,"enemies":"2 Fungi Beasts","floor":14.0,"turns":2.0},{"damage":9.0,"enemies":"Slime Boss","floor":16.0,"turns":8.0},{"damage":13.0,"enemies":"Shell Parasite","floor":18.0,"turns":5.0},{"damage":38.0,"enemies":"Slavers","floor":23.0,"turns":5.0},{"damage":0.0,"enemies":"Spheric Guardian","floor":25.0,"turns":3.0},{"damage":4,"enemies":"Centurion and Healer","floor":28,"turns":6},{"damage":6,"enemies":"Book of Stabbing","floor":29,"turns":4}],"seed_played":"-1105551687057279086","potions_obtained":[{"floor":7.0,"key":"Energy Potion"},{"floor":8.0,"key":"EssenceOfSteel"},{"floor":14.0,"key":"Poison Potion"},{"floor":25.0,"key":"Swift Potion"}],"is_trial":false,"path_per_floor":["M","$","?","M","$","R","E","M","T","E","M","R","M","M","R","B",null,"M","?","$","?","$","E","R","M","T","R","M","E"],"character_chosen":"THE_SILENT","items_purchased":["Noxious Fumes","Well Laid Plans","SkillPotion"],"campfire_rested":0,"item_purchase_floors":[2,20,20],"current_hp_per_floor":[58,58,58,59,59,59,40,40,40,34,29,29,30,31,31,23,64,52,31,31,47,47,10,10,11,11,11,8,2],"gold":81,"neow_bonus":"RANDOM_COLORLESS_2","is_prod":false,"is_daily":false,"chose_seed":false,"campfire_upgraded":5,"win_rate":0,"timestamp":1550201071,"path_taken":["M","$","?","M","?","R","E","M","T","E","M","R","M","M","R","BOSS","M","?","$","?","?","E","R","M","T","R","?","E"],"build_version":"2019-01-23","purchased_purges":2,"victory":false,"max_hp_per_floor":[60,60,60,61,61,61,62,63,63,74,75,75,76,77,77,78,78,79,79,79,79,79,80,80,81,81,81,82,82],"card_choices":[{"not_picked":["Underhanded Strike","Dagger Throw"],"picked":"Bouncing Flask","floor":1.0},{"not_picked":["Expertise","Poisoned Stab"],"picked":"Leg Sweep","floor":4.0},{"not_picked":["Dodge and Roll","Reflex","Outmaneuver"],"picked":"SKIP","floor":7.0},{"not_picked":["Blade Dance","Sucker Punch","Acrobatics"],"picked":"SKIP","floor":8.0},{"not_picked":["Blade Dance","Acrobatics"],"picked":"Noxious Fumes","floor":10.0},{"not_picked":["Backstab","Backflip"],"picked":"Adrenaline","floor":11.0},{"not_picked":["Distraction","Dodge and Roll","Cloak And Dagger"],"picked":"SKIP","floor":13.0},{"not_picked":["Blade Dance","Cloak And Dagger"],"picked":"Tactician","floor":14.0},{"not_picked":["Phantasmal Killer","Bullet Time"],"picked":"Tools of the Trade","floor":16.0},{"not_picked":["Sucker Punch","Terror+1","Tactician"],"picked":"SKIP","floor":18.0},{"not_picked":["Infinite Blades","Underhanded Strike","Leg Sweep"],"picked":"SKIP","floor":23.0},{"not_picked":["Dagger Throw+1","Expertise","Distraction"],"picked":"SKIP","floor":25.0},{"not_picked":["Crippling Poison","Sucker Punch","Blade Dance"],"picked":"SKIP","floor":28}],"player_experience":2763659,"relics_obtained":[{"floor":7.0,"key":"Bag of Marbles"},{"floor":9.0,"key":"Lantern"},{"floor":10.0,"key":"Pear"},{"floor":19.0,"key":"Nilry\u0027s Codex"},{"floor":23.0,"key":"Ornamental Fan"}],"event_choices":[{"damage_healed":0.0,"max_hp_gain":0.0,"max_hp_loss":0.0,"gold_gain":0.0,"event_name":"FaceTrader","player_choice":"Trade","floor":3.0,"gold_loss":0.0,"damage_taken":0.0,"relics_obtained":["FaceOfCleric"]},{"damage_healed":0.0,"max_hp_gain":0.0,"max_hp_loss":0.0,"gold_gain":0.0,"event_name":"Cursed Tome","player_choice":"Obtained Book","floor":19.0,"gold_loss":0.0,"damage_taken":21.0},{"damage_healed":16.0,"max_hp_gain":0.0,"max_hp_loss":0.0,"gold_gain":0.0,"event_name":"The Library","player_choice":"Heal","floor":21.0,"gold_loss":0.0,"damage_taken":0.0}],"is_beta":false,"boss_relics":[{"not_picked":["Runic Dome","Black Star"],"picked":"Coffee Dripper"}],"items_purged_floors":[5,20],"is_endless":false,"potions_floor_spawned":[7,8,14,25],"killed_by":"Book of Stabbing","ascension_level":20}