{"gold_per_floor":[117,40,40,57,68,100,112,151,163,202,214,226,249,280,292,379,391,422,453,483,545,557,569,612,624,636,661,684,713,725,344,344,419,419,429,429,429,429,1428,1428,684,684,684,702,720,772,786,805,805,805,805,805,805,232,232],"floor_reached":55,"playtime":3869,"items_purged":["Strike_G","Normality","Strike_G"],"score":1939,"play_id":"3d0d1693-9d51-4a58-9738-f1effaa9a76b","local_time":"20190408161600","is_ascension_mode":true,"campfire_choices":[{"data":"Poisoned Stab","floor":7.0,"key":"SMITH"},{"data":"Well Laid Plans","floor":12.0,"key":"SMITH"},{"data":"Deadly Poison","floor":15.0,"key":"SMITH"},{"data":"Neutralize","floor":23.0,"key":"SMITH"},{"floor":25.0,"key":"REST"},{"data":"Bullet Time","floor":30.0,"key":"SMITH"},{"data":"Purity","floor":32.0,"key":"SMITH"},{"data":"Apotheosis","floor":40.0,"key":"SMITH"},{"floor":42.0,"key":"RECALL"},{"data":"Transmutation","floor":49.0,"key":"SMITH"},{"data":"Acrobatics","floor":53.0,"key":"SMITH"}],"neow_cost":"TEN_PERCENT_HP_LOSS","seed_source_timestamp":9924419291410,"circlet_count":0,"master_deck":["AscendersBane","Defend_G","Defend_G+1","Defend_G","Defend_G","Strike_G+1","Strike_G+1","Survivor+1","Neutralize+1","Die Die Die","Well Laid Plans+1","Poisoned Stab+1","Night Terror","Escape Plan","After Image","Heel Hook","Deadly Poison+1","Bullet Time+1","Backflip","PiercingWail","Night Terror","Bullet Time","Acrobatics+1","Outmaneuver+1","Purity+1","Grand Finale","Apotheosis+1","Transmutation+1","Metamorphosis","Burst","Normality","Secret Technique","Discovery","Leg Sweep","Tactician+1","Acrobatics+1","Chrysalis"],"special_seed":0,"relics":["Ring of the Snake","Pear","MawBank","War Paint","Smiling Mask","PreservedInsect","Runic Pyramid","Bottled Flame","Ornamental Fan","Juzu Bracelet","Coffee Dripper","Strawberry","Happy Flower","Whetstone","Membership Card","Oddly Smooth Stone","Boot"],"potions_floor_usage":[55],"damage_taken":[{"damage":1.0,"enemies":"Cultist","floor":1.0,"turns":4.0},{"damage":0.0,"enemies":"2 Louse","floor":4.0,"turns":2.0},{"damage":2.0,"enemies":"Jaw Worm","floor":5.0,"turns":5.0},{"damage":12.0,"enemies":"3 Sentries","floor":6.0,"turns":10.0},{"damage":11.0,"enemies":"Gremlin Nob","floor":8.0,"turns":3.0},{"damage":1.0,"enemies":"Lagavulin","floor":10.0,"turns":15.0},{"damage":0.0,"enemies":"Exordium Thugs","floor":13.0,"turns":5.0},{"damage":0.0,"enemies":"Looter","floor":14.0,"turns":4.0},{"damage":11.0,"enemies":"Hexaghost","floor":16.0,"turns":11.0},{"damage":2.0,"enemies":"2 Thieves","floor":18.0,"turns":4.0},{"damage":13.0,"enemies":"Chosen","floor":19.0,"turns":6.0},{"damage":0.0,"enemies":"3 Cultists","floor":20.0,"turns":4.0},{"damage":40.0,"enemies":"Slavers","floor":24.0,"turns":3.0},{"damage":0.0,"enemies":"Centurion and Healer","floor":27.0,"turns":3.0},{"damage":13.0,"enemies":"Sentry and Sphere","floor":28.0,"turns":5.0},{"damage":1.0,"enemies":"Snecko","floor":29.0,"turns":5.0},{"damage":1.0,"enemies":"Champ","floor":33.0,"turns":9.0},{"damage":17.0,"enemies":"3 Darklings","floor":35.0,"turns":5.0},{"damage":0.0,"enemies":"3 Shapes","floor":44.0,"turns":6.0},{"damage":0.0,"enemies":"Spire Growth","floor":45.0,"turns":6.0},{"damage":4.0,"enemies":"Writhing Mass","floor":47.0,"turns":10.0},{"damage":2.0,"enemies":"Jaw Worm Horde","floor":48.0,"turns":6.0},{"damage":31.0,"enemies":"Time Eater","floor":50.0,"turns":10.0},{"damage":0.0,"enemies":"Awakened One","floor":51.0,"turns":9.0},{"damage":27,"enemies":"Shield and Spear","floor":55,"turns":3}],"seed_played":"-7811700392313383684","potions_obtained":[{"floor":1.0,"key":"FearPotion"},{"floor":5.0,"key":"FearPotion"},{"floor":13.0,"key":"Ancient Potion"},{"floor":14.0,"key":"PowerPotion"},{"floor":24.0,"key":"SpeedPotion"},{"floor":33.0,"key":"Regen Potion"},{"floor":35.0,"key":"Weak Potion"}],"is_trial":false,"path_per_floor":["M","$","T","M","M","E","R","E","T","E","?","R","M","M","R","B",null,"M","M","M","?","?","R","E","R","T","M","M","M","R","$","R","B",null,"M","?","?","?","?","R","$","R","T","M","M","T","M","M","R","B","B",null,"R","$","E"],"character_chosen":"THE_SILENT","items_purchased":["Night Terror","Purity","GhostInAJar","Juzu Bracelet","Strawberry","Happy Flower","Secret Technique","Dexterity Potion","Discovery","Membership Card","Oddly Smooth Stone","Boot","PowerPotion","Dexterity Potion","Chrysalis"],"campfire_rested":1,"item_purchase_floors":[2,31,31,31,41,41,41,41,41,54,54,54,54,54,54],"current_hp_per_floor":[58,58,68,68,66,54,54,43,43,42,42,42,42,42,42,31,60,58,45,45,45,45,45,5,26,26,26,13,12,12,12,12,11,55,50,40,40,40,40,40,47,47,47,47,47,47,43,41,41,10,10,60,60,60,33],"gold":232,"neow_bonus":"TRANSFORM_TWO_CARDS","is_prod":false,"is_daily":false,"chose_seed":false,"campfire_upgraded":9,"win_rate":0,"timestamp":1554711360,"path_taken":["M","$","?","?","M","E","R","E","T","E","?","R","?","M","R","BOSS","M","M","M","?","?","R","E","R","T","M","?","M","R","$","R","BOSS","M","?","?","?","?","R","$","R","T","M","M","?","M","M","R","BOSS","BOSS","R","$","E"],"build_version":"2019-01-23","purchased_purges":3,"victory":false,"max_hp_per_floor":[60,60,70,70,70,70,70,70,70,70,70,70,70,70,70,70,70,70,70,70,70,70,70,70,70,70,70,70,70,70,70,70,70,70,70,70,70,70,70,70,77,77,77,77,77,77,77,77,77,77,77,77,77,77,77],"card_choices":[{"not_picked":["Endless Agony","Underhanded Strike"],"picked":"Poisoned Stab","floor":1.0},{"not_picked":["Sucker Punch","PiercingWail"],"picked":"Escape Plan","floor":4.0},{"not_picked":["Underhanded Strike","Skewer","Dagger Spray"],"picked":"SKIP","floor":5.0},{"not_picked":["Dagger Spray","Finisher"],"picked":"After Image","floor":6.0},{"not_picked":["Prepared","Flying Knee","Finisher"],"picked":"SKIP","floor":8.0},{"not_picked":["PiercingWail","Flying Knee","Outmaneuver"],"picked":"SKIP","floor":10.0},{"not_picked":["Dagger Spray","Blade Dance"],"picked":"Heel Hook","floor":13.0},{"not_picked":["Dagger Throw","Skewer"],"picked":"Deadly Poison","floor":14.0},{"not_picked":["Glass Knife","Phantasmal Killer"],"picked":"Bullet Time","floor":16.0},{"not_picked":["Slice","Accuracy"],"picked":"Backflip","floor":18.0},{"not_picked":["Expertise","Heel Hook","Deadly Poison"],"picked":"SKIP","floor":19.0},{"not_picked":["Dagger Throw","Prepared"],"picked":"PiercingWail","floor":20.0},{"not_picked":["Quick Slash","Envenom"],"picked":"Bullet Time","floor":24.0},{"not_picked":["Underhanded Strike","Sucker Punch"],"picked":"Acrobatics+1","floor":27.0},{"not_picked":["Deflect","Poisoned Stab+1"],"picked":"Outmaneuver+1","floor":28.0},{"not_picked":["Underhanded Strike","Distraction","Flechettes+1"],"picked":"SKIP","floor":29.0},{"not_picked":["Envenom","After Image"],"picked":"Grand Finale","floor":33.0},{"not_picked":["Well Laid Plans","Dagger Spray+1","Bane"],"picked":"SKIP","floor":35.0},{"not_picked":["Discovery","Secret Technique"],"picked":"Apotheosis","floor":36.0},{"not_picked":["Madness","Chrysalis"],"picked":"Transmutation","floor":36.0},{"not_picked":["Swift Strike","Dramatic Entrance"],"picked":"Metamorphosis","floor":36.0},{"not_picked":["Slice","Dodge and Roll+1"],"picked":"Leg Sweep","floor":44.0},{"not_picked":["Setup","Masterful Stab"],"picked":"Tactician+1","floor":45.0},{"not_picked":["Sucker Punch","Underhanded Strike+1"],"picked":"Acrobatics","floor":47.0},{"not_picked":["Finisher","Quick Slash","Blade Dance"],"picked":"SKIP","floor":48.0}],"player_experience":4152569,"relics_obtained":[{"floor":3.0,"key":"Pear"},{"floor":6.0,"key":"MawBank"},{"floor":8.0,"key":"War Paint"},{"floor":9.0,"key":"Smiling Mask"},{"floor":10.0,"key":"PreservedInsect"},{"floor":24.0,"key":"Bottled Flame"},{"floor":26.0,"key":"Ornamental Fan"},{"floor":46.0,"key":"Whetstone"}],"event_choices":[{"damage_healed":0.0,"max_hp_gain":0.0,"max_hp_loss":0.0,"gold_gain":0.0,"event_name":"Match and Keep!","player_choice":"0 cards matched","floor":11.0,"gold_loss":0.0,"damage_taken":0.0,"cards_obtained":[]},{"damage_healed":0.0,"max_hp_gain":0.0,"max_hp_loss":0.0,"gold_gain":50.0,"event_name":"Nest","player_choice":"Stole From Cult","floor":21.0,"gold_loss":0.0,"damage_taken":0.0},{"damage_healed":0.0,"max_hp_gain":0.0,"max_hp_loss":0.0,"gold_gain":0.0,"event_name":"Duplicator","player_choice":"Copied","floor":22.0,"gold_loss":0.0,"damage_taken":0.0,"cards_obtained":["Night Terror"]},{"damage_healed":0.0,"max_hp_gain":0.0,"max_hp_loss":0.0,"gold_gain":0.0,"event_name":"SensoryStone","player_choice":"Memory 3","floor":36.0,"gold_loss":0.0,"damage_taken":10.0},{"damage_healed":0.0,"max_hp_gain":0.0,"max_hp_loss":0.0,"gold_gain":0.0,"event_name":"Mysterious Sphere","player_choice":"Ignored","floor":37.0,"gold_loss":0.0,"damage_taken":0.0},{"damage_healed":0.0,"max_hp_gain":0.0,"max_hp_loss":0.0,"gold_gain":0.0,"event_name":"Match and Keep!","player_choice":"1 cards matched","floor":38.0,"gold_loss":0.0,"damage_taken":0.0,"cards_obtained":["Burst"]},{"damage_healed":0.0,"max_hp_gain":0.0,"max_hp_loss":0.0,"gold_gain":999.0,"event_name":"MindBloom","player_choice":"Gold","floor":39.0,"gold_loss":0.0,"damage_taken":0.0,"cards_obtained":["Normality","Normality"]}],"is_beta":false,"boss_relics":[{"not_picked":["Sozu","Busted Crown"],"picked":"Runic Pyramid"},{"not_picked":["Philosopher\u0027s Stone","Runic Dome"],"picked":"Coffee Dripper"}],"items_purged_floors":[31,41,54],"is_endless":false,"potions_floor_spawned":[1,5,13,14,16,19,24,27,28,33,35],"killed_by":"Shield and Spear","ascension_level":20}