{"gold_per_floor":[110,35,54,54,71,106,106,106,132,144,171,183,231,193,205,342,354,386,398,410,120,140,167,167,147,215,233,250,175,190,205,205,306,306,325,325,325,338,213,213,213,225,225,241,253,253,268,8,8,8],"floor_reached":51,"playtime":1232,"items_purged":["Strike_G","Strike_G","Strike_G","Defend_G"],"score":702,"play_id":"96c0ac9d-5c22-4fb2-8900-5b0762894be0","local_time":"20190709100939","is_ascension_mode":false,"campfire_choices":[{"data":"Neutralize","floor":7.0,"key":"SMITH"},{"data":"Deadly Poison","floor":12.0,"key":"SMITH"},{"data":"Tactician","floor":15.0,"key":"SMITH"},{"data":"Adrenaline","floor":24.0,"key":"SMITH"},{"data":"Cloak And Dagger","floor":32.0,"key":"SMITH"},{"data":"Backflip","floor":40.0,"key":"SMITH"},{"data":"Well Laid Plans","floor":49,"key":"SMITH"}],"neow_cost":"NONE","seed_source_timestamp":916970244287700,"circlet_count":0,"master_deck":["Defend_G","Defend_G","Defend_G","Defend_G","Survivor","Neutralize+1","Slice","Deadly Poison+1","Tactician+1","Adrenaline+1","Escape Plan","Backflip+1","Corpse Explosion","Cloak And Dagger+1","Escape Plan+1","Swift Strike","Heel Hook+1","Accuracy+1","Escape Plan+1","Well Laid Plans+1","Well Laid Plans"],"special_seed":0,"relics":["Ring of the Snake","NeowsBlessing","Orichalcum","Bloody Idol","MawBank","Tough Bandages","Cursed Key","Vajra","Letter Opener","Kunai","Black Star"],"potions_floor_usage":[50,50],"damage_taken":[{"damage":0.0,"enemies":"Cultist","floor":1.0,"turns":1.0},{"damage":0.0,"enemies":"2 Louse","floor":3.0,"turns":1.0},{"damage":0.0,"enemies":"Jaw Worm","floor":5.0,"turns":1.0},{"damage":22.0,"enemies":"3 Sentries","floor":6.0,"turns":11.0},{"damage":2.0,"enemies":"2 Fungi Beasts","floor":11.0,"turns":5.0},{"damage":18.0,"enemies":"Gremlin Nob","floor":13.0,"turns":4.0},{"damage":15.0,"enemies":"The Guardian","floor":16.0,"turns":11.0},{"damage":13.0,"enemies":"Chosen","floor":18.0,"turns":7.0},{"damage":23.0,"enemies":"Spheric Guardian","floor":22.0,"turns":6.0},{"damage":22.0,"enemies":"Book of Stabbing","floor":23.0,"turns":8.0},{"damage":2.0,"enemies":"3 Cultists","floor":27.0,"turns":3.0},{"damage":0.0,"enemies":"Snake Plant","floor":28.0,"turns":5.0},{"damage":0.0,"enemies":"Centurion and Healer","floor":30.0,"turns":4.0},{"damage":0.0,"enemies":"3 Cultists","floor":31.0,"turns":2.0},{"damage":44.0,"enemies":"Collector","floor":33.0,"turns":10.0},{"damage":0.0,"enemies":"3 Darklings","floor":35.0,"turns":2.0},{"damage":3.0,"enemies":"Orb Walker","floor":38.0,"turns":5.0},{"damage":10.0,"enemies":"Transient","floor":42.0,"turns":5.0},{"damage":0.0,"enemies":"Jaw Worm Horde","floor":44.0,"turns":2.0},{"damage":0.0,"enemies":"Maw","floor":45.0,"turns":8.0},{"damage":11,"enemies":"3 Darklings","floor":47,"turns":3},{"damage":29,"enemies":"Donu and Deca","floor":50,"turns":8}],"seed_played":"-5715353886407202711","potions_obtained":[{"floor":3.0,"key":"FearPotion"},{"floor":5.0,"key":"Strength Potion"},{"floor":23.0,"key":"Dexterity Potion"},{"floor":25.0,"key":"GhostInAJar"},{"floor":28.0,"key":"Weak Potion"},{"floor":30.0,"key":"Strength Potion"},{"floor":42.0,"key":"FearPotion"},{"floor":44.0,"key":"PowerPotion"}],"is_trial":false,"path_per_floor":["M","$","M","$","M","E","R","?","T","$","M","R","E","?","R","B",null,"M","?","?","$","M","E","R","?","T","M","M","?","M","M","R","B",null,"M","?","?","M","$","R","?","M","T","M","M","T","M","$","R","B",null],"character_chosen":"THE_SILENT","items_purchased":["Backflip","Vajra","Well Laid Plans","GhostInAJar"],"campfire_rested":0,"item_purchase_floors":[21,21,48,48],"current_hp_per_floor":[70,70,70,70,70,48,48,48,48,48,46,46,28,28,28,13,65,52,52,52,57,39,22,22,22,27,30,35,35,40,45,45,6,65,65,65,62,62,62,62,62,57,57,62,62,62,56,56,56,27],"gold":8,"neow_bonus":"THREE_ENEMY_KILL","is_prod":false,"is_daily":false,"chose_seed":false,"campfire_upgraded":7,"win_rate":0,"timestamp":1562638179,"path_taken":["M","$","M","?","?","E","R","?","T","?","M","R","E","?","R","BOSS","M","?","?","$","M","E","R","?","T","M","?","?","M","M","R","BOSS","M","?","?","M","$","R","?","M","T","M","M","?","M","$","R","BOSS"],"build_version":"2019-07-05","purchased_purges":4,"victory":true,"max_hp_per_floor":[70,70,70,70,70,70,70,65,65,65,65,65,65,65,65,65,65,65,65,65,65,65,65,65,65,65,65,65,65,65,65,65,65,65,65,65,62,62,62,62,62,62,62,62,62,62,62,62,62,62],"card_choices":[{"not_picked":["Poisoned Stab","Backflip","PiercingWail"],"picked":"SKIP","floor":1.0},{"not_picked":["Sucker Punch","Heel Hook","Deflect"],"picked":"SKIP","floor":3.0},{"not_picked":["Infinite Blades","PiercingWail"],"picked":"Slice","floor":5.0},{"not_picked":["Outmaneuver","Doppelganger","Prepared"],"picked":"SKIP","floor":6.0},{"not_picked":["Flechettes","Footwork"],"picked":"Deadly Poison","floor":11.0},{"not_picked":["Dagger Spray","Blur"],"picked":"Tactician","floor":13.0},{"not_picked":["Phantasmal Killer","Storm of Steel"],"picked":"Adrenaline","floor":16.0},{"not_picked":["Poisoned Stab","Quick Slash"],"picked":"Escape Plan","floor":18.0},{"not_picked":["Quick Slash","Blade Dance","Poisoned Stab+1"],"picked":"SKIP","floor":22.0},{"not_picked":["Quick Slash","Blade Dance","Poisoned Stab+1"],"picked":"SKIP","floor":22.0},{"not_picked":["Endless Agony","Bane"],"picked":"Corpse Explosion","floor":23.0},{"not_picked":["Sucker Punch","Finisher","Deflect"],"picked":"SKIP","floor":27.0},{"not_picked":["Prepared","Quick Slash"],"picked":"Cloak And Dagger","floor":28.0},{"not_picked":["Riddle With Holes+1","Quick Slash+1","Reflex"],"picked":"SKIP","floor":30.0},{"not_picked":["Concentrate","Deflect","Flying Knee"],"picked":"SKIP","floor":31.0},{"not_picked":["Bane","Skewer"],"picked":"Escape Plan+1","floor":35.0},{"not_picked":["Setup+1","Dagger Throw+1","Footwork"],"picked":"SKIP","floor":38.0},{"not_picked":["Forethought","Violence"],"picked":"Swift Strike","floor":41.0},{"not_picked":["Sucker Punch+1","Terror+1","Heel Hook+1"],"picked":"SKIP","floor":42.0},{"not_picked":["Sucker Punch+1","Terror+1"],"picked":"Heel Hook+1","floor":42.0},{"not_picked":["Endless Agony+1","Slice"],"picked":"Accuracy+1","floor":44.0},{"not_picked":["Dodge and Roll+1","Dagger Throw"],"picked":"Escape Plan+1","floor":45.0},{"not_picked":["Deflect","Dagger Spray+1"],"picked":"Well Laid Plans","floor":47}],"player_experience":649214,"relics_obtained":[{"floor":6.0,"key":"Orichalcum"},{"floor":9.0,"key":"MawBank"},{"floor":13.0,"key":"Tough Bandages"},{"floor":23.0,"key":"Letter Opener"},{"floor":26.0,"key":"Kunai"}],"event_choices":[{"damage_healed":0.0,"max_hp_gain":0.0,"max_hp_loss":5.0,"gold_gain":0.0,"event_name":"Golden Idol","player_choice":"Lose Max HP","floor":8.0,"gold_loss":0.0,"damage_taken":0.0,"relics_obtained":["Golden Idol"]},{"cards_removed":["Strike_G"],"damage_healed":0.0,"max_hp_gain":0.0,"max_hp_loss":0.0,"gold_gain":0.0,"event_name":"The Cleric","player_choice":"Card Removal","floor":14.0,"gold_loss":50.0,"damage_taken":0.0},{"damage_healed":0.0,"max_hp_gain":0.0,"max_hp_loss":0.0,"gold_gain":0.0,"event_name":"Cursed Tome","player_choice":"Ignored","floor":19.0,"gold_loss":0.0,"damage_taken":0.0},{"damage_healed":0.0,"max_hp_gain":0.0,"max_hp_loss":0.0,"gold_gain":0.0,"event_name":"Forgotten Altar","player_choice":"Gave Idol","floor":20.0,"relics_lost":["Golden Idol"],"gold_loss":0.0,"damage_taken":0.0,"relics_obtained":["Bloody Idol"]},{"damage_healed":0.0,"max_hp_gain":0.0,"max_hp_loss":0.0,"gold_gain":0.0,"event_name":"The Woman in Blue","player_choice":"Bought 1 Potion","floor":25.0,"gold_loss":0.0,"damage_taken":0.0},{"cards_removed":["Decay"],"damage_healed":0.0,"max_hp_gain":0.0,"max_hp_loss":0.0,"gold_gain":0.0,"event_name":"Beggar","player_choice":"Gave Gold","floor":29.0,"gold_loss":75.0,"damage_taken":0.0},{"cards_removed":["Strike_G"],"damage_healed":0.0,"max_hp_gain":0.0,"max_hp_loss":0.0,"gold_gain":0.0,"event_name":"Falling","player_choice":"Removed Attack","floor":36.0,"gold_loss":0.0,"damage_taken":0.0},{"damage_healed":0.0,"max_hp_gain":0.0,"max_hp_loss":3.0,"gold_gain":0.0,"event_name":"Winding Halls","player_choice":"Max HP","floor":37.0,"gold_loss":0.0,"damage_taken":0.0},{"damage_healed":0.0,"max_hp_gain":0.0,"max_hp_loss":0.0,"gold_gain":0.0,"event_name":"SensoryStone","player_choice":"Memory 1","floor":41.0,"gold_loss":0.0,"damage_taken":0.0}],"is_beta":false,"boss_relics":[{"not_picked":["Astrolabe","Pandora\u0027s Box"],"picked":"Cursed Key"},{"not_picked":["Busted Crown","Tiny House"],"picked":"Black Star"}],"items_purged_floors":[2,21,39,48],"is_endless":false,"potions_floor_spawned":[3,5,23,28,30,42,44,47],"ascension_level":0}