{"gold_per_floor":[109,109,124,124,143,143,160,160,160,160,45,76,76,76,76,76],"floor_reached":16,"playtime":269,"items_purged":["Strike_G"],"score":196,"play_id":"eaeb5cfe-d2b0-4b51-94b5-e3a47f2e4e3b","local_time":"20181227144601","is_ascension_mode":true,"campfire_choices":[{"data":"Deadly Poison","floor":6,"key":"SMITH"},{"data":"Footwork","floor":10,"key":"SMITH"},{"data":"Catalyst","floor":13,"key":"SMITH"},{"data":"Neutralize","floor":15,"key":"SMITH"}],"neow_cost":"NONE","seed_source_timestamp":11040754132190,"circlet_count":0,"master_deck":["AscendersBane","Defend_G","Defend_G","Defend_G","Defend_G","Defend_G","Strike_G","Strike_G","Strike_G","Survivor","Neutralize+1","Footwork+1","Deadly Poison+1","Catalyst+1","Tools of the Trade"],"special_seed":0,"relics":["Ring of the Snake","NeowsBlessing","Question Card","Mummified Hand","Juzu Bracelet"],"potions_floor_usage":[],"damage_taken":[{"damage":0.0,"enemies":"Small Slimes","floor":1.0,"turns":1.0},{"damage":0,"enemies":"2 Louse","floor":3,"turns":1},{"damage":0,"enemies":"Jaw Worm","floor":5,"turns":1},{"damage":15,"enemies":"Exordium Wildlife","floor":7,"turns":4},{"damage":28,"enemies":"3 Sentries","floor":12,"turns":13},{"damage":27,"enemies":"The Guardian","floor":16,"turns":2}],"seed_played":"-7734949939887666510","potions_obtained":[],"is_trial":false,"path_per_floor":["M","?","M","?","M","R","M","?","T","R","$","E","R","?","R","B"],"character_chosen":"THE_SILENT","items_purchased":["Catalyst"],"campfire_rested":0,"item_purchase_floors":[11],"current_hp_per_floor":[59,59,59,64,64,64,49,38,38,38,38,10,10,10,10,0],"gold":76,"neow_bonus":"THREE_ENEMY_KILL","is_prod":false,"is_daily":false,"chose_seed":false,"campfire_upgraded":4,"win_rate":0,"timestamp":1545893161,"path_taken":["M","?","M","?","M","R","M","?","T","R","$","E","R","?","R","BOSS"],"build_version":"2018-12-20","purchased_purges":1,"victory":false,"max_hp_per_floor":[66,66,66,71,71,71,71,71,71,71,71,71,71,71,71,71],"card_choices":[{"not_picked":["Quick Slash","Dagger Throw","Underhanded Strike"],"picked":"SKIP","floor":1.0},{"not_picked":["Outmaneuver","Slice"],"picked":"Footwork","floor":3},{"not_picked":["Backflip","Masterful Stab"],"picked":"Deadly Poison","floor":5},{"not_picked":["Prepared","All Out Attack","Poisoned Stab"],"picked":"SKIP","floor":7},{"not_picked":["Choke","Concentrate","Skewer"],"picked":"Tools of the Trade","floor":12}],"player_experience":1519411,"relics_obtained":[{"floor":9,"key":"Mummified Hand"},{"floor":12,"key":"Juzu Bracelet"}],"event_choices":[{"cards_removed":["Strike_G"],"damage_healed":0,"gold_gain":0,"player_choice":"Forget","damage_taken":0,"max_hp_gain":0,"max_hp_loss":0,"event_name":"Living Wall","floor":2,"gold_loss":0},{"damage_healed":0,"gold_gain":0,"player_choice":"Donut","damage_taken":0,"max_hp_gain":5,"max_hp_loss":0,"event_name":"Big Fish","floor":4,"gold_loss":0},{"damage_healed":0,"gold_gain":0,"player_choice":"Success","damage_taken":11,"relics_obtained":["Question Card"],"max_hp_gain":0,"max_hp_loss":0,"event_name":"Scrap Ooze","floor":8,"gold_loss":0},{"damage_healed":0,"gold_gain":0,"player_choice":"Ignored","damage_taken":0,"max_hp_gain":0,"max_hp_loss":0,"event_name":"Shining Light","floor":14,"gold_loss":0}],"is_beta":false,"boss_relics":[],"items_purged_floors":[11],"is_endless":false,"potions_floor_spawned":[],"killed_by":"The Guardian","ascension_level":20}