{"gold_per_floor":[113,128,128,72,72,94,94,124,145,145,145,145,160,170,170,235,277,287,287,298,88,88,88,88,104,104,104,104,104],"floor_reached":29,"playtime":1087,"items_purged":["Strike_G"],"score":628,"play_id":"91a36718-57e2-4562-95d9-8d74bf7cf438","local_time":"20190129141050","is_ascension_mode":true,"campfire_choices":[{"data":"Glass Knife","floor":7.0,"key":"SMITH"},{"data":"Accuracy","floor":10.0,"key":"SMITH"},{"data":"Neutralize","floor":12.0,"key":"SMITH"},{"data":"Caltrops","floor":15.0,"key":"SMITH"},{"data":"Calculated Gamble","floor":23.0,"key":"SMITH"},{"data":"Acrobatics","floor":28,"key":"SMITH"}],"neow_cost":"PERCENT_DAMAGE","seed_source_timestamp":12434452078712,"circlet_count":0,"master_deck":["AscendersBane","Defend_G","Defend_G","Defend_G","Defend_G","Strike_G","Strike_G+1","Survivor","Neutralize+1","Infinite Blades","Glass Knife+1","Acrobatics+1","Accuracy+1","Tools of the Trade","Caltrops+1","Flechettes","Adrenaline","Calculated Gamble+1","Well Laid Plans","Well Laid Plans","Infinite Blades+1","Footwork"],"special_seed":0,"relics":["Ring of the Snake","AscMod:CursedBank","AscMod:StarOfAscension","Vajra","Du-Vu Doll","Bronze Scales","Tiny House"],"potions_floor_usage":[29],"damage_taken":[{"damage":1.0,"enemies":"Cultist","floor":1.0,"turns":3.0},{"damage":0.0,"enemies":"Small Slimes","floor":2.0,"turns":4.0},{"damage":19.0,"enemies":"3 Sentries","floor":6.0,"turns":9.0},{"damage":6.0,"enemies":"Gremlin Nob","floor":8.0,"turns":3.0},{"damage":1.0,"enemies":"2 Louse","floor":13.0,"turns":2.0},{"damage":1.0,"enemies":"Blue Slaver","floor":14.0,"turns":3.0},{"damage":0.0,"enemies":"Hexaghost","floor":16.0,"turns":7.0},{"damage":11.0,"enemies":"Spheric Guardian","floor":18.0,"turns":4.0},{"damage":13.0,"enemies":"3 Byrds","floor":20.0,"turns":4.0},{"damage":0.0,"enemies":"Book of Stabbing","floor":24.0,"turns":1.0},{"damage":20,"enemies":"Sentry and Sphere","floor":25,"turns":4},{"damage":4,"enemies":"Cultist and Chosen","floor":29,"turns":3}],"seed_played":"3044650590768694061","potions_obtained":[{"floor":2.0,"key":"GamblersBrew"},{"floor":13.0,"key":"EssenceOfSteel"},{"floor":16.0,"key":"SkillPotion"},{"floor":17.0,"key":"JungleJuicePotion"},{"floor":25,"key":"Regen Potion"}],"is_trial":false,"path_per_floor":["M","M","?","$","?","E","R","E","T","R","?","R","M","M","R","B",null,"M","?","M","$","?","R","E","M","T","$","R","M"],"character_chosen":"THE_SILENT","items_purchased":["Fire Potion","SmokeBomb"],"campfire_rested":0,"item_purchase_floors":[4,21],"current_hp_per_floor":[43,43,36,36,36,17,17,11,11,11,11,11,10,9,9,9,57,46,46,33,33,33,33,33,13,13,13,13,18],"gold":104,"neow_bonus":"TRANSFORM_TWO_CARDS","is_prod":false,"is_daily":false,"chose_seed":false,"campfire_upgraded":6,"win_rate":0,"timestamp":1548742250,"path_taken":["M","M","?","$","?","E","R","E","T","R","?","R","M","?","R","BOSS","M","?","M","$","?","R","E","M","T","$","R","M"],"build_version":"2019-01-23","purchased_purges":1,"victory":false,"max_hp_per_floor":[66,66,66,66,66,66,66,66,66,66,66,66,66,66,66,66,71,71,71,71,71,71,71,71,71,71,71,71,71],"card_choices":[{"not_picked":["Deflect","PiercingWail"],"picked":"Acrobatics","floor":1.0},{"not_picked":["Slice","Bullet Time","Dodge and Roll"],"picked":"SKIP","floor":2.0},{"not_picked":["Expertise","Bane"],"picked":"Accuracy","floor":6.0},{"not_picked":["Outmaneuver","Poisoned Stab"],"picked":"Tools of the Trade","floor":8.0},{"not_picked":["Quick Slash","Eviscerate"],"picked":"Caltrops","floor":13.0},{"not_picked":["Outmaneuver","Sucker Punch"],"picked":"Flechettes","floor":14.0},{"not_picked":["Envenom","Storm of Steel"],"picked":"Adrenaline","floor":16.0},{"not_picked":["Backflip","Dash"],"picked":"Calculated Gamble","floor":17.0},{"not_picked":["Blade Dance","Backflip"],"picked":"Well Laid Plans","floor":18.0},{"not_picked":["Poisoned Stab","Dodge and Roll"],"picked":"Infinite Blades+1","floor":20.0},{"not_picked":["Sucker Punch","Quick Slash"],"picked":"Footwork","floor":25}],"player_experience":2368480,"relics_obtained":[{"floor":6.0,"key":"Vajra"},{"floor":8.0,"key":"Du-Vu Doll"},{"floor":9.0,"key":"Bronze Scales"}],"event_choices":[{"cards_removed":["Strike_G"],"damage_healed":0.0,"max_hp_gain":0.0,"max_hp_loss":0.0,"gold_gain":0.0,"event_name":"Golden Wing","player_choice":"Card Removal","floor":3.0,"gold_loss":0.0,"damage_taken":7.0},{"damage_healed":0.0,"max_hp_gain":0.0,"max_hp_loss":0.0,"gold_gain":0.0,"event_name":"Liars Game","player_choice":"Ignored","floor":5.0,"gold_loss":0.0,"damage_taken":0.0},{"damage_healed":0.0,"max_hp_gain":0.0,"max_hp_loss":0.0,"gold_gain":0.0,"event_name":"Dead Adventurer","player_choice":"Searched \u00270\u0027 times","floor":11.0,"gold_loss":0.0,"damage_taken":0.0},{"damage_healed":0.0,"max_hp_gain":0.0,"max_hp_loss":0.0,"gold_gain":0.0,"event_name":"The Library","player_choice":"Read","floor":19.0,"gold_loss":0.0,"damage_taken":0.0,"cards_obtained":["Well Laid Plans"]},{"damage_healed":0.0,"max_hp_gain":0.0,"max_hp_loss":0.0,"gold_gain":0.0,"event_name":"Vampires","player_choice":"Ignored","floor":22.0,"gold_loss":0.0,"damage_taken":0.0}],"is_beta":false,"boss_relics":[{"not_picked":["Astrolabe","Eternal Feather"],"picked":"Tiny House"}],"items_purged_floors":[21],"is_endless":false,"potions_floor_spawned":[2,13,16,24,25],"killed_by":"Cultist and Chosen","ascension_level":22}