{"gold_per_floor":[119,119,119,138,25,25,60,60,60,10,53,78,99,114,114,212,212,173,173,173,36,36],"floor_reached":22,"playtime":694,"items_purged":["Strike_B"],"score":384,"play_id":"364632e6-c435-466f-8af2-85f6f7429b72","local_time":"20190227184940","is_ascension_mode":true,"campfire_choices":[{"data":"Streamline","floor":6,"key":"SMITH"},{"data":"Defragment","floor":15,"key":"SMITH"}],"neow_cost":"TEN_PERCENT_HP_LOSS","seed_source_timestamp":859789175945565,"circlet_count":0,"master_deck":["AscendersBane","Defend_B","Defend_B","Defend_B","Zap","Dualcast","Coolheaded","Undo","Defragment+1","Streamline+1","Recycle","Turbo","Conserve Battery","Ball Lightning","Defragment"],"relics":["Cracked Core","Boot","Golden Idol","Cables","Smiling Mask","Coffee Dripper","Enchiridion"],"potions_floor_usage":[11,16,16],"damage_taken":[{"damage":0,"enemies":"Jaw Worm","floor":1,"turns":6},{"damage":0,"enemies":"2 Louse","floor":4,"turns":3},{"damage":12,"enemies":"Lagavulin","floor":7,"turns":6},{"damage":21,"enemies":"3 Sentries","floor":11,"turns":17},{"damage":1,"enemies":"Small Slimes","floor":12,"turns":3},{"damage":2,"enemies":"2 Fungi Beasts","floor":13,"turns":3},{"damage":4,"enemies":"Red Slaver","floor":14,"turns":3},{"damage":32,"enemies":"Slime Boss","floor":16,"turns":11},{"damage":11,"enemies":"2 Thieves","floor":18,"turns":5},{"damage":21,"enemies":"3 Byrds","floor":22,"turns":2}],"seed_played":"5291455692894256864","potions_obtained":[{"floor":4,"key":"Regen Potion"},{"floor":11,"key":"Energy Potion"},{"floor":13,"key":"SpeedPotion"},{"floor":14,"key":"AttackPotion"}],"is_trial":false,"path_per_floor":["M","?","?","M","$","R","E","?","T","$","E","M","M","M","R","B",null,"M","?","?","$","M"],"character_chosen":"DEFECT","items_purchased":["Defragment","Streamline","Turbo","Defragment"],"campfire_rested":0,"item_purchase_floors":[5,5,10,21],"current_hp_per_floor":[64,69,62,62,62,62,50,50,50,50,44,43,41,37,37,5,49,38,38,17,17,0],"gold":36,"neow_bonus":"REMOVE_TWO","is_prod":false,"is_daily":false,"chose_seed":false,"campfire_upgraded":2,"win_rate":0,"timestamp":1551264580,"path_taken":["M","?","?","M","$","R","E","?","T","$","E","M","M","M","R","BOSS","M","?","?","$","M"],"build_version":"2019-01-23","purchased_purges":1,"victory":false,"max_hp_per_floor":[64,69,69,69,69,69,69,63,63,63,63,63,63,63,63,63,63,63,63,63,63,63],"card_choices":[{"not_picked":["Go for the Eyes","Beam Cell"],"picked":"Coolheaded","floor":1},{"not_picked":["Hologram","Steam Power"],"picked":"Undo","floor":4},{"not_picked":["Defragment","Loop"],"picked":"Recycle","floor":7},{"not_picked":["Rebound","Melter"],"picked":"Conserve Battery","floor":11},{"not_picked":["Barrage","Streamline","Recycle"],"picked":"SKIP","floor":12},{"not_picked":["Conserve Battery","Leap","Recycle"],"picked":"SKIP","floor":13},{"not_picked":["Redo","Chaos","Storm"],"picked":"SKIP","floor":14},{"not_picked":["Steam","BootSequence"],"picked":"Ball Lightning","floor":18}],"player_experience":1032208,"relics_obtained":[{"floor":7,"key":"Boot"},{"floor":9,"key":"Cables"},{"floor":11,"key":"Smiling Mask"},{"floor":20,"key":"Enchiridion"}],"event_choices":[{"damage_healed":0,"gold_gain":0,"player_choice":"Donut","damage_taken":0,"max_hp_gain":5,"max_hp_loss":0,"event_name":"Big Fish","floor":2,"gold_loss":0},{"cards_removed":["Defend_B"],"damage_healed":0,"gold_gain":0,"player_choice":"Card Removal","damage_taken":7,"max_hp_gain":0,"max_hp_loss":0,"event_name":"Golden Wing","floor":3,"gold_loss":0},{"damage_healed":0,"gold_gain":0,"player_choice":"Lose Max HP","damage_taken":0,"relics_obtained":["Golden Idol"],"max_hp_gain":0,"max_hp_loss":6,"event_name":"Golden Idol","floor":8,"gold_loss":0},{"cards_removed":["Strike_B"],"damage_healed":0,"gold_gain":0,"player_choice":"Elegance","damage_taken":0,"max_hp_gain":0,"max_hp_loss":0,"event_name":"Back to Basics","floor":19,"gold_loss":0},{"damage_healed":0,"gold_gain":0,"player_choice":"Obtained Book","damage_taken":21,"max_hp_gain":0,"max_hp_loss":0,"event_name":"Cursed Tome","floor":20,"gold_loss":0}],"is_beta":false,"boss_relics":[{"not_picked":["Black Star","Tiny House"],"picked":"Coffee Dripper"}],"items_purged_floors":[21],"is_endless":false,"potions_floor_spawned":[4,11,13,14],"killed_by":"3 Byrds","ascension_level":20}