{"gold_per_floor":[360,360,108,126,126,126,126,102,129,154,169,183,258,273,273,402,402,371,371,387,387],"floor_reached":21,"playtime":1302,"items_purged":[],"score":171,"play_id":"bcc07340-c187-45bd-ad01-77ea2bbff26e","local_time":"20190709085520","is_ascension_mode":false,"campfire_choices":[{"data":"Perfected Strike","floor":6,"key":"SMITH"},{"data":"Entrench","floor":15,"key":"SMITH"}],"neow_cost":"PERCENT_DAMAGE","seed_source_timestamp":1419122034854903,"circlet_count":0,"master_deck":["Strike_R","Strike_R","Strike_R","Strike_R","Strike_R","Defend_R","Defend_R","Defend_R","Defend_R","Bash","Perfected Strike+1","Dual Wield+1","Shrug It Off","Thinking Ahead+1","Perfected Strike","Armaments","Armaments","Twin Strike","Heavy Blade","Entrench+1","Feed","Pain","Regret","Doubt","Pommel Strike","Reaper"],"relics":["Burning Blood","Golden Idol","Strawberry","Calling Bell","Regal Pillow","Darkstone Periapt","Nloth\u0027s Gift"],"potions_floor_usage":[16,16,18,20,21],"damage_taken":[{"damage":1,"enemies":"Cultist","floor":1,"turns":4},{"damage":0,"enemies":"Small Slimes","floor":4,"turns":3},{"damage":0,"enemies":"2 Louse","floor":10,"turns":2},{"damage":1,"enemies":"Exordium Thugs","floor":11,"turns":4},{"damage":8,"enemies":"2 Fungi Beasts","floor":12,"turns":3},{"damage":3,"enemies":"Red Slaver","floor":14,"turns":3},{"damage":57,"enemies":"The Guardian","floor":16,"turns":13},{"damage":20,"enemies":"2 Thieves","floor":18,"turns":5},{"damage":66,"enemies":"Shell Parasite","floor":20,"turns":8},{"damage":25,"enemies":"Centurion and Healer","floor":21,"turns":2}],"seed_played":"-6484653749987302333","potions_obtained":[{"floor":4,"key":"SpeedPotion"},{"floor":11,"key":"Swift Potion"},{"floor":16,"key":"Block Potion"},{"floor":18,"key":"Regen Potion"},{"floor":20,"key":"Poison Potion"}],"is_trial":false,"path_per_floor":["M","?","$","M","?","R","?","$","T","M","M","M","?","M","R","B",null,"M","?","M","M"],"character_chosen":"IRONCLAD","items_purchased":["Dual Wield","Shrug It Off","Thinking Ahead","Armaments"],"campfire_rested":0,"item_purchase_floors":[3,3,3,8],"current_hp_per_floor":[61,61,61,67,51,51,51,51,58,64,69,67,56,59,59,8,81,67,67,22,0],"gold":387,"neow_bonus":"TWO_FIFTY_GOLD","is_prod":false,"is_daily":false,"chose_seed":false,"campfire_upgraded":2,"win_rate":0.0,"timestamp":1562651720,"path_taken":["M","?","$","M","?","R","?","$","T","?","M","M","?","M","R","BOSS","M","?","?","M"],"build_version":"2019-07-05","purchased_purges":0,"victory":false,"max_hp_per_floor":[80,80,80,80,80,80,74,74,81,81,81,81,81,81,81,81,81,81,81,81,81],"card_choices":[{"not_picked":["Clothesline","Thunderclap"],"picked":"Perfected Strike","floor":1},{"not_picked":["Shrug It Off","Juggernaut"],"picked":"Perfected Strike","floor":4},{"not_picked":["Rupture","Flex"],"picked":"Armaments","floor":10},{"not_picked":["Clash","Blood for Blood"],"picked":"Twin Strike","floor":11},{"not_picked":["Headbutt","Flex"],"picked":"Heavy Blade","floor":12},{"not_picked":["Iron Wave","Thunderclap"],"picked":"Entrench","floor":14},{"not_picked":["Juggernaut","Limit Break"],"picked":"Feed","floor":16},{"not_picked":["Clothesline","Perfected Strike"],"picked":"Pommel Strike","floor":18},{"not_picked":["Anger","Headbutt+1"],"picked":"Reaper","floor":20}],"player_experience":28106,"relics_obtained":[{"floor":9,"key":"Strawberry"},{"floor":17,"key":"Regal Pillow"},{"floor":17,"key":"Darkstone Periapt"},{"floor":17,"key":"Calipers"}],"event_choices":[{"damage_healed":0,"gold_gain":0,"player_choice":"Ignored","damage_taken":0,"max_hp_gain":0,"max_hp_loss":0,"event_name":"Golden Wing","floor":2,"gold_loss":0},{"damage_healed":0,"gold_gain":0,"player_choice":"Entered Light","damage_taken":16,"max_hp_gain":0,"max_hp_loss":0,"event_name":"Shining Light","floor":5,"gold_loss":0,"cards_upgraded":["Thinking Ahead","Dual Wield"]},{"damage_healed":0,"gold_gain":0,"player_choice":"Lose Max HP","damage_taken":0,"relics_obtained":["Golden Idol"],"max_hp_gain":0,"max_hp_loss":6,"event_name":"Golden Idol","floor":7,"gold_loss":0},{"damage_healed":0,"gold_gain":75,"player_choice":"Gather Gold","damage_taken":11,"max_hp_gain":0,"max_hp_loss":0,"event_name":"World of Goop","floor":13,"gold_loss":0},{"damage_healed":0,"gold_gain":0,"player_choice":"Traded Relic","damage_taken":0,"relics_obtained":["Nloth\u0027s Gift"],"max_hp_gain":0,"max_hp_loss":0,"event_name":"N\u0027loth","floor":19,"relics_lost":["Calipers"],"gold_loss":0}],"is_beta":false,"boss_relics":[{"not_picked":["Ectoplasm","Runic Dome"],"picked":"Calling Bell"}],"items_purged_floors":[],"is_endless":false,"potions_floor_spawned":[4,11,16,18,20],"killed_by":"Centurion and Healer","ascension_level":0}