{"gold_per_floor":[111,111,128,144,71,71,83,100,100,100,126,126,126,53,53,155,155,165,18,36,36,49,49,64,91,142,142,62,62,62,74,74,176,176,194,194,94,110,122,122,134,134,134,134,134,134,153,38,38,38],"floor_reached":51,"playtime":1934,"items_purged":["Strike_G","Strike_G","Strike_G"],"score":690,"play_id":"4ac50015-c746-4570-8d27-af3ca55a715d","local_time":"20181015152336","is_ascension_mode":false,"campfire_choices":[{"data":"Footwork","floor":6.0,"key":"SMITH"},{"data":"Footwork","floor":10.0,"key":"SMITH"},{"data":"A Thousand Cuts","floor":12.0,"key":"SMITH"},{"data":"Wraith Form v2","floor":15.0,"key":"SMITH"},{"data":"Well Laid Plans","floor":23.0,"key":"SMITH"},{"data":"Noxious Fumes","floor":27.0,"key":"SMITH"},{"data":"Noxious Fumes","floor":29.0,"key":"SMITH"},{"data":"Footwork","floor":32.0,"key":"SMITH"},{"data":"Corpse Explosion","floor":40.0,"key":"SMITH"},{"floor":45,"key":"REST"},{"floor":49,"key":"REST"}],"neow_cost":"NONE","seed_source_timestamp":16797922400196,"circlet_count":0,"master_deck":["Defend_G+1","Defend_G+1","Defend_G+1","Defend_G+1","Defend_G+1","Strike_G+1","Strike_G+1","Survivor+1","Neutralize+1","Footwork+1","Footwork+1","Dash+1","Backflip+1","A Thousand Cuts+1","Wraith Form v2+1","Bullet Time+1","Noxious Fumes+1","Well Laid Plans+1","Footwork+1","Noxious Fumes+1","Predator+1","Tools of the Trade+1","Corpse Explosion+1","Deadly Poison+1","Blur+1","Adrenaline+1","Catalyst+1"],"special_seed":0,"relics":["Ring of the Snake","Mercury Hourglass","Ornamental Fan","Velvet Choker","The Courier","Bag of Marbles","Orrery","Letter Opener","Mark of the Bloom","Snake Skull"],"potions_floor_usage":[50],"damage_taken":[{"damage":1.0,"enemies":"Cultist","floor":1.0,"turns":3.0},{"damage":2.0,"enemies":"Small Slimes","floor":3.0,"turns":4.0},{"damage":1.0,"enemies":"2 Louse","floor":4.0,"turns":4.0},{"damage":8.0,"enemies":"Looter","floor":7.0,"turns":4.0},{"damage":0.0,"enemies":"Gremlin Gang","floor":8.0,"turns":8.0},{"damage":8.0,"enemies":"Lagavulin","floor":11.0,"turns":8.0},{"damage":78.0,"enemies":"Hexaghost","floor":16.0,"turns":16.0},{"damage":0.0,"enemies":"Shell Parasite","floor":18.0,"turns":7.0},{"damage":0.0,"enemies":"2 Thieves","floor":20.0,"turns":4.0},{"damage":0.0,"enemies":"3 Cultists","floor":22.0,"turns":7.0},{"damage":9.0,"enemies":"Centurion and Healer","floor":24.0,"turns":6.0},{"damage":13.0,"enemies":"Gremlin Leader","floor":25.0,"turns":8.0},{"damage":3.0,"enemies":"Chosen and Byrds","floor":31.0,"turns":6.0},{"damage":19.0,"enemies":"Collector","floor":33.0,"turns":8.0},{"damage":7.0,"enemies":"3 Shapes","floor":35.0,"turns":5.0},{"damage":12.0,"enemies":"Orb Walker","floor":38.0,"turns":4.0},{"damage":0.0,"enemies":"3 Darklings","floor":39.0,"turns":3.0},{"damage":0,"enemies":"Spire Growth","floor":41,"turns":6},{"damage":0,"enemies":"Reptomancer","floor":47,"turns":5},{"damage":17,"enemies":"Time Eater","floor":50,"turns":9}],"seed_played":"4927464628424316970","potions_obtained":[{"floor":1.0,"key":"SkillPotion"},{"floor":7.0,"key":"LiquidBronze"},{"floor":8.0,"key":"Fire Potion"},{"floor":20.0,"key":"Ancient Potion"},{"floor":21.0,"key":"Poison Potion"},{"floor":22.0,"key":"SteroidPotion"},{"floor":31.0,"key":"Ancient Potion"},{"floor":33.0,"key":"AttackPotion"},{"floor":39.0,"key":"Ancient Potion"}],"is_trial":false,"path_per_floor":["M","$","M","M","$","R","M","M","T","R","E","R","?","$","R","B",null,"M","$","M","?","M","R","M","E","T","R","$","R","$","M","R","B",null,"M","?","$","M","M","R","M","?","T","?","R","?","M","$","R","B"],"character_chosen":"THE_SILENT","items_purchased":["Footwork","Wraith Form v2","Well Laid Plans","Snake Skull"],"campfire_rested":2,"item_purchase_floors":[5,14,19,48],"current_hp_per_floor":[69,69,67,66,66,66,58,58,58,58,50,50,80,80,80,2,80,80,80,80,80,80,80,71,58,58,58,58,58,58,55,55,36,80,73,73,73,61,61,61,61,61,61,61,61,61,61,61,61,44],"gold":38,"neow_bonus":"ONE_RANDOM_RARE_CARD","is_prod":false,"is_daily":false,"chose_seed":false,"campfire_upgraded":9,"win_rate":0,"timestamp":1539588216,"path_taken":["M","$","M","M","$","R","?","M","T","R","E","R","?","$","R","BOSS","M","$","M","?","M","R","M","E","T","R","$","R","$","M","R","BOSS","M","?","$","M","?","R","M","?","T","?","R","?","M","$","R","BOSS"],"build_version":"2018-10-11","purchased_purges":3,"victory":true,"max_hp_per_floor":[70,70,70,70,70,70,70,70,70,70,70,70,80,80,80,80,80,80,80,80,80,80,80,80,80,80,80,80,80,80,80,80,80,80,80,80,80,80,80,80,80,80,80,80,80,80,80,80,80,80],"card_choices":[{"not_picked":["Prepared","PiercingWail"],"picked":"Footwork","floor":1.0},{"not_picked":["Dagger Spray","Flechettes","Prepared"],"picked":"SKIP","floor":3.0},{"not_picked":["Expertise","Prepared","Acrobatics"],"picked":"SKIP","floor":4.0},{"not_picked":["Prepared","Blade Dance"],"picked":"Dash","floor":7.0},{"not_picked":["Quick Slash","Flechettes"],"picked":"Backflip","floor":8.0},{"not_picked":["Infinite Blades","Endless Agony"],"picked":"A Thousand Cuts","floor":11.0},{"not_picked":["Phantasmal Killer","Unload"],"picked":"Bullet Time","floor":16.0},{"not_picked":["Riddle With Holes","Backstab+1"],"picked":"Noxious Fumes","floor":18.0},{"not_picked":["Outmaneuver","Tactician","PiercingWail"],"picked":"SKIP","floor":20.0},{"not_picked":["Escape Plan","Cloak And Dagger","Sucker Punch+1"],"picked":"SKIP","floor":22.0},{"not_picked":["Dagger Throw","Terror+1"],"picked":"Footwork","floor":24.0},{"not_picked":["Cloak And Dagger","PiercingWail"],"picked":"Noxious Fumes","floor":25.0},{"not_picked":["Reflex","Dagger Spray"],"picked":"Predator+1","floor":31.0},{"not_picked":["Venomology","Grand Finale"],"picked":"Tools of the Trade","floor":33.0},{"not_picked":["Prepared+1","Dagger Throw"],"picked":"Corpse Explosion","floor":34.0},{"not_picked":["Dagger Spray","Cloak And Dagger+1"],"picked":"Deadly Poison","floor":34.0},{"not_picked":["Predator","Deflect"],"picked":"Blur+1","floor":35.0},{"not_picked":["Blade Dance+1","Quick Slash+1","Sucker Punch+1"],"picked":"SKIP","floor":38.0},{"not_picked":["Reflex+1","Cloak And Dagger"],"picked":"Adrenaline","floor":39.0},{"not_picked":["Acrobatics+1","Blade Dance"],"picked":"Catalyst","floor":41},{"not_picked":["Acrobatics+1","Blade Dance+1","Dagger Spray+1"],"picked":"SKIP","floor":47}],"player_experience":209396,"relics_obtained":[{"floor":9.0,"key":"Mercury Hourglass"},{"floor":11.0,"key":"Ornamental Fan"},{"floor":25.0,"key":"The Courier"},{"floor":26.0,"key":"Bag of Marbles"},{"floor":43,"key":"Letter Opener"}],"event_choices":[{"event_name":"Bonfire Elementals","player_choice":"RARE","floor":13.0,"damage_taken":0.0},{"event_name":"The Lab","player_choice":"Got Potions","floor":21.0,"damage_taken":0.0},{"event_name":"Mysterious Sphere","player_choice":"Ignore","floor":36.0,"damage_taken":0.0},{"event_name":"Tomb of Lord Red Mask","player_choice":"Ignored","floor":42,"damage_taken":0},{"event_name":"MindBloom","player_choice":"Upgrade","floor":44,"damage_taken":0},{"event_name":"SensoryStone","player_choice":"Memory 1","floor":46,"damage_taken":0}],"is_beta":false,"boss_relics":[{"not_picked":["Snecko Eye","Ring of the Serpent"],"picked":"Velvet Choker"},{"not_picked":["Calling Bell","Astrolabe"],"picked":"Orrery"}],"items_purged_floors":[19,28,37],"is_endless":false,"potions_floor_spawned":[1,7,8,20,22,31,33,35,39],"ascension_level":0}