{"gold_per_floor":[113,29,29,45,195,195,228,228,298,316,316,331,344,125,125,199,199,211,226,238,288,308,308,408,424,448,448,461,461,461,461,461,535,535,554,654,654,161,161,187,187,217,217,237,248,273,273,302,302,302,302,302,302,23,50,50],"floor_reached":57,"playtime":3744,"items_purged":["Strike_G","Underhanded Strike","Outmaneuver"],"score":3346,"play_id":"05d42583-927d-435e-9044-c715da7e2cbf","local_time":"20181229144724","is_ascension_mode":true,"campfire_choices":[{"data":"Well Laid Plans","floor":6,"key":"SMITH"},{"data":"Neutralize","floor":8,"key":"SMITH"},{"data":"Purity","floor":15,"key":"SMITH"},{"data":"Acrobatics","floor":23,"key":"SMITH"},{"data":"Acrobatics","floor":27,"key":"SMITH"},{"data":"Grand Finale","floor":29,"key":"SMITH"},{"data":"Prepared","floor":32,"key":"SMITH"},{"floor":49,"key":"RECALL"},{"data":"Backflip","floor":53,"key":"SMITH"}],"neow_cost":"NONE","seed_source_timestamp":10993849172408,"circlet_count":0,"master_deck":["AscendersBane","Neutralize+1","Grand Finale+1","Well Laid Plans+1","Acrobatics+1","Purity+1","Acrobatics+1","Calculated Gamble","Prepared","Prepared+1","Catalyst","Die Die Die+1","Backflip+1","Escape Plan","Escape Plan","Escape Plan","Adrenaline","Corpse Explosion","Setup","Escape Plan+1"],"relics":["Ring of the Snake","NeowsBlessing","Paper Crane","Pantograph","Pandora\u0027s Box","Torii","Ornamental Fan","Centennial Puzzle","Lizard Tail","FossilizedHelix","Frozen Eye","Anchor","Bird Faced Urn","Happy Flower","Sundial","The Courier","TheAbacus","Whetstone"],"potions_floor_usage":[12,16,28,56],"damage_taken":[{"damage":0,"enemies":"2 Louse","floor":1,"turns":1},{"damage":0,"enemies":"Cultist","floor":4,"turns":1},{"damage":0,"enemies":"Lagavulin","floor":7,"turns":1},{"damage":0,"enemies":"Jaw Worm","floor":10,"turns":3},{"damage":0,"enemies":"Looter","floor":12,"turns":4},{"damage":1,"enemies":"Large Slime","floor":13,"turns":3},{"damage":33,"enemies":"Slime Boss","floor":16,"turns":6},{"damage":0,"enemies":"Spheric Guardian","floor":18,"turns":2},{"damage":0,"enemies":"Shell Parasite","floor":19,"turns":2},{"damage":3,"enemies":"Sentry and Sphere","floor":20,"turns":3},{"damage":12,"enemies":"Centurion and Healer","floor":22,"turns":3},{"damage":0,"enemies":"Colosseum Slavers","floor":24,"turns":1},{"damage":0,"enemies":"Colosseum Nobs","floor":24,"turns":2},{"damage":0,"enemies":"Snake Plant","floor":25,"turns":2},{"damage":0,"enemies":"3 Cultists","floor":28,"turns":2},{"damage":0,"enemies":"Collector","floor":33,"turns":3},{"damage":0,"enemies":"3 Darklings","floor":35,"turns":1},{"damage":0,"enemies":"Mind Bloom Boss Battle","floor":36,"turns":2},{"damage":0,"enemies":"Nemesis","floor":40,"turns":3},{"damage":0,"enemies":"Reptomancer","floor":42,"turns":2},{"damage":0,"enemies":"3 Shapes","floor":44,"turns":1},{"damage":0,"enemies":"Sphere and 2 Shapes","floor":45,"turns":1},{"damage":0,"enemies":"Giant Head","floor":46,"turns":2},{"damage":0,"enemies":"Reptomancer","floor":48,"turns":2},{"damage":10,"enemies":"Time Eater","floor":50,"turns":4},{"damage":0,"enemies":"Awakened One","floor":51,"turns":2},{"damage":0,"enemies":"Shield and Spear","floor":55,"turns":1},{"damage":27,"enemies":"The Heart","floor":56,"turns":6}],"seed_played":"-7884405163529936352","potions_obtained":[{"floor":1,"key":"AttackPotion"},{"floor":10,"key":"FearPotion"},{"floor":12,"key":"SteroidPotion"},{"floor":19,"key":"Swift Potion"},{"floor":28,"key":"Fruit Juice"},{"floor":35,"key":"SkillPotion"},{"floor":55,"key":"Swift Potion"}],"is_trial":false,"path_per_floor":["M","$","?","M","?","R","E","R","T","M","?","M","M","$","R","B",null,"M","M","M","?","M","R","?","M","T","R","M","R","?","?","R","B",null,"M","?","?","$","?","E","?","E","T","M","M","E","?","E","R","B","B",null,"R","$","E","B",null],"character_chosen":"THE_SILENT","items_purchased":["Grand Finale","Purity","Acrobatics","Frozen Eye","Anchor","TheAbacus"],"campfire_rested":0,"item_purchase_floors":[2,14,14,38,38,54],"current_hp_per_floor":[59,59,59,59,59,59,59,59,59,59,59,59,58,58,58,33,58,58,58,55,55,43,43,43,43,43,43,48,48,48,48,48,71,71,71,71,67,67,67,67,67,67,67,67,67,67,57,59,59,57,67,67,67,67,67,40],"gold":50,"neow_bonus":"THREE_ENEMY_KILL","is_prod":false,"is_daily":false,"chose_seed":false,"campfire_upgraded":8,"win_rate":0,"timestamp":1546066044,"path_taken":["M","$","?","M","?","R","E","R","T","M","?","M","M","$","R","BOSS","M","?","M","?","?","R","?","M","T","R","M","R","?","?","R","BOSS","M","?","?","$","?","E","?","E","T","M","M","E","?","E","R","BOSS","BOSS","R","$","E","BOSS"],"build_version":"2018-12-20","purchased_purges":3,"victory":true,"max_hp_per_floor":[66,66,66,66,66,66,66,66,66,66,66,66,66,66,66,66,66,66,66,66,66,66,66,66,66,66,66,71,71,71,71,71,71,71,71,71,67,67,67,67,67,67,67,67,67,67,67,67,67,67,67,67,67,67,67,67],"card_choices":[{"not_picked":["Choke","Riddle With Holes"],"picked":"Heel Hook","floor":1},{"not_picked":["Sucker Punch","Bane"],"picked":"Well Laid Plans","floor":4},{"not_picked":["Dash","Underhanded Strike","Deflect"],"picked":"SKIP","floor":7},{"not_picked":["Setup","Blade Dance","Outmaneuver"],"picked":"SKIP","floor":10},{"not_picked":["Blade Dance","Footwork"],"picked":"Acrobatics","floor":12},{"not_picked":["Sucker Punch","PiercingWail","Bouncing Flask"],"picked":"SKIP","floor":13},{"not_picked":["Expertise","PiercingWail","Dagger Throw"],"picked":"SKIP","floor":18},{"not_picked":["Choke","Dodge and Roll"],"picked":"Escape Plan","floor":19},{"not_picked":["Deflect+1","Dagger Throw","Caltrops+1"],"picked":"SKIP","floor":20},{"not_picked":["Blade Dance+1","PiercingWail"],"picked":"Escape Plan","floor":22},{"not_picked":["Deflect","Dagger Throw+1"],"picked":"Escape Plan","floor":24},{"not_picked":["Deflect","Backflip","Sucker Punch"],"picked":"SKIP","floor":25},{"not_picked":["Cloak And Dagger","Prepared"],"picked":"Adrenaline","floor":28},{"not_picked":["Sucker Punch","Deadly Poison","Dagger Throw+1"],"picked":"SKIP","floor":35},{"not_picked":["Acrobatics","Slice","Caltrops"],"picked":"SKIP","floor":40},{"not_picked":["Riddle With Holes","Cloak And Dagger+1","Crippling Poison+1"],"picked":"SKIP","floor":42},{"not_picked":["Quick Slash+1","Dagger Throw","Noxious Fumes"],"picked":"SKIP","floor":44},{"not_picked":["Phantasmal Killer","Bane","Deadly Poison+1"],"picked":"SKIP","floor":45},{"not_picked":["Flechettes","Dodge and Roll","Finisher+1"],"picked":"SKIP","floor":46},{"not_picked":["Setup","Prepared","Cloak And Dagger"],"picked":"SKIP","floor":48},{"not_picked":["Poisoned Stab","Bane"],"picked":"Escape Plan+1","floor":55}],"player_experience":1565058,"relics_obtained":[{"floor":7,"key":"Paper Crane"},{"floor":9,"key":"Pantograph"},{"floor":24,"key":"Torii"},{"floor":24,"key":"Ornamental Fan"},{"floor":26,"key":"Centennial Puzzle"},{"floor":36,"key":"FossilizedHelix"},{"floor":40,"key":"Bird Faced Urn"},{"floor":42,"key":"Happy Flower"},{"floor":46,"key":"Sundial"},{"floor":48,"key":"The Courier"},{"floor":55,"key":"Whetstone"}],"event_choices":[{"damage_healed":0,"gold_gain":0,"player_choice":"Leave","damage_taken":0,"max_hp_gain":0,"max_hp_loss":0,"event_name":"The Cleric","floor":3,"gold_loss":0},{"damage_healed":0,"gold_gain":150,"player_choice":"AGREE","damage_taken":0,"max_hp_gain":0,"max_hp_loss":0,"event_name":"Liars Game","floor":5,"gold_loss":0,"cards_obtained":["Doubt"]},{"cards_removed":["Doubt"],"damage_healed":0,"gold_gain":0,"player_choice":"Purged","damage_taken":0,"max_hp_gain":0,"max_hp_loss":0,"event_name":"Purifier","floor":11,"gold_loss":0},{"damage_healed":0,"gold_gain":50,"player_choice":"Pray","damage_taken":0,"max_hp_gain":0,"max_hp_loss":0,"event_name":"Golden Shrine","floor":21,"gold_loss":0},{"damage_healed":0,"gold_gain":0,"player_choice":"Fight","damage_taken":0,"max_hp_gain":0,"max_hp_loss":0,"event_name":"Colosseum","floor":24,"gold_loss":0},{"damage_healed":0,"gold_gain":0,"player_choice":"Fought Nobs","damage_taken":0,"max_hp_gain":0,"max_hp_loss":0,"event_name":"Colosseum","floor":24,"gold_loss":0},{"damage_healed":0,"gold_gain":0,"cards_transformed":["Dodge and Roll","Survivor"],"player_choice":"Became Test Subject","damage_taken":0,"max_hp_gain":0,"max_hp_loss":0,"event_name":"Drug Dealer","floor":30,"gold_loss":0,"cards_obtained":["Corpse Explosion","Setup"]},{"damage_healed":0,"gold_gain":0,"player_choice":"Ignored","damage_taken":0,"max_hp_gain":0,"max_hp_loss":0,"event_name":"Ghosts","floor":31,"gold_loss":0},{"damage_healed":0,"gold_gain":0,"player_choice":"Fight","damage_taken":0,"max_hp_gain":0,"max_hp_loss":0,"event_name":"MindBloom","floor":36,"gold_loss":0},{"damage_healed":0,"gold_gain":0,"player_choice":"Max HP","damage_taken":0,"max_hp_gain":0,"max_hp_loss":4,"event_name":"Winding Halls","floor":37,"gold_loss":0},{"damage_healed":0,"gold_gain":0,"player_choice":"Ignored","damage_taken":0,"max_hp_gain":0,"max_hp_loss":0,"event_name":"Tomb of Lord Red Mask","floor":39,"gold_loss":0},{"cards_removed":["Heel Hook"],"damage_healed":0,"gold_gain":0,"player_choice":"Removed Attack","damage_taken":0,"max_hp_gain":0,"max_hp_loss":0,"event_name":"Falling","floor":41,"gold_loss":0},{"damage_healed":0,"gold_gain":0,"player_choice":"Memory 3","damage_taken":10,"max_hp_gain":0,"max_hp_loss":0,"event_name":"SensoryStone","floor":47,"gold_loss":0}],"is_beta":false,"boss_relics":[{"not_picked":["WristBlade","Runic Dome"],"picked":"Pandora\u0027s Box"},{"not_picked":["White Beast Statue","Velvet Choker"],"picked":"Lizard Tail"}],"items_purged_floors":[14,38,54],"is_endless":false,"potions_floor_spawned":[1,10,12,19,22,24,25,28,35,42,45,55],"ascension_level":20}