{"gold_per_floor":[114,130,55,75,91,91,51,51,127,142,292,292,34,65,65,142,142,142],"floor_reached":18,"playtime":666,"items_purged":["Strike_B"],"score":320,"play_id":"6534c715-69d6-4a90-9229-227e91e80354","local_time":"20190222235611","is_ascension_mode":true,"campfire_choices":[{"data":"Coolheaded","floor":6.0,"key":"SMITH"},{"data":"Dualcast","floor":8.0,"key":"SMITH"},{"data":"Zap","floor":12.0,"key":"SMITH"},{"data":"Recycle","floor":15.0,"key":"SMITH"}],"neow_cost":"NONE","seed_source_timestamp":48758054154832,"circlet_count":0,"master_deck":["AscendersBane","Strike_B","Strike_B","Strike_B","Defend_B","Defend_B","Defend_B","Defend_B","Zap+1","Dualcast+1","Chill","Coolheaded+1","Recycle+1","Cold Snap","Echo Form","Doubt","Ball Lightning","Rip and Tear","Electrodynamics"],"special_seed":0,"relics":["Philosopher\u0027s Stone","The Courier","OrangePellets","Oddly Smooth Stone","Inserter"],"potions_floor_usage":[],"damage_taken":[{"damage":0.0,"enemies":"Cultist","floor":1.0,"turns":3.0},{"damage":0.0,"enemies":"2 Louse","floor":2.0,"turns":3.0},{"damage":1.0,"enemies":"Small Slimes","floor":4.0,"turns":4.0},{"damage":1.0,"enemies":"Blue Slaver","floor":5.0,"turns":4.0},{"damage":2.0,"enemies":"Looter","floor":7.0,"turns":4.0},{"damage":5.0,"enemies":"Red Slaver","floor":10.0,"turns":4.0},{"damage":41.0,"enemies":"3 Sentries","floor":14.0,"turns":7.0},{"damage":13.0,"enemies":"The Guardian","floor":16.0,"turns":11.0},{"damage":15,"enemies":"Shell Parasite","floor":18,"turns":3}],"seed_played":"-2686215862901935500","potions_obtained":[{"floor":1.0,"key":"EssenceOfSteel"},{"floor":14.0,"key":"GamblersBrew"}],"is_trial":false,"path_per_floor":["M","M","$","M","M","R","M","R","T","M","?","R","$","E","R","B",null,"M"],"character_chosen":"DEFECT","items_purchased":["OrangePellets","Ball Lightning","Rip and Tear"],"campfire_rested":0,"item_purchase_floors":[13,13,13],"current_hp_per_floor":[64,64,64,63,62,62,60,60,60,55,55,55,55,14,14,1,54,39],"gold":142,"neow_bonus":"BOSS_RELIC","is_prod":false,"is_daily":false,"chose_seed":false,"campfire_upgraded":4,"win_rate":0,"timestamp":1550850971,"path_taken":["M","M","$","M","M","R","M","R","T","?","?","R","$","E","R","BOSS","M"],"build_version":"2019-01-23","purchased_purges":1,"victory":false,"max_hp_per_floor":[71,71,71,71,71,71,71,71,71,71,71,71,71,71,71,71,71,71],"card_choices":[{"not_picked":["BootSequence","Go for the Eyes"],"picked":"Chill","floor":1.0},{"not_picked":["Leap","Gash"],"picked":"Coolheaded","floor":2.0},{"not_picked":["Double Energy","Rebound"],"picked":"Recycle","floor":4.0},{"not_picked":["Tempest","Conserve Battery","Barrage"],"picked":"SKIP","floor":5.0},{"not_picked":["Double Energy","Beam Cell"],"picked":"Cold Snap","floor":7.0},{"not_picked":["Aggregate","Turbo"],"picked":"Echo Form","floor":10.0},{"not_picked":["BootSequence","Rip and Tear","Lockon"],"picked":"SKIP","floor":14.0},{"not_picked":["Rainbow","Echo Form"],"picked":"Electrodynamics","floor":16.0}],"player_experience":3063789,"relics_obtained":[{"floor":9.0,"key":"The Courier"},{"floor":14.0,"key":"Oddly Smooth Stone"}],"event_choices":[{"damage_healed":0.0,"max_hp_gain":0.0,"max_hp_loss":0.0,"gold_gain":150.0,"event_name":"Liars Game","player_choice":"AGREE","floor":11.0,"gold_loss":0.0,"damage_taken":0.0,"cards_obtained":["Doubt"]}],"is_beta":false,"boss_relics":[{"not_picked":["Fusion Hammer","Astrolabe"],"picked":"Inserter"}],"items_purged_floors":[3],"is_endless":false,"potions_floor_spawned":[1,14],"killed_by":"Shell Parasite","ascension_level":20}