{"gold_per_floor":[110,120,136,136,51,51,76,92,92,105,105,119,119,135,135,135],"floor_reached":16,"playtime":439,"items_purged":[],"score":208,"play_id":"9842daf8-7869-46d4-ae8b-224123ea5d1f","local_time":"20190223001802","is_ascension_mode":true,"campfire_choices":[{"data":"Hologram","floor":6,"key":"SMITH"},{"data":"Coolheaded","floor":11,"key":"SMITH"},{"floor":13,"key":"REST"},{"data":"Zap","floor":15,"key":"SMITH"}],"neow_cost":"NONE","seed_source_timestamp":447744008413103,"circlet_count":0,"master_deck":["AscendersBane","Strike_B","Strike_B","Strike_B","Strike_B","Defend_B","Defend_B","Defend_B","Defend_B","Zap+1","Dualcast","Compile Driver","Hologram+1","Turbo","Electrodynamics","Coolheaded+1","Recycle","Self Repair","Capacitor","Conserve Battery"],"relics":["Cracked Core","NeowsBlessing","Art of War","Matryoshka","Strawberry","Juzu Bracelet"],"potions_floor_usage":[10,16],"damage_taken":[{"damage":0,"enemies":"Jaw Worm","floor":1,"turns":1},{"damage":0,"enemies":"2 Louse","floor":2,"turns":1},{"damage":0,"enemies":"Cultist","floor":3,"turns":1},{"damage":25,"enemies":"Lagavulin","floor":7,"turns":7},{"damage":6,"enemies":"Exordium Wildlife","floor":8,"turns":5},{"damage":1,"enemies":"3 Louse","floor":10,"turns":3},{"damage":19,"enemies":"Exordium Thugs","floor":12,"turns":5},{"damage":9,"enemies":"Blue Slaver","floor":14,"turns":3},{"damage":45,"enemies":"Hexaghost","floor":16,"turns":9}],"seed_played":"5112778169630080791","potions_obtained":[{"floor":7,"key":"Regen Potion"},{"floor":8,"key":"Poison Potion"},{"floor":10,"key":"EssenceOfSteel"}],"is_trial":false,"path_per_floor":["M","M","M","?","$","R","E","M","T","M","R","M","R","M","R","B"],"character_chosen":"DEFECT","items_purchased":["Electrodynamics"],"campfire_rested":1,"item_purchase_floors":[5],"current_hp_per_floor":[64,64,64,53,53,53,28,22,29,28,28,9,32,30,30,0],"gold":135,"neow_bonus":"THREE_ENEMY_KILL","is_prod":false,"is_daily":false,"chose_seed":false,"campfire_upgraded":3,"win_rate":0,"timestamp":1550852282,"path_taken":["M","M","M","?","$","R","E","M","T","M","R","M","R","M","R","BOSS"],"build_version":"2019-01-23","purchased_purges":0,"victory":false,"max_hp_per_floor":[71,71,71,71,71,71,71,71,78,78,78,78,78,78,78,78],"card_choices":[{"not_picked":["Streamline","Redo"],"picked":"Compile Driver","floor":1},{"not_picked":["Rip and Tear","Machine Learning"],"picked":"Hologram","floor":2},{"not_picked":["Streamline","Reinforced Body"],"picked":"Turbo","floor":3},{"not_picked":["Barrage","Sweeping Beam"],"picked":"Coolheaded","floor":7},{"not_picked":["Conserve Battery","Hologram"],"picked":"Recycle","floor":8},{"not_picked":["Rebound","Multi-Cast"],"picked":"Self Repair","floor":10},{"not_picked":["Undo","Turbo"],"picked":"Capacitor","floor":12},{"not_picked":["Rip and Tear","Leap"],"picked":"Conserve Battery","floor":14}],"player_experience":920928,"relics_obtained":[{"floor":7,"key":"Matryoshka"},{"floor":9,"key":"Strawberry"},{"floor":9,"key":"Juzu Bracelet"}],"event_choices":[{"damage_healed":0,"gold_gain":0,"player_choice":"Success","damage_taken":11,"relics_obtained":["Art of War"],"max_hp_gain":0,"max_hp_loss":0,"event_name":"Scrap Ooze","floor":4,"gold_loss":0}],"is_beta":false,"boss_relics":[],"items_purged_floors":[],"is_endless":false,"potions_floor_spawned":[7,8,10,12],"killed_by":"Hexaghost","ascension_level":20}