{"gold_per_floor":[111,186,186,205,222,222,235,249,324,324,324,341,72,84,84,186,186,199,199,99,114,126,126,1,1,1,12,372,388,35,35,35,138,138,153,153,153,172,187,187,12,12,12,12,12,12,32,52,52,52],"floor_reached":51,"playtime":1652,"items_purged":["Strike_B","Strike_B","Strike_B","Strike_B","Defend_B"],"score":764,"play_id":"3a4ad833-4d7a-42e5-87ef-68d0d33038e6","local_time":"20190618110701","is_ascension_mode":false,"campfire_choices":[{"data":"Zap","floor":6.0,"key":"SMITH"},{"data":"Dualcast","floor":11.0,"key":"SMITH"},{"data":"Defragment","floor":15.0,"key":"SMITH"},{"data":"Fission","floor":23,"key":"SMITH"},{"data":"Consume","floor":25,"key":"SMITH"},{"data":"Coolheaded","floor":32,"key":"SMITH"},{"data":"Loop","floor":40,"key":"SMITH"},{"data":"Electrodynamics","floor":44,"key":"SMITH"},{"data":"Panacea","floor":46,"key":"SMITH"},{"data":"Conserve Battery","floor":49,"key":"SMITH"}],"neow_cost":"NONE","seed_source_timestamp":2635714920101,"circlet_count":0,"master_deck":["Zap+1","Dualcast+1","Echo Form","Fission+1","Conserve Battery+1","Ball Lightning","Consume+1","Defragment+1","Coolheaded+1","Panacea+1","Chill","Electrodynamics+1","Defragment+1","Loop+1","BootSequence"],"special_seed":0,"relics":["Cracked Core","Singing Bowl","Torii","Busted Crown","Shuriken","Runic Capacitor","Orrery","Juzu Bracelet"],"potions_floor_usage":[21,22,50,50,50],"damage_taken":[{"damage":2.0,"enemies":"Small Slimes","floor":1.0,"turns":3.0},{"damage":5.0,"enemies":"2 Louse","floor":4.0,"turns":3.0},{"damage":1.0,"enemies":"Cultist","floor":5.0,"turns":3.0},{"damage":4.0,"enemies":"Lots of Slimes","floor":7.0,"turns":4.0},{"damage":10.0,"enemies":"Gremlin Gang","floor":8.0,"turns":6.0},{"damage":1.0,"enemies":"Blue Slaver","floor":12.0,"turns":3.0},{"damage":2.0,"enemies":"Red Slaver","floor":14.0,"turns":3.0},{"damage":32.0,"enemies":"The Guardian","floor":16.0,"turns":10.0},{"damage":1.0,"enemies":"Shell Parasite","floor":18.0,"turns":7.0},{"damage":0,"enemies":"3 Byrds","floor":21,"turns":2},{"damage":0,"enemies":"3 Cultists","floor":22,"turns":2},{"damage":0,"enemies":"Snecko","floor":27,"turns":5},{"damage":8,"enemies":"Snake Plant","floor":29,"turns":4},{"damage":0,"enemies":"Automaton","floor":33,"turns":5},{"damage":1,"enemies":"Orb Walker","floor":35,"turns":4},{"damage":0,"enemies":"3 Darklings","floor":38,"turns":2},{"damage":0,"enemies":"Spire Growth","floor":39,"turns":5},{"damage":0,"enemies":"4 Shapes","floor":47,"turns":2},{"damage":0,"enemies":"3 Darklings","floor":48,"turns":2},{"damage":1,"enemies":"Donu and Deca","floor":50,"turns":4}],"seed_played":"4936602849691967901","potions_obtained":[{"floor":1.0,"key":"SteroidPotion"},{"floor":3.0,"key":"SkillPotion"},{"floor":3.0,"key":"FocusPotion"},{"floor":4.0,"key":"SkillPotion"},{"floor":14.0,"key":"GamblersBrew"},{"floor":22,"key":"FocusPotion"},{"floor":33,"key":"Strength Potion"}],"is_trial":false,"path_per_floor":["M","?","?","M","M","R","M","M","T","T","R","M","$","M","R","B",null,"M","?","$","M","M","R","$","R","T","M","?","M","$","?","R","B",null,"M","?","?","M","M","R","$","?","T","R","$","R","M","M","R","B",null],"character_chosen":"DEFECT","items_purchased":["Defragment","Coolheaded","Panacea","Runic Capacitor"],"campfire_rested":0,"item_purchase_floors":[13,13,13,30],"current_hp_per_floor":[73,62,62,57,56,56,52,42,42,42,42,41,41,39,39,7,75,76,76,76,78,80,80,80,80,80,82,42,36,36,36,36,38,95,96,96,96,98,100,100,100,100,100,100,100,100,102,104,104,103],"gold":52,"neow_bonus":"ONE_RANDOM_RARE_CARD","is_prod":false,"is_daily":false,"chose_seed":false,"campfire_upgraded":10,"win_rate":0,"timestamp":1560827221,"path_taken":["M","?","?","?","?","R","?","?","T","?","R","M","$","M","R","BOSS","M","?","$","?","M","R","$","R","T","M","?","?","?","?","R","BOSS","M","?","?","M","?","R","$","?","T","R","$","R","M","M","R","BOSS"],"build_version":"2019-01-23","purchased_purges":5,"victory":true,"max_hp_per_floor":[75,75,75,75,75,75,75,75,75,75,75,75,75,75,75,75,75,77,77,77,79,81,81,81,81,81,83,83,85,85,85,85,87,95,97,97,97,99,101,101,101,101,101,101,101,101,103,105,105,105],"card_choices":[{"not_picked":["Hello World","Steam Power","Beam Cell"],"picked":"SKIP","floor":1.0},{"not_picked":["Redo","Sweeping Beam","Rebound"],"picked":"SKIP","floor":4.0},{"not_picked":["Turbo","Conserve Battery"],"picked":"Fission","floor":5.0},{"not_picked":["Leap","Reprogram"],"picked":"Conserve Battery","floor":7.0},{"not_picked":["Coolheaded","Streamline"],"picked":"Ball Lightning","floor":8.0},{"not_picked":["Fusion","Fission"],"picked":"Consume","floor":12.0},{"not_picked":["Gash","Rebound"],"picked":"Chill","floor":14.0},{"not_picked":["Reboot","Buffer"],"picked":"Electrodynamics","floor":16.0},{"not_picked":["Melter"],"picked":"Singing Bowl","floor":18.0},{"not_picked":["Gash"],"picked":"Singing Bowl","floor":21},{"not_picked":["Rebound+1"],"picked":"Singing Bowl","floor":22},{"not_picked":["Steam"],"picked":"Singing Bowl","floor":27},{"not_picked":["Stack"],"picked":"Singing Bowl","floor":29},{"not_picked":["Core Surge"],"picked":"Singing Bowl","floor":33},{"not_picked":[],"picked":"Loop","floor":34},{"not_picked":["Redo"],"picked":"Singing Bowl","floor":34},{"not_picked":["Blizzard"],"picked":"Singing Bowl","floor":34},{"not_picked":["Leap"],"picked":"Singing Bowl","floor":34},{"not_picked":["Ball Lightning+1"],"picked":"Singing Bowl","floor":34},{"not_picked":["Auto Shields+1"],"picked":"Singing Bowl","floor":35},{"not_picked":["Melter+1"],"picked":"Singing Bowl","floor":38},{"not_picked":["Beam Cell+1"],"picked":"Singing Bowl","floor":39},{"not_picked":["Turbo+1"],"picked":"Singing Bowl","floor":47},{"not_picked":["Streamline+1"],"picked":"Singing Bowl","floor":48}],"player_experience":5385866,"relics_obtained":[{"floor":9.0,"key":"Singing Bowl"},{"floor":10.0,"key":"Torii"},{"floor":26,"key":"Shuriken"},{"floor":43,"key":"Juzu Bracelet"}],"event_choices":[{"damage_healed":0.0,"max_hp_gain":0.0,"max_hp_loss":0.0,"gold_gain":75.0,"event_name":"World of Goop","player_choice":"Gather Gold","floor":2.0,"gold_loss":0.0,"damage_taken":11.0},{"damage_healed":0.0,"max_hp_gain":0.0,"max_hp_loss":0.0,"gold_gain":0.0,"event_name":"Lab","player_choice":"Got Potions","floor":3.0,"gold_loss":0.0,"damage_taken":0.0},{"damage_healed":0.0,"max_hp_gain":0.0,"max_hp_loss":0.0,"gold_gain":0.0,"event_name":"Duplicator","player_choice":"Copied","floor":19.0,"gold_loss":0.0,"damage_taken":0.0,"cards_obtained":["Defragment"]},{"damage_healed":0,"gold_gain":360,"player_choice":"GOLD GOLD GOLD GOLD ","damage_taken":40,"max_hp_gain":0,"max_hp_loss":0,"event_name":"Knowing Skull","floor":28,"potions_obtained":[],"gold_loss":0,"cards_obtained":[]},{"cards_removed":["Defend_B"],"damage_healed":0,"gold_gain":0,"player_choice":"Offered Basic","damage_taken":0,"max_hp_gain":0,"max_hp_loss":0,"event_name":"Bonfire Elementals","floor":31,"gold_loss":0},{"damage_healed":0,"gold_gain":0,"player_choice":"Ignored","damage_taken":0,"max_hp_gain":0,"max_hp_loss":0,"event_name":"Tomb of Lord Red Mask","floor":36,"gold_loss":0},{"damage_healed":0,"gold_gain":0,"cards_transformed":["Defend_B"],"player_choice":"Transformed","damage_taken":0,"max_hp_gain":0,"max_hp_loss":0,"event_name":"Transmorgrifier","floor":37,"gold_loss":0,"cards_obtained":["BootSequence"]},{"cards_removed":["Defend_B"],"damage_healed":0,"gold_gain":0,"player_choice":"Removed Skill","damage_taken":0,"max_hp_gain":0,"max_hp_loss":0,"event_name":"Falling","floor":42,"gold_loss":0}],"is_beta":false,"boss_relics":[{"not_picked":["Black Star","Ectoplasm"],"picked":"Busted Crown"},{"not_picked":["Cursed Key","Nuclear Battery"],"picked":"Orrery"}],"items_purged_floors":[13,20,24,30,41],"is_endless":false,"potions_floor_spawned":[1,4,14,22,33,35,48],"ascension_level":0}