{"gold_per_floor":[112,112,212,232,244,244,256,256,328,344,373,386,386,418,418,418],"floor_reached":16,"playtime":511,"items_purged":[],"score":224,"play_id":"9652fb03-0f02-41b9-ae99-8e7bb7dafd3d","local_time":"20190212182757","is_ascension_mode":true,"campfire_choices":[{"floor":6,"key":"REST"},{"data":"Neutralize","floor":8,"key":"SMITH"},{"floor":13,"key":"REST"},{"floor":15,"key":"REST"}],"neow_cost":"NONE","seed_source_timestamp":31216107152354,"circlet_count":0,"master_deck":["AscendersBane","Defend_G","Defend_G","Defend_G","Defend_G","Defend_G","Strike_G","Strike_G","Strike_G","Strike_G","Strike_G","Survivor","Neutralize+1","Catalyst","Backflip","Backflip","Noxious Fumes","Backflip"],"relics":["Orrery","Regal Pillow","Pantograph","Anchor","Blood Vial"],"potions_floor_usage":[5,7,11,14],"damage_taken":[{"damage":4,"enemies":"2 Louse","floor":1,"turns":4},{"damage":13,"enemies":"Jaw Worm","floor":4,"turns":9},{"damage":24,"enemies":"Cultist","floor":5,"turns":6},{"damage":0,"enemies":"3 Louse","floor":7,"turns":2},{"damage":0,"enemies":"2 Fungi Beasts","floor":10,"turns":6},{"damage":30,"enemies":"Lagavulin","floor":11,"turns":10},{"damage":10,"enemies":"Gremlin Gang","floor":12,"turns":7},{"damage":26,"enemies":"3 Sentries","floor":14,"turns":10},{"damage":0,"enemies":"Slime Boss","floor":16,"turns":1}],"seed_played":"-8449057422043751827","potions_obtained":[{"floor":1,"key":"Strength Potion"},{"floor":4,"key":"Regen Potion"},{"floor":5,"key":"Explosive Potion"},{"floor":12,"key":"SpeedPotion"}],"is_trial":false,"path_per_floor":["M","?","?","M","M","R","M","R","T","M","E","M","R","E","R","B"],"character_chosen":"THE_SILENT","items_purchased":[],"campfire_rested":3,"item_purchase_floors":[],"current_hp_per_floor":[55,29,29,16,7,41,41,41,41,41,11,1,35,9,43,66],"gold":418,"neow_bonus":"BOSS_RELIC","is_prod":false,"is_daily":false,"chose_seed":false,"campfire_upgraded":1,"win_rate":0,"timestamp":1549967277,"path_taken":["M","?","?","M","M","R","?","R","T","M","E","M","R","E","R","BOSS"],"build_version":"2019-01-23","purchased_purges":0,"victory":false,"max_hp_per_floor":[66,66,66,66,66,66,66,66,66,66,66,66,66,66,66,66],"card_choices":[{"not_picked":["Blade Dance","Bane"],"picked":"Catalyst","floor":0},{"not_picked":["Eviscerate","Dagger Spray"],"picked":"Backflip","floor":0},{"not_picked":["Outmaneuver","Acrobatics","Storm of Steel"],"picked":"SKIP","floor":1},{"not_picked":["Bane","Underhanded Strike","Blur"],"picked":"SKIP","floor":4},{"not_picked":["Outmaneuver","Concentrate","Cloak And Dagger"],"picked":"SKIP","floor":5},{"not_picked":["Dagger Spray","PiercingWail"],"picked":"Backflip","floor":7},{"not_picked":["Sucker Punch","Deflect"],"picked":"Noxious Fumes","floor":10},{"not_picked":["All Out Attack","Deflect","Skewer"],"picked":"SKIP","floor":11},{"not_picked":["Acrobatics","Outmaneuver"],"picked":"Backflip","floor":12},{"not_picked":["Flechettes","Slice","Dagger Spray"],"picked":"SKIP","floor":14}],"player_experience":2653214,"relics_obtained":[{"floor":9,"key":"Pantograph"},{"floor":11,"key":"Anchor"},{"floor":14,"key":"Blood Vial"}],"event_choices":[{"damage_healed":0,"gold_gain":0,"player_choice":"Success","damage_taken":26,"relics_obtained":["Regal Pillow"],"max_hp_gain":0,"max_hp_loss":0,"event_name":"Scrap Ooze","floor":2,"gold_loss":0},{"damage_healed":0,"gold_gain":100,"player_choice":"Gold","damage_taken":0,"max_hp_gain":0,"max_hp_loss":0,"event_name":"Wheel of Change","floor":3,"gold_loss":0}],"is_beta":false,"boss_relics":[],"items_purged_floors":[],"is_endless":false,"potions_floor_spawned":[1,4,5,12],"killed_by":"Slime Boss","ascension_level":20}