{"gold_per_floor":[111,81,99,40,52,52,79,114,114,114,114,129,147,157,157,157],"floor_reached":16,"playtime":986,"items_purged":[],"score":204,"play_id":"e2d1be8b-292e-4fb0-bce7-ad7b317ab186","local_time":"20190727150544","is_ascension_mode":true,"campfire_choices":[{"data":"Wraith Form v2","floor":6,"key":"SMITH"},{"floor":10,"key":"REST"},{"data":"Neutralize","floor":15,"key":"SMITH"}],"neow_cost":"PERCENT_DAMAGE","seed_source_timestamp":192842967419447,"circlet_count":0,"master_deck":["AscendersBane","Strike_G","Strike_G","Strike_G","Strike_G","Strike_G","Defend_G","Defend_G","Defend_G","Defend_G","Defend_G","Survivor","Neutralize+1","Wraith Form v2+1","Sucker Punch","Backstab","Quick Slash","Well Laid Plans+1","Blur","Heel Hook","Quick Slash","Deadly Poison","Cloak And Dagger"],"relics":["Ring of the Snake","Odd Mushroom","Happy Flower","Question Card"],"potions_floor_usage":[7,8,16,16],"damage_taken":[{"damage":1,"enemies":"Small Slimes","floor":1,"turns":4},{"damage":5,"enemies":"Cultist","floor":3,"turns":4},{"damage":0,"enemies":"2 Louse","floor":5,"turns":2},{"damage":8,"enemies":"The Mushroom Lair","floor":7,"turns":6},{"damage":10,"enemies":"Gremlin Nob","floor":8,"turns":6},{"damage":10,"enemies":"Large Slime","floor":12,"turns":6},{"damage":1,"enemies":"Blue Slaver","floor":13,"turns":5},{"damage":0,"enemies":"2 Fungi Beasts","floor":14,"turns":4},{"damage":34,"enemies":"Slime Boss","floor":16,"turns":9}],"seed_played":"-9157508495511169505","potions_obtained":[{"floor":2,"key":"Dexterity Potion"},{"floor":2,"key":"Block Potion"},{"floor":13,"key":"SkillPotion"},{"floor":14,"key":"Strength Potion"}],"is_trial":false,"path_per_floor":["M","?","M","$","M","R","?","E","T","R","?","M","M","M","R","B"],"character_chosen":"THE_SILENT","items_purchased":["Quick Slash"],"campfire_rested":1,"item_purchase_floors":[4],"current_hp_per_floor":[43,43,38,38,38,38,30,20,20,39,39,29,28,28,28,0],"gold":157,"neow_bonus":"THREE_RARE_CARDS","is_prod":false,"is_daily":false,"chose_seed":false,"campfire_upgraded":2,"win_rate":0,"timestamp":1564232744,"path_taken":["M","?","?","$","M","R","?","E","T","R","?","M","M","M","R","BOSS"],"build_version":"2019-07-17","purchased_purges":0,"victory":false,"max_hp_per_floor":[66,66,66,66,66,66,66,66,66,66,66,66,66,66,66,66],"card_choices":[{"not_picked":["Bullet Time","Malaise"],"picked":"Wraith Form v2","floor":0},{"not_picked":["Bane","Acrobatics"],"picked":"Sucker Punch","floor":1},{"not_picked":["Dagger Spray","Cloak And Dagger"],"picked":"Backstab","floor":3},{"not_picked":["Dagger Throw","Cloak And Dagger"],"picked":"Well Laid Plans","floor":5},{"not_picked":["Underhanded Strike","Prepared"],"picked":"Blur","floor":7},{"not_picked":["Phantasmal Killer","Terror"],"picked":"Heel Hook","floor":8},{"not_picked":["Blade Dance","Accuracy","Tactician"],"picked":"Quick Slash","floor":12},{"not_picked":["Slice","Dash","Acrobatics"],"picked":"Deadly Poison","floor":13},{"not_picked":["Deadly Poison","Dagger Throw","Acrobatics"],"picked":"Cloak And Dagger","floor":14}],"player_experience":770937,"relics_obtained":[{"floor":7,"key":"Odd Mushroom"},{"floor":8,"key":"Happy Flower"},{"floor":9,"key":"Question Card"}],"event_choices":[{"damage_healed":0,"gold_gain":0,"player_choice":"Bought 2 Potions","damage_taken":0,"max_hp_gain":0,"max_hp_loss":0,"event_name":"The Woman in Blue","floor":2,"gold_loss":0},{"damage_healed":0,"gold_gain":0,"player_choice":"Fought Mushrooms","damage_taken":0,"max_hp_gain":0,"max_hp_loss":0,"event_name":"Mushrooms","floor":7,"gold_loss":0},{"damage_healed":0,"gold_gain":0,"player_choice":"Grow","damage_taken":0,"max_hp_gain":0,"max_hp_loss":0,"event_name":"Living Wall","floor":11,"gold_loss":0,"cards_upgraded":["Well Laid Plans"]}],"is_beta":false,"boss_relics":[],"items_purged_floors":[],"is_endless":false,"potions_floor_spawned":[5,13,14],"killed_by":"Slime Boss","ascension_level":20}