{"gold_per_floor":[111,36,36,36,50,50,76,90,144,144,44,71,88,99,99,173,173,173,193,11,11,30,60,60,92,92,92,126,141,141,151,151,225,225,241,241,268,279,293,328,339,339,339,353,353,95,128,144,144,144,144,144,144,24,56,56],"floor_reached":57,"playtime":3307,"items_purged":["Strike_G","Strike_G","Strike_G","Strike_G"],"score":3089,"play_id":"706ff9a6-3eb0-495a-8069-bdd3d7c742f2","local_time":"20190129103624","is_ascension_mode":true,"campfire_choices":[{"data":"Neutralize","floor":6.0,"key":"SMITH"},{"data":"Deadly Poison","floor":10.0,"key":"SMITH"},{"data":"Deadly Poison","floor":15.0,"key":"SMITH"},{"data":"Well Laid Plans","floor":27.0,"key":"SMITH"},{"data":"Caltrops","floor":30.0,"key":"SMITH"},{"data":"Tactician","floor":32.0,"key":"SMITH"},{"data":"Burst","floor":42.0,"key":"SMITH"},{"floor":49.0,"key":"RECALL"},{"data":"Calculated Gamble","floor":53.0,"key":"SMITH"}],"neow_cost":"NONE","seed_source_timestamp":0,"circlet_count":0,"master_deck":["AscendersBane","Defend_G+1","Defend_G+1","Defend_G+1","Defend_G","Defend_G","Survivor","Neutralize+1","Catalyst+1","Backstab","Caltrops+1","Deadly Poison+1","Deadly Poison+1","Adrenaline","Well Laid Plans+1","Prepared+1","Tactician+1","Acrobatics+1","Burst+1","Footwork","Calculated Gamble","Impatience","Secret Technique","Calculated Gamble+1"],"special_seed":0,"relics":["Ring of the Snake","NeowsBlessing","War Paint","Tiny Chest","Strawberry","Black Star","theJungle:BirthdayCakeSlice","Calipers","Happy Flower","The Courier","Anchor","Snake Skull","PreservedInsect","Dream Catcher","Busted Crown","Question Card","Bottled Flame","Boot","Tough Bandages","Lantern","Gremlin Horn","Orichalcum","Torii"],"potions_floor_usage":[56],"damage_taken":[{"damage":0.0,"enemies":"Jaw Worm","floor":1.0,"turns":1.0},{"damage":0.0,"enemies":"Cultist","floor":5.0,"turns":1.0},{"damage":0.0,"enemies":"3 Sentries","floor":7.0,"turns":1.0},{"damage":0.0,"enemies":"Small Slimes","floor":8.0,"turns":3.0},{"damage":34.0,"enemies":"Gremlin Nob","floor":12.0,"turns":4.0},{"damage":0.0,"enemies":"3 Louse","floor":13.0,"turns":3.0},{"damage":3.0,"enemies":"Looter","floor":14.0,"turns":2.0},{"damage":0.0,"enemies":"Hexaghost","floor":16.0,"turns":5.0},{"damage":0.0,"enemies":"Shell Parasite","floor":18.0,"turns":2.0},{"damage":9.0,"enemies":"theJungle:MUSHROOMGANG","floor":19.0,"turns":6.0},{"damage":6.0,"enemies":"Snake Plant","floor":22.0,"turns":4.0},{"damage":0.0,"enemies":"theJungle:2_Phrogs","floor":23.0,"turns":7.0},{"damage":17.0,"enemies":"theJungle:MamaSnecko","floor":25.0,"turns":5.0},{"damage":0.0,"enemies":"theJungle:2_Phrogs","floor":28.0,"turns":8.0},{"damage":2.0,"enemies":"theJungle:SlimyTreeVines","floor":29.0,"turns":7.0},{"damage":0.0,"enemies":"theJungle:JungleHuntersEncounter","floor":31.0,"turns":5.0},{"damage":8.0,"enemies":"theJungle:FunGuy","floor":33.0,"turns":6.0},{"damage":0.0,"enemies":"Orb Walker","floor":35.0,"turns":2.0},{"damage":0.0,"enemies":"3 Shapes","floor":38.0,"turns":6.0},{"damage":3.0,"enemies":"Transient","floor":39.0,"turns":6.0},{"damage":8.0,"enemies":"Nemesis","floor":40.0,"turns":7.0},{"damage":8.0,"enemies":"Jaw Worm Horde","floor":41.0,"turns":5.0},{"damage":1.0,"enemies":"4 Shapes","floor":44.0,"turns":6.0},{"damage":27.0,"enemies":"Reptomancer","floor":47.0,"turns":7.0},{"damage":0.0,"enemies":"3 Darklings","floor":48.0,"turns":5.0},{"damage":17.0,"enemies":"Time Eater","floor":50.0,"turns":5.0},{"damage":0.0,"enemies":"Donu and Deca","floor":51.0,"turns":11.0},{"damage":1,"enemies":"Shield and Spear","floor":55,"turns":8},{"damage":40,"enemies":"The Heart","floor":56,"turns":8}],"seed_played":"-6985888326897554740","potions_obtained":[{"floor":7.0,"key":"LiquidBronze"},{"floor":8.0,"key":"SmokeBomb"},{"floor":25.0,"key":"Block Potion"},{"floor":29.0,"key":"Regen Potion"},{"floor":41.0,"key":"Poison Potion"}],"is_trial":false,"path_per_floor":["M","$","?","?","M","R","E","M","T","R","$","E","M","M","R","B",null,"M","M","$","?","M","E","?","E","T","R","E","M","R","M","R","B",null,"M","?","T","M","M","E","M","R","T","M","?","$","E","M","R","B","B",null,"R","$","E","B",null],"character_chosen":"THE_SILENT","items_purchased":["AttackPotion","Tough Bandages"],"campfire_rested":0,"item_purchase_floors":[20,46],"current_hp_per_floor":[59,59,39,39,39,39,39,39,39,39,39,12,12,9,9,9,57,57,48,48,53,47,47,47,30,30,30,30,34,34,34,34,26,65,65,65,65,78,75,67,59,59,59,58,48,48,21,21,21,4,4,60,60,60,59,19],"gold":56,"neow_bonus":"THREE_ENEMY_KILL","is_prod":false,"is_daily":false,"chose_seed":false,"campfire_upgraded":8,"win_rate":0,"timestamp":1548729384,"path_taken":["M","$","?","?","M","R","E","M","T","R","$","E","M","M","R","BOSS","M","?","$","?","M","E","?","E","T","R","E","M","R","M","R","BOSS","M","?","?","M","M","E","M","R","T","M","?","$","E","M","R","BOSS","BOSS","R","$","E","BOSS"],"build_version":"2019-01-23","purchased_purges":4,"victory":true,"max_hp_per_floor":[66,66,66,66,66,66,66,66,66,66,66,73,73,73,73,73,73,73,73,73,78,78,78,78,78,78,78,78,78,78,78,78,78,78,78,78,78,78,78,78,78,78,78,78,78,78,78,78,78,78,78,78,78,78,78,78],"card_choices":[{"not_picked":["Outmaneuver","Well Laid Plans"],"picked":"Catalyst","floor":1.0},{"not_picked":["Dagger Throw","Slice"],"picked":"Backstab","floor":5.0},{"not_picked":["PiercingWail","Dodge and Roll"],"picked":"Caltrops","floor":7.0},{"not_picked":["Choke","Outmaneuver"],"picked":"Deadly Poison","floor":8.0},{"not_picked":["Blade Dance","Bullet Time","Poisoned Stab"],"picked":"SKIP","floor":12.0},{"not_picked":["Prepared","Concentrate","Slice"],"picked":"SKIP","floor":13.0},{"not_picked":["Riddle With Holes","Deadly Poison","Underhanded Strike"],"picked":"SKIP","floor":14.0},{"not_picked":["Riddle With Holes","Underhanded Strike"],"picked":"Deadly Poison","floor":14.0},{"not_picked":["Phantasmal Killer","Malaise"],"picked":"Adrenaline","floor":16.0},{"not_picked":["Backstab+1","Poisoned Stab"],"picked":"Well Laid Plans","floor":19.0},{"not_picked":["Outmaneuver","Choke"],"picked":"Prepared+1","floor":22.0},{"not_picked":["Predator","Crippling Poison","Outmaneuver"],"picked":"SKIP","floor":23.0},{"not_picked":["Cloak And Dagger+1","Bane"],"picked":"Tactician","floor":25.0},{"not_picked":["Sucker Punch+1","Riddle With Holes+1","Outmaneuver"],"picked":"SKIP","floor":28.0},{"not_picked":["Dagger Spray","Deadly Poison","Doppelganger"],"picked":"SKIP","floor":29.0},{"not_picked":["Expertise+1","Backflip+1"],"picked":"Acrobatics+1","floor":31.0},{"not_picked":["Malaise","Night Terror"],"picked":"Burst","floor":33.0},{"not_picked":["Flechettes"],"picked":"SKIP","floor":35.0},{"not_picked":["Expertise"],"picked":"SKIP","floor":38.0},{"not_picked":["Deadly Poison"],"picked":"SKIP","floor":39.0},{"not_picked":["Skewer"],"picked":"SKIP","floor":40.0},{"not_picked":["Cloak And Dagger"],"picked":"Footwork","floor":41.0},{"not_picked":["Dagger Spray"],"picked":"Calculated Gamble","floor":44.0},{"not_picked":["Trip"],"picked":"Impatience","floor":45.0},{"not_picked":["Deep Breath"],"picked":"Secret Technique","floor":45.0},{"not_picked":["Slice"],"picked":"Calculated Gamble","floor":47.0},{"not_picked":["Prepared","Dash"],"picked":"SKIP","floor":48.0},{"not_picked":["Accuracy+1","Catalyst"],"picked":"SKIP","floor":55}],"player_experience":2359692,"relics_obtained":[{"floor":7.0,"key":"War Paint"},{"floor":9.0,"key":"Tiny Chest"},{"floor":12.0,"key":"Strawberry"},{"floor":23.0,"key":"Calipers"},{"floor":23.0,"key":"Happy Flower"},{"floor":25.0,"key":"The Courier"},{"floor":25.0,"key":"Anchor"},{"floor":26.0,"key":"Snake Skull"},{"floor":28.0,"key":"PreservedInsect"},{"floor":28.0,"key":"Dream Catcher"},{"floor":40.0,"key":"Question Card"},{"floor":40.0,"key":"Bottled Flame"},{"floor":43.0,"key":"Boot"},{"floor":47.0,"key":"Lantern"},{"floor":47.0,"key":"Gremlin Horn"},{"floor":55,"key":"Orichalcum"},{"floor":55,"key":"Torii"}],"event_choices":[{"damage_healed":0.0,"max_hp_gain":0.0,"max_hp_loss":0.0,"gold_gain":0.0,"event_name":"Shining Light","player_choice":"Entered Light","floor":3.0,"gold_loss":0.0,"damage_taken":20.0,"cards_upgraded":["Strike_G","Defend_G"]},{"damage_healed":0.0,"max_hp_gain":0.0,"max_hp_loss":0.0,"gold_gain":0.0,"event_name":"Upgrade Shrine","player_choice":"Upgraded","floor":4.0,"gold_loss":0.0,"damage_taken":0.0,"cards_upgraded":["Catalyst"]},{"cards_removed":["Strike_G"],"damage_healed":0.0,"max_hp_gain":0.0,"max_hp_loss":0.0,"gold_gain":0.0,"event_name":"Falling","player_choice":"Removed Attack","floor":36.0,"gold_loss":0.0,"damage_taken":0.0},{"damage_healed":0.0,"max_hp_gain":0.0,"max_hp_loss":0.0,"gold_gain":0.0,"event_name":"SensoryStone","player_choice":"Memory 3","floor":45.0,"gold_loss":0.0,"damage_taken":10.0}],"is_beta":false,"boss_relics":[{"not_picked":["WristBlade","Fusion Hammer"],"picked":"Black Star"},{"not_picked":["Astrolabe","Runic Dome"],"picked":"Busted Crown"}],"items_purged_floors":[2,11,20,54],"is_endless":false,"potions_floor_spawned":[7,8,16,22,25,28,29,31,33,41,44,47],"ascension_level":20}