{"path_per_floor":["M","?","?","$","M","R","E","M","T","R","?","E","M","M","R","B",null,"M","?","?","?","M","E","M","R","T","M","E","M","E","M","R"],"character_chosen":"THE_SILENT","items_purchased":[],"gold_per_floor":[117,117,117,42,55,55,80,99,123,123,153,187,207,226,226,321,321,338,338,253,253,271,304,317,317,317,331,357,371,399,411,411],"floor_reached":33,"campfire_rested":2,"playtime":1529,"current_hp_per_floor":[70,70,56,56,55,55,42,42,42,42,42,34,32,32,32,25,70,70,70,70,70,65,29,19,40,40,34,10,2,2,2,25],"items_purged":["Defend_G"],"gold":411,"score":342,"play_id":"1ed8920c-a604-4e4c-bdff-9cb3a990a511","is_prod":false,"is_daily":false,"is_ascension_mode":false,"campfire_upgraded":3,"path_taken":["M","?","?","$","?","R","E","M","T","R","?","E","M","M","R","BOSS","M","?","?","?","M","E","M","R","T","M","E","M","E","M","R","BOSS"],"build_version":"2018-02-15-PROD1","purchased_purges":1,"victory":false,"master_deck":["Defend_G","Defend_G","Defend_G","Defend_G","Strike_G+1","Strike_G","Strike_G","Strike_G+1","Survivor","Neutralize+1","Escape Plan","Dagger Spray+1","Acrobatics+1","Burst","Escape Plan","Dagger Spray+1","Footwork+1"],"max_hp_per_floor":[70,70,70,70,70,70,70,70,70,70,70,70,70,70,70,70,70,70,70,70,70,70,70,70,70,70,70,77,77,77,77,77],"relics":["Ring of the Snake","Mercury Hourglass","Ancient Tea Set","Juzu Bracelet","Vajra","Gremlin Horn","Black Star","Bag of Preparation","Kunai","Darkstone Periapt","Pen Nib","Strawberry","Snake Skull","Shuriken","Bottled Lightning"],"card_choices":[{"not_picked":["Blur","Skewer"],"picked":"Escape Plan"},{"not_picked":["Outmaneuver","Blade Dance"],"picked":"Dagger Spray"},{"not_picked":["Sucker Punch","Outmaneuver"],"picked":"Acrobatics"},{"not_picked":["Corpse Explosion","Adrenaline"],"picked":"Burst"},{"not_picked":["Quick Slash","Deadly Poison"],"picked":"Escape Plan"},{"not_picked":["Catalyst","Backflip"],"picked":"Dagger Spray"},{"not_picked":["Dagger Spray","Poisoned Stab"],"picked":"Footwork"}],"player_experience":122245,"potions_floor_usage":[33],"damage_taken":[{"damage":0.0,"enemies":"2 Louse","floor":1.0,"turns":2.0},{"damage":1.0,"enemies":"Cultist","floor":5.0,"turns":3.0},{"damage":13.0,"enemies":"Lagavulin","floor":7.0,"turns":6.0},{"damage":0.0,"enemies":"Jaw Worm","floor":8.0,"turns":2.0},{"damage":8.0,"enemies":"3 Sentries","floor":12.0,"turns":3.0},{"damage":2.0,"enemies":"Looter","floor":13.0,"turns":2.0},{"damage":0.0,"enemies":"3 Louse","floor":14.0,"turns":1.0},{"damage":7.0,"enemies":"Slime Boss","floor":16.0,"turns":8.0},{"damage":0.0,"enemies":"3 Byrds","floor":18.0,"turns":3.0},{"damage":5.0,"enemies":"Chosen","floor":22.0,"turns":5.0},{"damage":36.0,"enemies":"Slavers","floor":23.0,"turns":6.0},{"damage":10.0,"enemies":"Slaver and Parasite","floor":24.0,"turns":8.0},{"damage":6.0,"enemies":"Snecko","floor":27.0,"turns":5.0},{"damage":31.0,"enemies":"Book of Stabbing","floor":28.0,"turns":10.0},{"damage":8.0,"enemies":"Sentry and Sphere","floor":29.0,"turns":4.0},{"damage":0.0,"enemies":"Gremlin Leader","floor":30.0,"turns":4.0},{"damage":0.0,"enemies":"Snake Plant","floor":31.0,"turns":2.0},{"damage":42,"enemies":"Champ","floor":33,"turns":12}],"event_choices":[{"event_name":"Accursed Blacksmith","player_choice":"Rummage","floor":2.0,"damage_taken":0.0},{"event_name":"Shining Light","player_choice":"Entered Light","floor":3.0,"damage_taken":0.0},{"event_name":"Dead Adventurer","player_choice":"Searched \u00272\u0027 times","floor":11.0,"damage_taken":0.0},{"event_name":"Back to Basics","player_choice":"Elegance","floor":19.0,"damage_taken":0.0},{"event_name":"Addict","player_choice":"Obtained Relic","floor":20.0,"damage_taken":0.0},{"event_name":"Vampires","player_choice":"Ignored","floor":21.0,"damage_taken":0.0}],"boss_relics":[],"potions_floor_spawned":[1,7,12,22,23,24,28,29,30],"seed_played":"5793405398525462","killed_by":"Champ","ascension_level":0,"is_trial":false}