{"gold_per_floor":[111,186,35,35,35,69,69,89,135,185,211,269,296,296,296,395,395,359,259,284,13],"floor_reached":21,"playtime":677,"items_purged":["Strike_B","Strike_B"],"score":461,"play_id":"e15c99da-2bdb-4873-a996-021998c1ecb4","local_time":"20190703140056","is_ascension_mode":true,"campfire_choices":[{"data":"Streamline","floor":7,"key":"SMITH"},{"data":"Capacitor","floor":15,"key":"SMITH"}],"neow_cost":"NONE","seed_source_timestamp":167594349184,"circlet_count":0,"master_deck":["AscendersBane","Strike_B","Defend_B","Defend_B","Defend_B","Defend_B","Zap","Dualcast","Self Repair","Streamline+1","Coolheaded","Glacier","Capacitor+1","Injury","Fission","Coolheaded","Skim","Capacitor"],"relics":["Cracked Core","NeowsBlessing","Mango","Juzu Bracelet","Matryoshka","Orichalcum","Pantograph","Golden Idol","Nuclear Battery","Membership Card"],"potions_floor_usage":[],"damage_taken":[{"damage":0,"enemies":"Cultist","floor":1,"turns":1},{"damage":0,"enemies":"3 Sentries","floor":6,"turns":2},{"damage":0,"enemies":"Small Slimes","floor":8,"turns":2},{"damage":24,"enemies":"Lagavulin","floor":11,"turns":7},{"damage":33,"enemies":"3 Sentries","floor":12,"turns":11},{"damage":10,"enemies":"3 Sentries","floor":13,"turns":13},{"damage":49,"enemies":"Slime Boss","floor":16,"turns":14},{"damage":22,"enemies":"2 Thieves","floor":18,"turns":5},{"damage":26,"enemies":"3 Byrds","floor":20,"turns":8}],"seed_played":"4678021789358392028","potions_obtained":[{"floor":12,"key":"PowerPotion"},{"floor":16,"key":"SpeedPotion"}],"is_trial":false,"path_per_floor":["M","?","$","?","?","E","R","M","T","?","E","?","E","?","R","B",null,"M","$","M","$"],"character_chosen":"DEFECT","items_purchased":["Streamline","Coolheaded","Membership Card","Capacitor"],"campfire_rested":0,"item_purchase_floors":[3,3,21,21],"current_hp_per_floor":[64,53,53,58,58,72,72,72,72,72,55,29,26,26,26,9,70,55,55,36,36],"gold":13,"neow_bonus":"THREE_ENEMY_KILL","is_prod":false,"is_daily":false,"chose_seed":false,"campfire_upgraded":2,"win_rate":0,"timestamp":1562133656,"path_taken":["M","?","$","?","?","E","R","?","T","?","E","?","E","?","R","BOSS","M","$","M","$"],"build_version":"2019-07-01","purchased_purges":2,"victory":false,"max_hp_per_floor":[71,71,71,76,76,90,90,90,90,90,90,90,90,90,90,90,90,90,90,90,90],"card_choices":[{"not_picked":["Beam Cell","Heatsinks"],"picked":"Self Repair","floor":1},{"not_picked":["Rip and Tear","Static Discharge"],"picked":"Glacier","floor":6},{"not_picked":["Go for the Eyes","Leap","Rebound"],"picked":"SKIP","floor":8},{"not_picked":["Redo","Cold Snap","Steam"],"picked":"SKIP","floor":11},{"not_picked":["Turbo","Conserve Battery"],"picked":"Capacitor","floor":13},{"not_picked":["Amplify","Machine Learning"],"picked":"Fission","floor":16},{"not_picked":["Rip and Tear","Rebound+1"],"picked":"Coolheaded","floor":18},{"not_picked":["Hello World+1","Rip and Tear"],"picked":"Skim","floor":20}],"player_experience":5613791,"relics_obtained":[{"floor":6,"key":"Mango"},{"floor":9,"key":"Juzu Bracelet"},{"floor":11,"key":"Matryoshka"},{"floor":12,"key":"Orichalcum"},{"floor":13,"key":"Pantograph"}],"event_choices":[{"damage_healed":0,"gold_gain":75,"player_choice":"Gather Gold","damage_taken":11,"max_hp_gain":0,"max_hp_loss":0,"event_name":"World of Goop","floor":2,"gold_loss":0},{"damage_healed":0,"gold_gain":0,"player_choice":"Donut","damage_taken":0,"max_hp_gain":5,"max_hp_loss":0,"event_name":"Big Fish","floor":4,"gold_loss":0},{"cards_removed":["Strike_B"],"damage_healed":0,"gold_gain":0,"player_choice":"Card Removal","damage_taken":0,"max_hp_gain":0,"max_hp_loss":0,"event_name":"Wheel of Change","floor":5,"gold_loss":0},{"damage_healed":0,"gold_gain":50,"player_choice":"Pray","damage_taken":0,"max_hp_gain":0,"max_hp_loss":0,"event_name":"Golden Shrine","floor":10,"gold_loss":0},{"damage_healed":0,"gold_gain":0,"player_choice":"Searched \u00271\u0027 times","damage_taken":0,"max_hp_gain":0,"max_hp_loss":0,"event_name":"Dead Adventurer","floor":12,"gold_loss":0},{"damage_healed":0,"gold_gain":0,"player_choice":"Take Wound","damage_taken":0,"relics_obtained":["Golden Idol"],"max_hp_gain":0,"max_hp_loss":0,"event_name":"Golden Idol","floor":14,"gold_loss":0,"cards_obtained":["Injury"]}],"is_beta":false,"boss_relics":[{"not_picked":["Velvet Choker","Fusion Hammer"],"picked":"Nuclear Battery"}],"items_purged_floors":[3,19],"is_endless":false,"potions_floor_spawned":[12,16,20],"ascension_level":20}