{"gold_per_floor":[111,36,53,72,72,98,98,130,130,130,140,157,19,35,35,136,136,152,152,167,42,42,73,73,50,50,61,79,93,111,111,111,216,216,229,277,277,295,311,345,345,101,124,44,44,44,54,65,65,65],"floor_reached":50,"playtime":1893,"items_purged":["Strike_G","Strike_G","Writhe","Strike_G"],"score":579,"play_id":"f9882c85-dfe8-458a-8576-f38205ac2925","local_time":"20181104213426","is_ascension_mode":false,"campfire_choices":[{"data":"Footwork","floor":7.0,"key":"SMITH"},{"data":"Flechettes","floor":15.0,"key":"SMITH"},{"data":"A Thousand Cuts","floor":24.0,"key":"SMITH"},{"data":"Reflex","floor":32.0,"key":"SMITH"},{"data":"Accuracy","floor":46,"key":"SMITH"},{"data":"Cloak And Dagger","floor":49,"key":"SMITH"}],"neow_cost":"NONE","seed_source_timestamp":382483794763368,"circlet_count":0,"master_deck":["Defend_G+1","Defend_G+1","Defend_G","Defend_G","Defend_G","Survivor","Neutralize","Footwork+1","Dash","Flechettes+1","Backflip","Deflect","Reflex+1","Well Laid Plans","A Thousand Cuts+1","Blade Dance+1","Die Die Die+1","Prepared","Shame","Dagger Throw+1","Slice+1","Accuracy+1","Glass Knife+1","Regret","Adrenaline","Blade Dance+1","Backflip+1","Skewer+1","Endless Agony+1","Purity","Cloak And Dagger+1","Acrobatics","Regret","Finisher+1","Blade Dance+1","Infinite Blades+1","Escape Plan+1"],"special_seed":0,"relics":["Ring of the Snake","NeowsBlessing","StoneCalendar","Molten Egg 2","Bottled Tornado","Cursed Key","Blood Vial","Vajra","Blue Candle","Letter Opener","Coffee Dripper","Prayer Wheel","Kunai","Juzu Bracelet"],"potions_floor_usage":[50],"damage_taken":[{"damage":0.0,"enemies":"Cultist","floor":1.0,"turns":1.0},{"damage":0.0,"enemies":"Jaw Worm","floor":3.0,"turns":1.0},{"damage":0.0,"enemies":"2 Louse","floor":4.0,"turns":1.0},{"damage":35.0,"enemies":"Gremlin Nob","floor":6.0,"turns":7.0},{"damage":0.0,"enemies":"Lagavulin","floor":8.0,"turns":10.0},{"damage":0.0,"enemies":"Exordium Wildlife","floor":11.0,"turns":3.0},{"damage":0.0,"enemies":"Exordium Thugs","floor":12.0,"turns":7.0},{"damage":0.0,"enemies":"Blue Slaver","floor":14.0,"turns":5.0},{"damage":4.0,"enemies":"Slime Boss","floor":16.0,"turns":9.0},{"damage":0.0,"enemies":"3 Byrds","floor":18.0,"turns":5.0},{"damage":0.0,"enemies":"Shell Parasite","floor":20.0,"turns":7.0},{"damage":0.0,"enemies":"Book of Stabbing","floor":23.0,"turns":7.0},{"damage":1.0,"enemies":"Centurion and Healer","floor":27.0,"turns":5.0},{"damage":20.0,"enemies":"Cultist and Chosen","floor":28.0,"turns":6.0},{"damage":1.0,"enemies":"Sentry and Sphere","floor":29.0,"turns":4.0},{"damage":0.0,"enemies":"Snecko","floor":30.0,"turns":7.0},{"damage":36.0,"enemies":"Automaton","floor":33.0,"turns":7.0},{"damage":5.0,"enemies":"Orb Walker","floor":35.0,"turns":2.0},{"damage":36.0,"enemies":"2 Orb Walkers","floor":36.0,"turns":5.0},{"damage":1.0,"enemies":"3 Shapes","floor":38.0,"turns":3.0},{"damage":6.0,"enemies":"Maw","floor":39.0,"turns":7.0},{"damage":24.0,"enemies":"Giant Head","floor":40.0,"turns":7.0},{"damage":1,"enemies":"Spire Growth","floor":47,"turns":4},{"damage":0,"enemies":"Jaw Worm Horde","floor":48,"turns":4},{"damage":18,"enemies":"Time Eater","floor":50,"turns":3}],"seed_played":"6811876078023284228","potions_obtained":[{"floor":1.0,"key":"LiquidBronze"},{"floor":8.0,"key":"Block Potion"},{"floor":11.0,"key":"Poison Potion"},{"floor":18.0,"key":"Poison Potion"},{"floor":20.0,"key":"Energy Potion"},{"floor":23.0,"key":"EssenceOfSteel"},{"floor":29.0,"key":"Fire Potion"},{"floor":30.0,"key":"FearPotion"}],"is_trial":false,"path_per_floor":["M","$","M","M","?","E","R","E","T","?","M","M","$","M","R","B",null,"M","?","M","$","?","E","R","$","T","M","M","M","M","T","R","B",null,"M","?","?","M","M","E","?","$","T","$","T","R","M","M","R","B"],"character_chosen":"THE_SILENT","items_purchased":["Well Laid Plans","Prepared","Cloak And Dagger","Acrobatics","Finisher+1"],"campfire_rested":0,"item_purchase_floors":[13,25,42,42,44],"current_hp_per_floor":[70,70,70,70,56,21,21,21,21,14,14,14,14,14,14,10,70,70,70,70,70,70,70,70,70,70,69,50,51,53,53,53,19,70,65,31,31,32,28,6,6,6,6,6,6,6,7,9,9,0],"gold":65,"neow_bonus":"THREE_ENEMY_KILL","is_prod":false,"is_daily":false,"chose_seed":false,"campfire_upgraded":6,"win_rate":0,"timestamp":1541338466,"path_taken":["M","$","M","?","?","E","R","E","T","?","?","M","$","M","R","BOSS","M","?","M","$","?","E","R","?","T","M","M","M","?","?","R","BOSS","M","?","?","M","M","E","?","$","T","?","?","R","M","M","R","BOSS"],"build_version":"2018-11-02","purchased_purges":4,"victory":false,"max_hp_per_floor":[70,70,70,70,70,70,70,70,70,70,70,70,70,70,70,70,70,70,70,70,70,70,70,70,70,70,70,70,70,70,70,70,70,70,70,70,70,70,70,70,70,70,70,70,70,70,70,70,70,70],"card_choices":[{"not_picked":["Quick Slash","Calculated Gamble"],"picked":"Footwork","floor":1.0},{"not_picked":["Cloak And Dagger","All Out Attack"],"picked":"Dash","floor":3.0},{"not_picked":["Cloak And Dagger","Eviscerate","Quick Slash"],"picked":"SKIP","floor":4.0},{"not_picked":["Prepared","Riddle With Holes"],"picked":"Flechettes","floor":6.0},{"not_picked":["Predator","Storm of Steel"],"picked":"Backflip","floor":8.0},{"not_picked":["Bane+1","Prepared"],"picked":"Deflect","floor":11.0},{"not_picked":["Masterful Stab+1","Choke+1"],"picked":"Reflex","floor":12.0},{"not_picked":["PiercingWail","Dagger Spray+1","Cloak And Dagger"],"picked":"SKIP","floor":14.0},{"not_picked":["Doppelganger","Envenom"],"picked":"A Thousand Cuts","floor":16.0},{"not_picked":["Eviscerate+1","Backflip","Deflect"],"picked":"SKIP","floor":18.0},{"not_picked":["Outmaneuver","Dagger Spray+1"],"picked":"Blade Dance+1","floor":20.0},{"not_picked":["Eviscerate+1","Blade Dance"],"picked":"Die Die Die+1","floor":23.0},{"not_picked":["Endless Agony+1","Sucker Punch+1"],"picked":"Dagger Throw+1","floor":27.0},{"not_picked":["Deflect","Backflip"],"picked":"Slice+1","floor":28.0},{"not_picked":["Blade Dance","Setup"],"picked":"Accuracy","floor":29.0},{"not_picked":["Outmaneuver","Sucker Punch+1"],"picked":"Glass Knife+1","floor":30.0},{"not_picked":["A Thousand Cuts","Corpse Explosion"],"picked":"Adrenaline","floor":33.0},{"not_picked":["Dagger Throw+1","Caltrops"],"picked":"Blade Dance+1","floor":35.0},{"not_picked":["Deadly Poison+1","Tools of the Trade"],"picked":"Backflip+1","floor":38.0},{"not_picked":["Outmaneuver+1","Underhanded Strike+1","Slice+1"],"picked":"SKIP","floor":38.0},{"not_picked":["Acrobatics","Terror"],"picked":"Skewer+1","floor":39.0},{"not_picked":["Eviscerate+1","Flying Knee+1","Deadly Poison"],"picked":"SKIP","floor":39.0},{"not_picked":["Eviscerate+1","Flying Knee+1","Deadly Poison"],"picked":"SKIP","floor":39.0},{"not_picked":["Sucker Punch+1","Crippling Poison"],"picked":"Endless Agony+1","floor":40.0},{"not_picked":["Sadistic Nature","Blind"],"picked":"Purity","floor":41.0},{"not_picked":["Riddle With Holes+1","Underhanded Strike+1","Cloak And Dagger"],"picked":"SKIP","floor":47},{"not_picked":["Blade Dance+1","Storm of Steel","Predator+1"],"picked":"SKIP","floor":47},{"not_picked":["Storm of Steel","Predator+1"],"picked":"Blade Dance+1","floor":47},{"not_picked":["Riddle With Holes+1","Underhanded Strike+1","Cloak And Dagger"],"picked":"SKIP","floor":47},{"not_picked":["Dagger Spray+1","Quick Slash+1"],"picked":"Infinite Blades+1","floor":48},{"not_picked":["Acrobatics+1","Backstab+1"],"picked":"Escape Plan+1","floor":48}],"player_experience":443503,"relics_obtained":[{"floor":6.0,"key":"StoneCalendar"},{"floor":8.0,"key":"Molten Egg 2"},{"floor":9.0,"key":"Bottled Tornado"},{"floor":23.0,"key":"Vajra"},{"floor":26.0,"key":"Blue Candle"},{"floor":31.0,"key":"Letter Opener"},{"floor":36.0,"key":"Prayer Wheel"},{"floor":40.0,"key":"Kunai"},{"floor":43.0,"key":"Juzu Bracelet"}],"event_choices":[{"damage_healed":0.0,"max_hp_gain":0.0,"max_hp_loss":0.0,"gold_gain":0.0,"event_name":"Shining Light","player_choice":"Entered Light","floor":5.0,"gold_loss":0.0,"damage_taken":14.0,"cards_upgraded":["Defend_G","Defend_G"]},{"cards_removed":["Strike_G"],"damage_healed":0.0,"max_hp_gain":0.0,"max_hp_loss":0.0,"gold_gain":0.0,"event_name":"Golden Wing","player_choice":"Card Removal","floor":10.0,"gold_loss":0.0,"damage_taken":7.0},{"damage_healed":0.0,"max_hp_gain":0.0,"max_hp_loss":0.0,"gold_gain":0.0,"event_name":"The Mausoleum","player_choice":"Opened","floor":19.0,"gold_loss":0.0,"damage_taken":0.0,"relics_obtained":["Blood Vial"],"cards_obtained":["Writhe"]},{"cards_removed":["Strike_G"],"damage_healed":0.0,"max_hp_gain":0.0,"max_hp_loss":0.0,"gold_gain":0.0,"event_name":"Back to Basics","player_choice":"Elegance","floor":22.0,"gold_loss":0.0,"damage_taken":0.0},{"damage_healed":0.0,"max_hp_gain":0.0,"max_hp_loss":0.0,"gold_gain":0.0,"event_name":"Mysterious Sphere","player_choice":"Fight","floor":36.0,"gold_loss":0.0,"damage_taken":0.0},{"damage_healed":0.0,"max_hp_gain":0.0,"max_hp_loss":0.0,"gold_gain":0.0,"event_name":"Tomb of Lord Red Mask","player_choice":"Ignored","floor":37.0,"gold_loss":0.0,"damage_taken":0.0},{"damage_healed":0.0,"max_hp_gain":0.0,"max_hp_loss":0.0,"gold_gain":0.0,"event_name":"SensoryStone","player_choice":"Memory 1","floor":41.0,"gold_loss":0.0,"damage_taken":0.0}],"is_beta":true,"boss_relics":[{"not_picked":["Tiny House","Velvet Choker"],"picked":"Cursed Key"},{"not_picked":["Astrolabe","White Beast Statue"],"picked":"Coffee Dripper"}],"items_purged_floors":[2,13,21,42],"is_endless":false,"potions_floor_spawned":[1,8,11,18,20,23,29,30,39,40,48],"killed_by":"Time Eater","ascension_level":0}