{"gold_per_floor":[109,109,128,128,144,169,169,200,200,200,42,42,72,84,84,161,161,181,181,96,96,21,21,21,36,91,91,91,116,41,64,64,141,141,151,151,169,187,198,198],"floor_reached":40,"playtime":1152,"items_purged":["Clothesline+1"],"score":965,"play_id":"6e85cc1a-e926-4c27-ac73-953defc14b4f","local_time":"20190413205259","is_ascension_mode":true,"campfire_choices":[{"data":"Uppercut","floor":7.0,"key":"SMITH"},{"floor":10.0,"key":"REST"},{"data":"Demon Form","floor":15.0,"key":"SMITH"},{"data":"Second Wind","floor":23.0,"key":"SMITH"},{"data":"Demon Form","floor":28.0,"key":"SMITH"},{"data":"Evolve","floor":32.0,"key":"SMITH"}],"neow_cost":"NONE","seed_source_timestamp":31166417869063,"circlet_count":0,"master_deck":["AscendersBane","Defend_R","Defend_R","Defend_R","Defend_R","Evolve+1","Pain","Shockwave+1","Uppercut+1","Offering","Fiend Fire","Demon Form+1","Shrug It Off","Reaper","Bludgeon+1","Heavy Blade+1","Demon Form+1","Second Wind+1","Impervious"],"special_seed":0,"relics":["Burning Blood","NeowsBlessing","WarpedTongs","Anchor","Bottled Tornado","PreservedInsect","Ornamental Fan","Astrolabe","Potion Belt","Tiny Chest","Ancient Tea Set","Pen Nib","Busted Crown"],"potions_floor_usage":[],"damage_taken":[{"damage":0.0,"enemies":"Jaw Worm","floor":1.0,"turns":1.0},{"damage":0.0,"enemies":"Cultist","floor":3.0,"turns":1.0},{"damage":0.0,"enemies":"Small Slimes","floor":5.0,"turns":1.0},{"damage":44.0,"enemies":"Gremlin Nob","floor":6.0,"turns":5.0},{"damage":36.0,"enemies":"Lagavulin","floor":8.0,"turns":8.0},{"damage":0.0,"enemies":"Gremlin Nob","floor":13.0,"turns":2.0},{"damage":8.0,"enemies":"Looter","floor":14.0,"turns":2.0},{"damage":28.0,"enemies":"Slime Boss","floor":16.0,"turns":6.0},{"damage":13.0,"enemies":"3 Byrds","floor":18.0,"turns":7.0},{"damage":39.0,"enemies":"Shell Parasite","floor":25.0,"turns":8.0},{"damage":54.0,"enemies":"Gremlin Leader","floor":29.0,"turns":5.0},{"damage":101.0,"enemies":"Automaton","floor":33.0,"turns":8.0},{"damage":16.0,"enemies":"Orb Walker","floor":35.0,"turns":4.0},{"damage":28,"enemies":"3 Darklings","floor":37,"turns":6},{"damage":56,"enemies":"Transient","floor":38,"turns":6},{"damage":60,"enemies":"Sphere and 2 Shapes","floor":39,"turns":6},{"damage":53,"enemies":"Reptomancer","floor":40,"turns":3}],"seed_played":"2281486371981477241","potions_obtained":[{"floor":5.0,"key":"SkillPotion"},{"floor":13.0,"key":"Dexterity Potion"},{"floor":14.0,"key":"Poison Potion"},{"floor":16.0,"key":"Explosive Potion"},{"floor":25.0,"key":"Regen Potion"},{"floor":29.0,"key":"Ancient Potion"},{"floor":33.0,"key":"Regen Potion"},{"floor":35.0,"key":"Regen Potion"},{"floor":37,"key":"PowerPotion"}],"is_trial":false,"path_per_floor":["M","?","M","?","M","E","R","E","T","R","$","?","E","M","R","B",null,"M","?","?","?","$","R","$","M","T","T","R","E","?","T","R","B",null,"M","?","M","M","M","E"],"character_chosen":"IRONCLAD","items_purchased":["Fiend Fire"],"campfire_rested":1,"item_purchase_floors":[11],"current_hp_per_floor":[74,74,75,75,75,37,37,7,7,29,29,29,35,33,33,11,59,55,55,55,55,55,55,55,56,56,56,56,57,57,57,57,25,63,72,72,75,75,54,13],"gold":198,"neow_bonus":"THREE_ENEMY_KILL","is_prod":false,"is_daily":false,"chose_seed":false,"campfire_upgraded":5,"win_rate":0,"timestamp":1555159979,"path_taken":["M","?","?","?","?","E","R","E","T","R","$","?","E","M","R","BOSS","M","?","?","?","?","R","$","?","T","?","R","E","?","?","R","BOSS","M","?","M","?","M","E"],"build_version":"2019-01-23","purchased_purges":1,"victory":false,"max_hp_per_floor":[75,75,75,75,75,75,75,75,75,75,75,75,75,75,75,75,75,75,75,75,75,75,75,75,75,75,75,75,75,75,75,75,75,75,75,75,75,75,75,75],"card_choices":[{"not_picked":["Flex","Warcry"],"picked":"Evolve","floor":1.0},{"not_picked":["Reckless Charge","Headbutt"],"picked":"Shockwave","floor":3.0},{"not_picked":["Warcry","Anger"],"picked":"Whirlwind","floor":5.0},{"not_picked":["Shrug It Off","Feel No Pain"],"picked":"Uppercut","floor":6.0},{"not_picked":["Disarm","Twin Strike"],"picked":"Offering","floor":8.0},{"not_picked":["Whirlwind","Blood for Blood"],"picked":"Shrug It Off","floor":13.0},{"not_picked":["Thunderclap","Havoc","Pommel Strike"],"picked":"SKIP","floor":14.0},{"not_picked":["Limit Break","Impervious"],"picked":"Reaper","floor":16.0},{"not_picked":["Armaments","Flame Barrier","Clothesline+1"],"picked":"SKIP","floor":18.0},{"not_picked":["Corruption+1","Wild Strike","Thunderclap+1"],"picked":"SKIP","floor":25.0},{"not_picked":["Perfected Strike","Anger","Rupture"],"picked":"SKIP","floor":29.0},{"not_picked":["Double Tap","Dark Embrace"],"picked":"Impervious","floor":33.0},{"not_picked":["True Grit"],"picked":"SKIP","floor":35.0},{"not_picked":["Iron Wave"],"picked":"SKIP","floor":37},{"not_picked":["Shrug It Off"],"picked":"SKIP","floor":38},{"not_picked":["Anger"],"picked":"SKIP","floor":39}],"player_experience":4255553,"relics_obtained":[{"floor":6.0,"key":"Anchor"},{"floor":8.0,"key":"Bottled Tornado"},{"floor":9.0,"key":"PreservedInsect"},{"floor":13.0,"key":"Ornamental Fan"},{"floor":26.0,"key":"Tiny Chest"},{"floor":27.0,"key":"Ancient Tea Set"},{"floor":29.0,"key":"Pen Nib"}],"event_choices":[{"damage_healed":0.0,"max_hp_gain":0.0,"max_hp_loss":0.0,"gold_gain":0.0,"event_name":"Accursed Blacksmith","player_choice":"Rummage","floor":2.0,"gold_loss":0.0,"damage_taken":0.0,"relics_obtained":["WarpedTongs"],"cards_obtained":["Pain"]},{"damage_healed":0.0,"max_hp_gain":0.0,"max_hp_loss":0.0,"gold_gain":0.0,"event_name":"Upgrade Shrine","player_choice":"Upgraded","floor":4.0,"gold_loss":0.0,"damage_taken":0.0,"cards_upgraded":["Shockwave"]},{"damage_healed":0.0,"max_hp_gain":0.0,"max_hp_loss":0.0,"gold_gain":0.0,"cards_transformed":["Strike_R"],"event_name":"Living Wall","player_choice":"Change","floor":12.0,"gold_loss":0.0,"damage_taken":0.0,"cards_obtained":["Demon Form"]},{"damage_healed":0.0,"max_hp_gain":0.0,"max_hp_loss":0.0,"gold_gain":0.0,"cards_transformed":["Strike_R","Strike_R"],"event_name":"Drug Dealer","player_choice":"Became Test Subject","floor":19.0,"gold_loss":0.0,"damage_taken":0.0,"cards_obtained":["Demon Form","Second Wind"]},{"damage_healed":0.0,"max_hp_gain":0.0,"max_hp_loss":0.0,"gold_gain":0.0,"event_name":"Addict","player_choice":"Obtained Relic","floor":20.0,"gold_loss":85.0,"damage_taken":0.0,"relics_obtained":["Potion Belt"]},{"damage_healed":0.0,"max_hp_gain":0.0,"max_hp_loss":0.0,"gold_gain":0.0,"event_name":"Vampires","player_choice":"Ignored","floor":21.0,"gold_loss":0.0,"damage_taken":0.0},{"cards_removed":["Whirlwind"],"damage_healed":0.0,"max_hp_gain":0.0,"max_hp_loss":0.0,"gold_gain":0.0,"event_name":"Beggar","player_choice":"Gave Gold","floor":30.0,"gold_loss":75.0,"damage_taken":0.0},{"damage_healed":0.0,"max_hp_gain":0.0,"max_hp_loss":0.0,"gold_gain":0.0,"event_name":"SecretPortal","player_choice":"Ignored","floor":36.0,"gold_loss":0.0,"damage_taken":0.0}],"is_beta":false,"boss_relics":[{"not_picked":["Tiny House","Lizard Tail"],"picked":"Astrolabe"},{"not_picked":["Black Star","Philosopher\u0027s Stone"],"picked":"Busted Crown"}],"items_purged_floors":[22],"is_endless":false,"potions_floor_spawned":[5,13,14,16,25,29,33,35,37],"killed_by":"Reptomancer","ascension_level":20}