{"gold_per_floor":[114,114,131,146,161,161,161,161,215,2,20,20,35,46,46,146,146,165,165,90,90,109,109,137,137,215,225,239,88,118,118,118,213,213,231,231,231,283,93,119,136,136,136,168,185,201,233,95,95,95],"floor_reached":51,"playtime":1370,"items_purged":["Strike_G","Strike_G"],"score":840,"play_id":"c80ee21c-cfc5-4101-a164-6beb6df341f8","local_time":"20181015103501","is_ascension_mode":false,"campfire_choices":[{"data":"Noxious Fumes","floor":6,"key":"SMITH"},{"data":"Catalyst","floor":8,"key":"SMITH"},{"data":"Catalyst","floor":15,"key":"SMITH"},{"floor":23,"key":"REST"},{"floor":25,"key":"REST"},{"floor":32,"key":"REST"},{"floor":42,"key":"REST"},{"floor":49,"key":"REST"}],"neow_cost":"NONE","seed_source_timestamp":95134083383,"circlet_count":0,"master_deck":["Defend_G","Defend_G","Defend_G","Defend_G","Defend_G","Survivor","Neutralize","Predator+1","Catalyst+1","Noxious Fumes+1","Apotheosis+1","Backflip+1","Catalyst+1","Escape Plan","Corpse Explosion+1","Dash+1","Bouncing Flask","Leg Sweep+1","PiercingWail+1","Noxious Fumes","Wraith Form v2","Dodge and Roll+1","Poisoned Stab+1","Footwork+1","Footwork+1","PiercingWail+1","Deadly Poison","Backflip+1","Envenom","Dash+1","Catalyst"],"relics":["Ring of the Snake","Juzu Bracelet","Tiny Chest","Fusion Hammer","Bronze Scales","Question Card","Bag of Preparation","Whetstone","Cursed Key","Prayer Wheel","ClockworkSouvenir","Bag of Marbles","Potion Belt","Sundial"],"potions_floor_usage":[50,50,50,50,50],"damage_taken":[{"damage":0,"enemies":"2 Louse","floor":1,"turns":2},{"damage":1,"enemies":"Cultist","floor":3,"turns":3},{"damage":0,"enemies":"Small Slimes","floor":4,"turns":3},{"damage":2,"enemies":"2 Fungi Beasts","floor":5,"turns":3},{"damage":7,"enemies":"Large Slime","floor":11,"turns":7},{"damage":0,"enemies":"Exordium Wildlife","floor":13,"turns":5},{"damage":0,"enemies":"Red Slaver","floor":14,"turns":4},{"damage":24,"enemies":"The Guardian","floor":16,"turns":6},{"damage":0,"enemies":"Chosen","floor":18,"turns":4},{"damage":8,"enemies":"2 Thieves","floor":22,"turns":3},{"damage":27,"enemies":"Slavers","floor":24,"turns":2},{"damage":0,"enemies":"Cultist and Chosen","floor":27,"turns":2},{"damage":0,"enemies":"Centurion and Healer","floor":28,"turns":2},{"damage":0,"enemies":"Book of Stabbing","floor":30,"turns":5},{"damage":43,"enemies":"Collector","floor":33,"turns":6},{"damage":0,"enemies":"3 Shapes","floor":35,"turns":1},{"damage":0,"enemies":"Mysterious Sphere","floor":38,"turns":4},{"damage":31,"enemies":"Nemesis","floor":40,"turns":7},{"damage":0,"enemies":"3 Darklings","floor":41,"turns":3},{"damage":0,"enemies":"Giant Head","floor":44,"turns":5},{"damage":1,"enemies":"Reptomancer","floor":45,"turns":2},{"damage":0,"enemies":"Transient","floor":46,"turns":5},{"damage":26,"enemies":"2 Orb Walkers","floor":47,"turns":3},{"damage":14,"enemies":"Awakened One","floor":50,"turns":9}],"seed_played":"2594143702040713261","potions_obtained":[{"floor":3,"key":"AttackPotion"},{"floor":13,"key":"Strength Potion"},{"floor":14,"key":"SteroidPotion"},{"floor":35,"key":"Dexterity Potion"},{"floor":45,"key":"Poison Potion"},{"floor":47,"key":"SteroidPotion"}],"is_trial":false,"path_per_floor":["M","$","M","M","M","R","?","R","T","$","M","?","M","M","R","B",null,"M","?","$","?","M","R","E","R","T","M","M","$","E","?","R","B",null,"M","?","?","?","$","E","M","R","T","E","M","M","E","$","R","B"],"character_chosen":"THE_SILENT","items_purchased":["Apotheosis","Bag of Preparation","ClockworkSouvenir","Catalyst"],"campfire_rested":5,"item_purchase_floors":[10,29,39,48],"current_hp_per_floor":[70,70,69,69,67,67,67,67,67,67,60,46,46,46,46,22,70,70,70,70,57,49,71,44,66,66,66,66,66,66,66,75,32,75,75,75,75,75,75,44,44,66,66,66,65,65,39,39,61,47],"gold":95,"neow_bonus":"RANDOM_COMMON_RELIC","is_prod":false,"is_daily":false,"chose_seed":false,"campfire_upgraded":3,"win_rate":0,"timestamp":1539570901,"path_taken":["M","$","M","M","M","R","?","R","T","$","M","?","M","M","R","BOSS","M","?","$","?","M","R","E","R","T","M","M","$","E","?","R","BOSS","M","?","?","?","$","E","M","R","T","E","M","M","E","$","R","BOSS"],"build_version":"2018-10-11","purchased_purges":2,"victory":true,"max_hp_per_floor":[70,70,70,70,70,70,70,70,70,70,70,70,70,70,70,70,70,70,70,70,75,75,75,75,75,75,75,75,75,75,75,75,75,75,75,75,75,75,75,75,75,75,75,75,75,75,75,75,75,75],"card_choices":[{"not_picked":["Slice","Terror"],"picked":"Predator","floor":1},{"not_picked":["Footwork","PiercingWail"],"picked":"Catalyst","floor":3},{"not_picked":["Slice","Distraction","Quick Slash"],"picked":"SKIP","floor":4},{"not_picked":["Backflip","Sucker Punch"],"picked":"Noxious Fumes","floor":5},{"not_picked":["Prepared","Skewer"],"picked":"Backflip","floor":11},{"not_picked":["Cloak And Dagger","Flying Knee"],"picked":"Catalyst","floor":13},{"not_picked":["Acrobatics","Tactician"],"picked":"Escape Plan","floor":14},{"not_picked":["Venomology","Burst"],"picked":"Corpse Explosion","floor":16},{"not_picked":["Acrobatics","Sucker Punch"],"picked":"Dash","floor":18},{"not_picked":["Backflip","Dash"],"picked":"Bouncing Flask","floor":22},{"not_picked":["Quick Slash","Acrobatics"],"picked":"Leg Sweep+1","floor":24},{"not_picked":["Dagger Spray","Blur","Setup"],"picked":"PiercingWail+1","floor":27},{"not_picked":["Sucker Punch","Poisoned Stab","Blade Dance","Dagger Throw"],"picked":"SKIP","floor":28},{"not_picked":["Outmaneuver","Choke","Dagger Spray+1"],"picked":"Noxious Fumes","floor":30},{"not_picked":["A Thousand Cuts","Envenom","Die Die Die"],"picked":"Wraith Form v2","floor":33},{"not_picked":["Quick Slash+1","Backflip","Bane+1"],"picked":"Dodge and Roll+1","floor":35},{"not_picked":["Prepared","Deflect+1","Dagger Spray"],"picked":"Poisoned Stab+1","floor":38},{"not_picked":["After Image","Dagger Throw+1","Deflect"],"picked":"Footwork+1","floor":40},{"not_picked":["Dagger Spray+1","Underhanded Strike+1","Deflect+1","Expertise"],"picked":"SKIP","floor":41},{"not_picked":["PiercingWail+1","Underhanded Strike+1","Noxious Fumes+1","Doppelganger"],"picked":"SKIP","floor":41},{"not_picked":["Predator+1","Poisoned Stab","Calculated Gamble"],"picked":"Footwork+1","floor":44},{"not_picked":["Prepared+1","Outmaneuver","Flying Knee+1"],"picked":"PiercingWail+1","floor":45},{"not_picked":["Slice+1","Poisoned Stab","Acrobatics"],"picked":"Deadly Poison","floor":45},{"not_picked":["Setup","PiercingWail+1","Cloak And Dagger+1"],"picked":"Backflip+1","floor":46},{"not_picked":["Slice","Dagger Spray+1","Sucker Punch+1"],"picked":"Envenom","floor":46},{"not_picked":["Sucker Punch","Prepared","Slice+1"],"picked":"Dash+1","floor":47}],"player_experience":193867,"relics_obtained":[{"floor":9,"key":"Tiny Chest"},{"floor":24,"key":"Bronze Scales"},{"floor":26,"key":"Question Card"},{"floor":30,"key":"Whetstone"},{"floor":38,"key":"Prayer Wheel"},{"floor":40,"key":"Bag of Marbles"},{"floor":44,"key":"Potion Belt"},{"floor":47,"key":"Sundial"}],"event_choices":[{"event_name":"Bonfire Elementals","player_choice":"BASIC","floor":7,"damage_taken":0},{"event_name":"Shining Light","player_choice":"Entered Light","floor":12,"damage_taken":0},{"event_name":"Upgrade Shrine","player_choice":"Upgraded","floor":19,"damage_taken":0},{"event_name":"Forgotten Altar","player_choice":"Shed Blood","floor":21,"damage_taken":0},{"event_name":"Back to Basics","player_choice":"Elegance","floor":31,"damage_taken":0},{"event_name":"The Woman in Blue","player_choice":"Bought 0 Potions","floor":36,"damage_taken":0},{"event_name":"Wheel of Change","player_choice":"Card Removal","floor":37,"damage_taken":0},{"event_name":"Mysterious Sphere","player_choice":"Fight","floor":38,"damage_taken":0}],"is_beta":false,"boss_relics":[{"not_picked":["Black Star","Astrolabe"],"picked":"Fusion Hammer"},{"not_picked":["Snecko Eye","Pandora\u0027s Box"],"picked":"Cursed Key"}],"items_purged_floors":[20,48],"is_endless":false,"potions_floor_spawned":[3,13,14,16,18,24,35,45,47],"ascension_level":0}