{"gold_per_floor":[114,39,52,52,52,52,52,52,52,52,79,90,90,90],"floor_reached":14,"playtime":529,"items_purged":["Strike_G"],"score":172,"play_id":"446cf9cd-a769-4715-9a8a-7f0cf5218869","local_time":"20190107191950","is_ascension_mode":true,"campfire_choices":[{"data":"Neutralize","floor":6,"key":"SMITH"},{"data":"Tools of the Trade","floor":8,"key":"SMITH"},{"data":"Night Terror","floor":13,"key":"SMITH"}],"neow_cost":"NONE","seed_source_timestamp":26165430014736,"circlet_count":0,"master_deck":["AscendersBane","Defend_G","Defend_G","Defend_G","Defend_G","Defend_G","Strike_G","Strike_G","Strike_G+1","Strike_G","Survivor","Neutralize+1","Tools of the Trade+1","Deadly Poison+1","Night Terror+1"],"relics":["Ring of the Snake","Strawberry","Frozen Egg 2","Vajra"],"potions_floor_usage":[11,11,11,14,14],"damage_taken":[{"damage":0,"enemies":"2 Louse","floor":1,"turns":4},{"damage":10,"enemies":"Small Slimes","floor":3,"turns":5},{"damage":27,"enemies":"3 Sentries","floor":11,"turns":10},{"damage":0,"enemies":"Cultist","floor":12,"turns":4},{"damage":2,"enemies":"Lots of Slimes","floor":14,"turns":2}],"seed_played":"8369910265237550385","potions_obtained":[{"floor":1,"key":"SpeedPotion"},{"floor":10,"key":"EntropicBrew"},{"floor":12,"key":"PowerPotion"}],"is_trial":false,"path_per_floor":["M","$","M","?","?","R","?","R","T","?","E","M","R","M"],"character_chosen":"THE_SILENT","items_purchased":[],"campfire_rested":0,"item_purchase_floors":[],"current_hp_per_floor":[59,59,49,45,23,23,28,28,28,28,1,1,1,0],"gold":90,"neow_bonus":"ONE_RANDOM_RARE_CARD","is_prod":false,"is_daily":false,"chose_seed":false,"campfire_upgraded":3,"win_rate":0,"timestamp":1546859990,"path_taken":["M","$","M","?","?","R","?","R","T","?","E","?","R","M"],"build_version":"2019-01-03v4","purchased_purges":1,"victory":false,"max_hp_per_floor":[66,66,66,73,73,73,78,78,78,78,78,78,78,78],"card_choices":[{"not_picked":["Finisher","Cloak And Dagger","Poisoned Stab"],"picked":"SKIP","floor":1},{"not_picked":["Dagger Throw","Outmaneuver"],"picked":"Deadly Poison","floor":3},{"not_picked":["Blade Dance","Poisoned Stab","Choke"],"picked":"SKIP","floor":11},{"not_picked":["Blade Dance","Poisoned Stab","Choke"],"picked":"SKIP","floor":11},{"not_picked":["Dagger Spray","Deflect"],"picked":"Night Terror","floor":12}],"player_experience":1825955,"relics_obtained":[{"floor":9,"key":"Frozen Egg 2"},{"floor":11,"key":"Vajra"}],"event_choices":[{"damage_healed":0,"gold_gain":0,"player_choice":"Success","damage_taken":11,"relics_obtained":["Strawberry"],"max_hp_gain":0,"max_hp_loss":0,"event_name":"Scrap Ooze","floor":4,"gold_loss":0},{"damage_healed":0,"gold_gain":0,"player_choice":"Entered Light","damage_taken":22,"max_hp_gain":0,"max_hp_loss":0,"event_name":"Shining Light","floor":5,"gold_loss":0,"cards_upgraded":["Strike_G","Deadly Poison"]},{"damage_healed":0,"gold_gain":0,"player_choice":"Donut","damage_taken":0,"max_hp_gain":5,"max_hp_loss":0,"event_name":"Big Fish","floor":7,"gold_loss":0},{"damage_healed":0,"gold_gain":0,"player_choice":"Got Potions","damage_taken":0,"max_hp_gain":0,"max_hp_loss":0,"event_name":"Lab","floor":10,"gold_loss":0}],"is_beta":false,"boss_relics":[],"items_purged_floors":[2],"is_endless":false,"potions_floor_spawned":[1,12],"killed_by":"Lots of Slimes","ascension_level":20}