{"gold_per_floor":[114,114,132,150,200,200,219,239,239,239,271,271,271,196,196,273,273,286,66,82,82,102,117,17,17,71,71,88,100,100,115,115,115],"floor_reached":33,"playtime":2829,"items_purged":["Parasite","Strike_G"],"score":498,"play_id":"ca0f308d-f2d4-40ab-aa63-de15ecf0e603","local_time":"20181229164100","is_ascension_mode":true,"campfire_choices":[{"data":"Noxious Fumes","floor":6.0,"key":"SMITH"},{"floor":10.0,"key":"REST"},{"data":"Well Laid Plans","floor":13.0,"key":"SMITH"},{"data":"Deadly Poison","floor":15.0,"key":"SMITH"},{"data":"Adrenaline","floor":30,"key":"SMITH"},{"floor":32,"key":"REST"}],"neow_cost":"NONE","seed_source_timestamp":18471728353519,"circlet_count":0,"master_deck":["AscendersBane","Defend_G","Defend_G","Defend_G","Defend_G","Defend_G","Strike_G","Strike_G","Strike_G+1","Strike_G","Survivor","Neutralize+1","Deadly Poison+1","Leg Sweep","Noxious Fumes+1","Well Laid Plans+1","Backflip","Adrenaline+1","Caltrops+1","Adrenaline","Deflect"],"special_seed":0,"relics":["Ring of the Snake","Bird Faced Urn","Runic Pyramid","Medical Kit","Regal Pillow"],"potions_floor_usage":[22,23,28,31],"damage_taken":[{"damage":9.0,"enemies":"Jaw Worm","floor":1.0,"turns":9.0},{"damage":1.0,"enemies":"Cultist","floor":3.0,"turns":5.0},{"damage":0.0,"enemies":"2 Louse","floor":4.0,"turns":3.0},{"damage":7.0,"enemies":"Lots of Slimes","floor":7.0,"turns":6.0},{"damage":7.0,"enemies":"2 Fungi Beasts","floor":8.0,"turns":5.0},{"damage":24.0,"enemies":"Gremlin Nob","floor":11.0,"turns":4.0},{"damage":22.0,"enemies":"The Guardian","floor":16.0,"turns":9.0},{"damage":0.0,"enemies":"Chosen","floor":18.0,"turns":6.0},{"damage":21,"enemies":"3 Byrds","floor":20,"turns":5},{"damage":40,"enemies":"3 Cultists","floor":22,"turns":7},{"damage":0,"enemies":"Snake Plant","floor":23,"turns":5},{"damage":19,"enemies":"Chosen and Byrds","floor":28,"turns":6},{"damage":6,"enemies":"Centurion and Healer","floor":29,"turns":9},{"damage":53,"enemies":"Snecko","floor":31,"turns":10},{"damage":39,"enemies":"Collector","floor":33,"turns":7}],"seed_played":"3243390706816198960","potions_obtained":[{"floor":3.0,"key":"SteroidPotion"},{"floor":7.0,"key":"Weak Potion"},{"floor":18.0,"key":"Energy Potion"},{"floor":22,"key":"Energy Potion"},{"floor":28,"key":"Strength Potion"},{"floor":31,"key":"Energy Potion"}],"is_trial":false,"path_per_floor":["M","?","M","M","?","R","M","M","T","R","E","?","R","$","R","B",null,"M","$","M","?","M","M","$","?","T","?","M","M","R","M","R","B"],"character_chosen":"THE_SILENT","items_purchased":["Medical Kit"],"campfire_rested":2,"item_purchase_floors":[19],"current_hp_per_floor":[56,34,33,33,33,33,26,19,19,40,16,34,34,34,34,16,56,60,60,43,43,9,15,15,15,15,69,52,52,52,3,38,5],"gold":115,"neow_bonus":"TEN_PERCENT_HP_BONUS","is_prod":false,"is_daily":false,"chose_seed":false,"campfire_upgraded":4,"win_rate":0,"timestamp":1546072860,"path_taken":["M","?","M","M","?","R","?","M","T","R","E","?","R","$","R","BOSS","M","$","M","?","?","M","$","?","T","?","M","?","R","M","R","BOSS"],"build_version":"2018-12-20","purchased_purges":2,"victory":false,"max_hp_per_floor":[72,72,72,72,72,72,72,72,72,72,72,72,72,69,69,69,69,69,69,69,69,69,69,69,69,69,69,69,69,69,69,69,69],"card_choices":[{"not_picked":["Outmaneuver","Sucker Punch"],"picked":"Deadly Poison","floor":1.0},{"not_picked":["Dagger Throw","PiercingWail"],"picked":"Leg Sweep","floor":3.0},{"not_picked":["Deadly Poison","Bouncing Flask"],"picked":"Noxious Fumes","floor":4.0},{"not_picked":["Skewer","Predator"],"picked":"Well Laid Plans","floor":7.0},{"not_picked":["Prepared","Dash","Skewer"],"picked":"SKIP","floor":8.0},{"not_picked":["Dagger Spray","Prepared"],"picked":"Backflip","floor":11.0},{"not_picked":["Die Die Die","A Thousand Cuts"],"picked":"Adrenaline","floor":16.0},{"not_picked":["Setup","Tactician"],"picked":"Caltrops+1","floor":18.0},{"not_picked":["Outmaneuver+1","Acrobatics","Quick Slash"],"picked":"SKIP","floor":20},{"not_picked":["Expertise","All Out Attack","Quick Slash"],"picked":"SKIP","floor":22},{"not_picked":["Crippling Poison","Underhanded Strike","Quick Slash"],"picked":"SKIP","floor":23},{"not_picked":["Flechettes","Poisoned Stab"],"picked":"Deflect","floor":28},{"not_picked":["Skewer","Dagger Throw","Phantasmal Killer"],"picked":"SKIP","floor":29},{"not_picked":["Poisoned Stab","Dodge and Roll","Terror"],"picked":"SKIP","floor":31}],"player_experience":1570267,"relics_obtained":[{"floor":11.0,"key":"Bird Faced Urn"},{"floor":26,"key":"Regal Pillow"}],"event_choices":[{"damage_healed":0.0,"max_hp_gain":0.0,"max_hp_loss":0.0,"gold_gain":0.0,"event_name":"Shining Light","player_choice":"Entered Light","floor":2.0,"gold_loss":0.0,"damage_taken":22.0,"cards_upgraded":["Neutralize","Strike_G"]},{"damage_healed":0.0,"max_hp_gain":0.0,"max_hp_loss":0.0,"gold_gain":50.0,"event_name":"Golden Shrine","player_choice":"Pray","floor":5.0,"gold_loss":0.0,"damage_taken":0.0},{"damage_healed":18.0,"max_hp_gain":0.0,"max_hp_loss":0.0,"gold_gain":0.0,"event_name":"Mushrooms","player_choice":"Healed and dodged fight","floor":12.0,"gold_loss":0.0,"damage_taken":0.0,"cards_obtained":["Parasite"]},{"damage_healed":0,"gold_gain":0,"player_choice":"Copied","damage_taken":0,"max_hp_gain":0,"max_hp_loss":0,"event_name":"Duplicator","floor":21,"gold_loss":0,"cards_obtained":["Adrenaline"]},{"damage_healed":0,"gold_gain":0,"player_choice":"Ignored","damage_taken":0,"max_hp_gain":0,"max_hp_loss":0,"event_name":"Beggar","floor":25,"gold_loss":0},{"damage_healed":54,"gold_gain":0,"player_choice":"Full Heal","damage_taken":0,"max_hp_gain":0,"max_hp_loss":0,"event_name":"Wheel of Change","floor":27,"gold_loss":0}],"is_beta":false,"boss_relics":[{"not_picked":["WristBlade","HoveringKite"],"picked":"Runic Pyramid"}],"items_purged_floors":[14,24],"is_endless":false,"potions_floor_spawned":[3,7,18,22,28,31],"killed_by":"Collector","ascension_level":20}