{"gold_per_floor":[119,137,137,51,126,156,156,156,181,181,181,181,215,215,215,313,313,313,313,65,65,65,65,13,13,13,13,13,13,13,13,13,13,13,13,13,13,13,13,13,13,13,13,13,13,13,13,13,13,13,13],"floor_reached":51,"playtime":2668,"items_purged":["Strike_G"],"score":1532,"play_id":"2aefc49f-3474-4c39-83bc-463e5e63743d","local_time":"20181118022931","is_ascension_mode":true,"campfire_choices":[{"floor":7.0,"key":"REST"},{"data":"Footwork","floor":10.0,"key":"SMITH"},{"data":"Neutralize","floor":12.0,"key":"SMITH"},{"data":"Bouncing Flask","floor":15.0,"key":"SMITH"},{"data":"Well Laid Plans","floor":23.0,"key":"SMITH"},{"data":"Deadly Poison","floor":28.0,"key":"SMITH"},{"data":"Acrobatics","floor":32.0,"key":"SMITH"},{"data":"Finesse","floor":41.0,"key":"SMITH"},{"floor":49,"key":"REST"}],"neow_cost":"NONE","seed_source_timestamp":1521800329290474,"circlet_count":0,"master_deck":["AscendersBane","Defend_G+1","Defend_G","Defend_G","Defend_G+1","Defend_G","Survivor","Neutralize+1","Burst+1","Dagger Spray+1","Night Terror+1","Well Laid Plans+1","Footwork+1","Bouncing Flask+1","Escape Plan","Acrobatics+1","Deadly Poison+1","Backflip","Finesse+1","Blur"],"special_seed":0,"relics":["Astrolabe","Centennial Puzzle","Pear","Bag of Marbles","Golden Idol","Boot","Ectoplasm","Snake Skull","Sozu","Oddly Smooth Stone","Frozen Egg 2","Omamori"],"potions_floor_usage":[],"damage_taken":[{"damage":0.0,"enemies":"2 Louse","floor":1.0,"turns":2.0},{"damage":2.0,"enemies":"Jaw Worm","floor":2.0,"turns":6.0},{"damage":21.0,"enemies":"Lagavulin","floor":6.0,"turns":10.0},{"damage":13.0,"enemies":"3 Sentries","floor":13.0,"turns":9.0},{"damage":10.0,"enemies":"Slime Boss","floor":16.0,"turns":7.0},{"damage":4.0,"enemies":"Shell Parasite","floor":18.0,"turns":5.0},{"damage":4.0,"enemies":"3 Byrds","floor":19.0,"turns":4.0},{"damage":0.0,"enemies":"3 Cultists","floor":21.0,"turns":2.0},{"damage":0.0,"enemies":"Snecko","floor":25.0,"turns":3.0},{"damage":8.0,"enemies":"Colosseum Slavers","floor":27.0,"turns":3.0},{"damage":2.0,"enemies":"Shelled Parasite and Fungi","floor":29.0,"turns":5.0},{"damage":5.0,"enemies":"Centurion and Healer","floor":30.0,"turns":4.0},{"damage":25.0,"enemies":"Collector","floor":33.0,"turns":9.0},{"damage":12.0,"enemies":"3 Shapes","floor":35.0,"turns":5.0},{"damage":6.0,"enemies":"3 Darklings","floor":38.0,"turns":5.0},{"damage":6.0,"enemies":"4 Shapes","floor":39.0,"turns":6.0},{"damage":0.0,"enemies":"Giant Head","floor":40.0,"turns":7.0},{"damage":38.0,"enemies":"Reptomancer","floor":42.0,"turns":6.0},{"damage":0.0,"enemies":"Maw","floor":44.0,"turns":5.0},{"damage":0.0,"enemies":"Giant Head","floor":45.0,"turns":9.0},{"damage":0.0,"enemies":"Spire Growth","floor":46.0,"turns":7.0},{"damage":18,"enemies":"Donu and Deca","floor":50,"turns":11},{"damage":6,"enemies":"Awakened One","floor":51,"turns":1}],"seed_played":"7704397256341949128","potions_obtained":[{"floor":1.0,"key":"Energy Potion"},{"floor":2.0,"key":"FearPotion"},{"floor":6.0,"key":"Ancient Potion"},{"floor":18.0,"key":"Weak Potion"},{"floor":19.0,"key":"Ancient Potion"}],"is_trial":false,"path_per_floor":["M","M","?","$","?","E","R","T","T","R","?","R","E","?","R","B",null,"M","M","$","M","?","R","$","M","T","?","R","M","M","?","R","B",null,"M","?","?","M","M","E","R","E","T","M","E","M","?","$","R","B","B"],"character_chosen":"THE_SILENT","items_purchased":["Footwork","Snake Skull","Deadly Poison"],"campfire_rested":2,"item_purchase_floors":[4,20,24],"current_hp_per_floor":[59,57,37,37,26,5,24,34,34,34,34,34,21,21,21,11,55,51,47,47,47,47,47,47,47,47,39,39,37,32,32,32,7,54,42,57,57,51,45,45,45,7,7,7,7,7,7,7,24,6,0],"gold":13,"neow_bonus":"BOSS_RELIC","is_prod":false,"is_daily":false,"chose_seed":false,"campfire_upgraded":7,"win_rate":0,"timestamp":1542479371,"path_taken":["M","M","?","$","?","E","R","?","T","R","?","R","E","?","R","BOSS","M","M","$","?","?","R","$","M","T","?","R","M","M","?","R","BOSS","M","?","?","M","M","E","R","E","T","M","E","M","?","$","R","BOSS","BOSS"],"build_version":"2018-11-15","purchased_purges":1,"victory":false,"max_hp_per_floor":[66,66,66,66,66,66,66,76,76,76,69,69,69,69,69,69,69,69,69,69,69,69,69,69,69,69,69,69,69,69,69,69,69,69,69,57,57,57,57,57,57,57,57,57,57,57,57,57,57,57,57],"card_choices":[{"not_picked":["Setup","Poisoned Stab","Dodge and Roll"],"picked":"SKIP","floor":1.0},{"not_picked":["Cloak And Dagger","Dagger Spray"],"picked":"Well Laid Plans","floor":2.0},{"not_picked":["Flechettes","Prepared","Predator"],"picked":"SKIP","floor":6.0},{"not_picked":["Quick Slash","Blade Dance"],"picked":"Bouncing Flask","floor":13.0},{"not_picked":["Eviscerate","Setup"],"picked":"Escape Plan","floor":18.0},{"not_picked":["Dagger Throw","PiercingWail"],"picked":"Acrobatics","floor":19.0},{"not_picked":["Unload","All Out Attack","Quick Slash+1"],"picked":"SKIP","floor":21.0},{"not_picked":["Outmaneuver","All Out Attack","Dagger Spray+1"],"picked":"SKIP","floor":25.0},{"not_picked":["PiercingWail","Outmaneuver","Slice"],"picked":"SKIP","floor":29.0},{"not_picked":["Noxious Fumes","Dodge and Roll"],"picked":"Backflip","floor":30.0},{"not_picked":["Outmaneuver","Expertise","Flying Knee"],"picked":"SKIP","floor":35.0},{"not_picked":["Panacea","Trip"],"picked":"Finesse","floor":37.0},{"not_picked":["Outmaneuver+1","Flying Knee+1","Heel Hook+1"],"picked":"SKIP","floor":38.0},{"not_picked":["Backflip","Deadly Poison","Blade Dance"],"picked":"SKIP","floor":39.0},{"not_picked":["Heel Hook","Skewer","Caltrops"],"picked":"SKIP","floor":40.0},{"not_picked":["Dodge and Roll+1","Calculated Gamble","All Out Attack"],"picked":"SKIP","floor":42.0},{"not_picked":["Noxious Fumes+1","Deadly Poison+1"],"picked":"Blur","floor":44.0},{"not_picked":["Dagger Throw+1","Glass Knife","Slice"],"picked":"SKIP","floor":45.0},{"not_picked":["Underhanded Strike","Dodge and Roll","Setup+1"],"picked":"SKIP","floor":46.0}],"player_experience":525636,"relics_obtained":[{"floor":6.0,"key":"Centennial Puzzle"},{"floor":8.0,"key":"Pear"},{"floor":9.0,"key":"Bag of Marbles"},{"floor":13.0,"key":"Boot"},{"floor":40.0,"key":"Oddly Smooth Stone"},{"floor":42.0,"key":"Frozen Egg 2"},{"floor":43.0,"key":"Omamori"}],"event_choices":[{"damage_healed":0.0,"max_hp_gain":0.0,"max_hp_loss":0.0,"gold_gain":0.0,"event_name":"Shining Light","player_choice":"Entered Light","floor":3.0,"gold_loss":0.0,"damage_taken":20.0,"cards_upgraded":["Defend_G","Defend_G"]},{"damage_healed":0.0,"max_hp_gain":0.0,"max_hp_loss":0.0,"gold_gain":75.0,"event_name":"World of Goop","player_choice":"Gather Gold","floor":5.0,"gold_loss":0.0,"damage_taken":11.0},{"damage_healed":0.0,"max_hp_gain":0.0,"max_hp_loss":7.0,"gold_gain":0.0,"event_name":"Golden Idol","player_choice":"Lose Max HP","floor":11.0,"gold_loss":0.0,"damage_taken":0.0,"relics_obtained":["Golden Idol"]},{"cards_removed":["Strike_G"],"damage_healed":0.0,"max_hp_gain":0.0,"max_hp_loss":0.0,"gold_gain":0.0,"event_name":"Purifier","player_choice":"Purged","floor":14.0,"gold_loss":0.0,"damage_taken":0.0},{"damage_healed":0.0,"max_hp_gain":0.0,"max_hp_loss":0.0,"gold_gain":0.0,"event_name":"Colosseum","player_choice":"Fight","floor":27.0,"gold_loss":0.0,"damage_taken":0.0},{"damage_healed":0.0,"max_hp_gain":0.0,"max_hp_loss":0.0,"gold_gain":0.0,"event_name":"Colosseum","player_choice":"Fled From Nobs","floor":27.0,"gold_loss":0.0,"damage_taken":0.0},{"damage_healed":0.0,"max_hp_gain":0.0,"max_hp_loss":0.0,"gold_gain":0.0,"event_name":"Vampires","player_choice":"Ignored","floor":31.0,"gold_loss":0.0,"damage_taken":0.0},{"damage_healed":57.0,"max_hp_gain":0.0,"max_hp_loss":12.0,"gold_gain":0.0,"event_name":"The Moai Head","player_choice":"Heal","floor":36.0,"gold_loss":0.0,"damage_taken":0.0},{"damage_healed":0.0,"max_hp_gain":0.0,"max_hp_loss":0.0,"gold_gain":0.0,"event_name":"SensoryStone","player_choice":"Memory 1","floor":37.0,"gold_loss":0.0,"damage_taken":0.0},{"damage_healed":0,"gold_gain":0,"player_choice":"Ignored","damage_taken":0,"max_hp_gain":0,"max_hp_loss":0,"event_name":"Mysterious Sphere","floor":47,"gold_loss":0}],"is_beta":true,"boss_relics":[{"not_picked":["Calling Bell","WristBlade"],"picked":"Ectoplasm"},{"not_picked":["Runic Pyramid","HoveringKite"],"picked":"Sozu"}],"items_purged_floors":[20],"is_endless":false,"potions_floor_spawned":[1,2,6,18,19,21,27,38,40,45],"killed_by":"Awakened One","ascension_level":20}