{"gold_per_floor":[117,128,48,63,63,63,96,108,159,188,200,232,314,336,348,360],"floor_reached":16,"playtime":507,"items_purged":[],"score":224,"play_id":"a856154c-d374-458c-86c7-8669949acb7f","local_time":"20190319221233","is_ascension_mode":true,"campfire_choices":[{"data":"Catalyst","floor":6.0,"key":"SMITH"},{"data":"Bouncing Flask","floor":11.0,"key":"SMITH"},{"data":"Well Laid Plans","floor":15,"key":"SMITH"}],"neow_cost":"TEN_PERCENT_HP_LOSS","seed_source_timestamp":40931854078259,"circlet_count":0,"master_deck":["AscendersBane","Defend_G","Defend_G","Defend_G","Defend_G","Defend_G","Strike_G","Strike_G","Strike_G","Strike_G","Survivor","Neutralize","Trip","Blind","Catalyst+1","Deadly Poison","Bouncing Flask","Bouncing Flask+1","Grand Finale","Well Laid Plans+1","Acrobatics"],"special_seed":0,"relics":["Ring of the Snake","Singing Bowl","Blood Vial","MawBank"],"potions_floor_usage":[12],"damage_taken":[{"damage":7.0,"enemies":"Small Slimes","floor":1.0,"turns":4.0},{"damage":5.0,"enemies":"Jaw Worm","floor":2.0,"turns":5.0},{"damage":0.0,"enemies":"Cultist","floor":4.0,"turns":3.0},{"damage":42.0,"enemies":"3 Sentries","floor":7.0,"turns":10.0},{"damage":1.0,"enemies":"Blue Slaver","floor":8.0,"turns":2.0},{"damage":2.0,"enemies":"Lagavulin","floor":10.0,"turns":6.0},{"damage":2,"enemies":"Lots of Slimes","floor":12,"turns":4},{"damage":3,"enemies":"Large Slime","floor":14,"turns":3},{"damage":13,"enemies":"Slime Boss","floor":16,"turns":3}],"seed_played":"-5313340019857831240","potions_obtained":[{"floor":4.0,"key":"Strength Potion"},{"floor":7.0,"key":"AttackPotion"},{"floor":12,"key":"Weak Potion"}],"is_trial":false,"path_per_floor":["M","M","$","M","?","R","E","M","T","E","R","M","T","M","R","B"],"character_chosen":"THE_SILENT","items_purchased":["Bouncing Flask"],"campfire_rested":0,"item_purchase_floors":[3],"current_hp_per_floor":[52,47,47,47,47,47,5,6,6,8,8,8,8,9,9,0],"gold":360,"neow_bonus":"RANDOM_COLORLESS_2","is_prod":false,"is_daily":false,"chose_seed":false,"campfire_upgraded":3,"win_rate":0,"timestamp":1553004753,"path_taken":["M","M","$","M","?","R","E","M","T","E","R","M","?","M","R","BOSS"],"build_version":"2019-01-23","purchased_purges":0,"victory":false,"max_hp_per_floor":[60,60,60,60,60,60,60,62,62,64,64,64,64,66,66,66],"card_choices":[{"not_picked":["Deadly Poison","PiercingWail"],"picked":"Catalyst","floor":1.0},{"not_picked":["Crippling Poison","Calculated Gamble"],"picked":"Deadly Poison","floor":2.0},{"not_picked":["Flying Knee","Quick Slash"],"picked":"Bouncing Flask","floor":4.0},{"not_picked":["PiercingWail","Bane"],"picked":"Well Laid Plans","floor":7.0},{"not_picked":["Blur","Concentrate","Bane"],"picked":"Singing Bowl","floor":8.0},{"not_picked":["Escape Plan","Dash","Blur"],"picked":"Singing Bowl","floor":10.0},{"not_picked":["Deflect","Prepared"],"picked":"Acrobatics","floor":12},{"not_picked":["Quick Slash","Caltrops","Dagger Throw"],"picked":"Singing Bowl","floor":14}],"player_experience":3734289,"relics_obtained":[{"floor":7.0,"key":"Singing Bowl"},{"floor":9.0,"key":"Blood Vial"},{"floor":10.0,"key":"MawBank"}],"event_choices":[{"damage_healed":0.0,"max_hp_gain":0.0,"max_hp_loss":0.0,"gold_gain":0.0,"cards_transformed":["Strike_G"],"event_name":"Living Wall","player_choice":"Change","floor":5.0,"gold_loss":0.0,"damage_taken":0.0,"cards_obtained":["Grand Finale"]}],"is_beta":false,"boss_relics":[],"items_purged_floors":[],"is_endless":false,"potions_floor_spawned":[4,7,12],"killed_by":"Slime Boss","ascension_level":20}