{"path_per_floor":["M","?","$","M","?","R","M","R","T","R","?","M","E","$","R","B",null,"M","?","M","M","$","R","?","M","T","R","$","M","M","E","R","B",null,"M","M","?","T","M","R","E","R","T","M","M","?","R","E","R","B"],"character_chosen":"IRONCLAD","items_purchased":["True Grit","Ancient Tea Set"],"gold_per_floor":[114,64,39,54,54,54,69,69,69,69,69,84,114,39,39,139,139,154,154,169,184,184,184,154,169,169,169,19,34,49,79,79,179,179,194,209,249,249,264,264,294,294,294,309,324,324,324,354,354,354],"floor_reached":51,"campfire_rested":0,"playtime":2007,"current_hp_per_floor":[80,80,80,80,86,86,84,84,90,90,87,86,82,82,82,87,98,96,96,97,95,95,95,95,92,92,92,92,94,93,83,83,81,108,107,106,103,109,107,107,102,102,108,99,96,96,96,96,96,110],"items_purged":["Strike_R"],"gold":354,"score":950,"play_id":"b4aee1b0-f160-48bb-900f-35cd758d0b02","local_time":"20180314154139","daily_mods":["Diverse","Cursed Run","Vintage"],"is_prod":false,"is_daily":true,"is_ascension_mode":false,"campfire_upgraded":2,"timestamp":1521013299,"path_taken":["M","?","$","M","?","R","M","R","T","R","?","M","E","$","R","BOSS","M","?","M","M","?","R","?","M","T","R","$","?","M","E","R","BOSS","M","M","?","?","M","R","E","R","T","M","M","?","R","E","R","BOSS"],"build_version":"2018-03-09","purchased_purges":2,"victory":true,"master_deck":["Strike_R+1","Strike_R+1","Defend_R+1","Defend_R","Bash+1","Blur+1","True Grit+1","Regret","Writhe","Pommel Strike","Parasite","Barricade","Immolate+1","Evolve+1","Rupture+1","Body Slam+1","Pommel Strike+1","Regret","Decay","Pain"],"max_hp_per_floor":[80,80,80,80,86,86,86,86,92,92,92,92,92,92,92,98,98,98,98,108,108,108,108,108,108,108,108,108,108,108,108,108,108,108,108,108,108,114,114,114,114,114,120,120,120,120,120,122,122,128],"relics":["Cursed Key","Darkstone Periapt","Du-Vu Doll","Toxic Egg 2","Oddly Smooth Stone","Champion Belt","Shovel","Blue Candle","Anchor","Prayer Wheel","Toolbox","Kunai","Mercury Hourglass","Girya","Pen Nib","Astrolabe","Omamori","Meat on the Bone","Pear","War Paint","Charon\u0027s Ashes","Thread and Needle","Bottled Tornado","Ancient Tea Set","Vajra","Matryoshka","Sundial","Shuriken","Whetstone","Black Star","Ice Cream","Mummified Hand","Gambling Chip","The Courier","Dead Branch","Bottled Flame","Calipers","Magic Flower","Ginger","Frozen Egg 2","Juzu Bracelet","Red Skull","Singing Bowl","Pantograph","Self Forming Clay","Centennial Puzzle","Letter Opener","Molten Egg 2"],"card_choices":[{"not_picked":["Heavy Blade","Sever Soul"],"picked":"Pommel Strike"},{"not_picked":["Reaper","Brutality"],"picked":"Barricade"},{"not_picked":["Sever Soul","Flex"],"picked":"Body Slam"},{"not_picked":["Anger","Dual Wield"],"picked":"Pommel Strike"}],"player_experience":254603,"potions_floor_usage":[13,16,31,50],"damage_taken":[{"damage":0,"enemies":"2 Louse","floor":1,"turns":2},{"damage":0,"enemies":"Small Slimes","floor":4,"turns":3},{"damage":2,"enemies":"Jaw Worm","floor":7,"turns":3},{"damage":1,"enemies":"Looter","floor":12,"turns":3},{"damage":4,"enemies":"3 Sentries","floor":13,"turns":8},{"damage":1,"enemies":"Slime Boss","floor":16,"turns":10},{"damage":2,"enemies":"3 Byrds","floor":18,"turns":4},{"damage":9,"enemies":"Spheric Guardian","floor":20,"turns":5},{"damage":2,"enemies":"Centurion and Healer","floor":21,"turns":5},{"damage":3,"enemies":"Sentry and Sphere","floor":25,"turns":6},{"damage":2,"enemies":"Snecko","floor":29,"turns":4},{"damage":1,"enemies":"Snake Plant","floor":30,"turns":2},{"damage":14,"enemies":"Slavers","floor":31,"turns":4},{"damage":2,"enemies":"Automaton","floor":33,"turns":6},{"damage":1,"enemies":"Orb Walker","floor":35,"turns":2},{"damage":1,"enemies":"3 Shapes","floor":36,"turns":4},{"damage":3,"enemies":"…Ò√ÿ‘≤«Ú","floor":37,"turns":4},{"damage":2,"enemies":"3 Darklings","floor":39,"turns":3},{"damage":5,"enemies":"Giant Head","floor":41,"turns":4},{"damage":9,"enemies":"Maw","floor":44,"turns":3},{"damage":3,"enemies":"4 Shapes","floor":45,"turns":2},{"damage":2,"enemies":"2 Orb Walkers","floor":48,"turns":3},{"damage":25,"enemies":"Awakened One","floor":50,"turns":8}],"event_choices":[{"event_name":"The Cleric","player_choice":"Card Removal","floor":2,"damage_taken":0},{"event_name":"Big Fish","player_choice":"Box","floor":5,"damage_taken":0},{"event_name":"Scrap Ooze","player_choice":"success","floor":11,"damage_taken":3},{"event_name":"The Mausoleum","player_choice":"Yes","floor":19,"damage_taken":0},{"event_name":"The Woman in Blue","player_choice":"Bought 2 Potions","floor":24,"damage_taken":0},{"event_name":"Mysterious Sphere","player_choice":"Fight","floor":37,"damage_taken":0},{"event_name":"Purifier","player_choice":"One Purge","floor":46,"damage_taken":0}],"boss_relics":[{"not_picked":["Runic Dome","Sozu"],"picked":"Astrolabe"},{"not_picked":["Tiny House","Orrery"],"picked":"Black Star"}],"potions_floor_spawned":[1,7,20,30,36,44,45,48],"seed_played":"2308081983426786839","ascension_level":0,"is_trial":false}