{"gold_per_floor":[119,119,44,58,71,71,99,99,124,134,134,164,180,214,214,291,291,302,322,348,359,359,359,388,398,398,413,413,426,426,455,455,532,532,547,567,301,301,316,342,342,371,394,394,494,539,557,199,199,199,199,199,199,12,41,41],"floor_reached":57,"playtime":2484,"items_purged":["Strike_R","Bash","Perfected Strike+1","Immolate+1"],"score":2940,"play_id":"269a0146-be6a-4dbb-822b-c3d64b7283e5","local_time":"20190602003045","is_ascension_mode":true,"campfire_choices":[{"data":"Immolate","floor":6.0,"key":"SMITH"},{"data":"True Grit","floor":8.0,"key":"SMITH"},{"data":"Uppercut","floor":15.0,"key":"SMITH"},{"data":"Rampage","floor":23.0,"key":"SMITH"},{"data":"Battle Trance","floor":28.0,"key":"SMITH"},{"data":"Bloodletting","floor":30.0,"key":"SMITH"},{"floor":32.0,"key":"RECALL"},{"data":"Exhume","floor":41.0,"key":"SMITH"},{"floor":44.0,"key":"REST"},{"data":"Entrench","floor":49.0,"key":"SMITH"},{"data":"Exhume","floor":53.0,"key":"SMITH"}],"neow_cost":"NONE","seed_source_timestamp":25672998024105,"circlet_count":0,"master_deck":["AscendersBane","Battle Trance+1","True Grit+1","Uppercut+1","Bloodletting+1","Impervious","Rampage+1","Exhume+1","Seeing Red","Rampage+1","Sentinel","True Grit+1","Second Wind","Necronomicurse","Shrug It Off","Impervious","Exhume+1","Dark Embrace+1","Disarm+1","Pommel Strike+1","Evolve+1","Barricade+1","Entrench+1"],"special_seed":0,"relics":["Burning Blood","Art of War","Pen Nib","Lantern","Strawberry","Gremlin Horn","Pandora\u0027s Box","Red Mask","Necronomicon","Frozen Egg 2","Paper Frog","Mark of Pain","Regal Pillow","Molten Egg 2","Whetstone","Bird Faced Urn","Champion Belt","Membership Card","Brimstone","Ornamental Fan"],"potions_floor_usage":[56,56],"damage_taken":[{"damage":7.0,"enemies":"Jaw Worm","floor":1.0,"turns":3.0},{"damage":4.0,"enemies":"Cultist","floor":4.0,"turns":4.0},{"damage":0.0,"enemies":"Small Slimes","floor":5.0,"turns":3.0},{"damage":15.0,"enemies":"3 Sentries","floor":7.0,"turns":3.0},{"damage":2.0,"enemies":"Looter","floor":10.0,"turns":3.0},{"damage":14.0,"enemies":"Lagavulin","floor":12.0,"turns":5.0},{"damage":13.0,"enemies":"Large Slime","floor":13.0,"turns":3.0},{"damage":6.0,"enemies":"Gremlin Nob","floor":14.0,"turns":3.0},{"damage":48.0,"enemies":"The Guardian","floor":16.0,"turns":10.0},{"damage":2.0,"enemies":"Spheric Guardian","floor":18.0,"turns":4.0},{"damage":0.0,"enemies":"Chosen","floor":19.0,"turns":3.0},{"damage":3.0,"enemies":"Masked Bandits","floor":20.0,"turns":2.0},{"damage":1.0,"enemies":"Centurion and Healer","floor":21.0,"turns":2.0},{"damage":29.0,"enemies":"Slavers","floor":24.0,"turns":5.0},{"damage":0.0,"enemies":"3 Cultists","floor":25.0,"turns":3.0},{"damage":0.0,"enemies":"Snecko","floor":27.0,"turns":3.0},{"damage":0.0,"enemies":"Cultist and Chosen","floor":29.0,"turns":2.0},{"damage":23.0,"enemies":"Book of Stabbing","floor":31.0,"turns":4.0},{"damage":11.0,"enemies":"Collector","floor":33.0,"turns":6.0},{"damage":25.0,"enemies":"3 Shapes","floor":35.0,"turns":3.0},{"damage":15.0,"enemies":"Orb Walker","floor":36.0,"turns":3.0},{"damage":7.0,"enemies":"Transient","floor":39.0,"turns":6.0},{"damage":11.0,"enemies":"Reptomancer","floor":40.0,"turns":5.0},{"damage":21.0,"enemies":"Giant Head","floor":42.0,"turns":6.0},{"damage":0.0,"enemies":"Mind Bloom Boss Battle","floor":45.0,"turns":7.0},{"damage":3.0,"enemies":"2 Orb Walkers","floor":46.0,"turns":3.0},{"damage":18.0,"enemies":"Spire Growth","floor":47.0,"turns":5.0},{"damage":0.0,"enemies":"Donu and Deca","floor":50.0,"turns":9.0},{"damage":0.0,"enemies":"Time Eater","floor":51.0,"turns":9.0},{"damage":68.0,"enemies":"Shield and Spear","floor":55.0,"turns":8.0},{"damage":15,"enemies":"The Heart","floor":56,"turns":10}],"seed_played":"-8635023717224498134","potions_obtained":[{"floor":1.0,"key":"Energy Potion"},{"floor":12.0,"key":"AttackPotion"},{"floor":14.0,"key":"Explosive Potion"},{"floor":25.0,"key":"EntropicBrew"},{"floor":40.0,"key":"Fire Potion"}],"is_trial":false,"path_per_floor":["M","?","$","M","M","R","E","R","T","M","?","E","M","E","R","B",null,"M","M","?","M","?","R","E","M","T","M","R","M","R","E","R","B",null,"M","M","$","?","M","E","R","E","T","R","?","?","M","$","R","B","B",null,"R","$","E","B",null],"character_chosen":"IRONCLAD","items_purchased":["Dark Embrace+1","Membership Card","Barricade+1","Entrench","Brimstone"],"campfire_rested":1,"item_purchase_floors":[37,48,48,48,54],"current_hp_per_floor":[67,67,67,69,75,75,66,66,66,70,59,58,51,51,51,9,64,68,74,77,82,61,61,38,44,44,50,50,56,56,39,39,34,70,51,42,42,42,41,36,36,21,21,60,66,71,61,61,61,73,82,82,82,82,24,21],"gold":41,"neow_bonus":"ONE_RANDOM_RARE_CARD","is_prod":false,"is_daily":false,"chose_seed":false,"campfire_upgraded":9,"win_rate":0,"timestamp":1559406645,"path_taken":["M","?","?","?","?","R","E","R","T","M","?","E","M","E","R","BOSS","M","M","?","M","?","R","E","M","T","M","R","M","R","E","R","BOSS","M","M","$","?","M","E","R","E","T","R","?","?","M","$","R","BOSS","BOSS","R","$","E","BOSS"],"build_version":"2019-01-23","purchased_purges":4,"victory":true,"max_hp_per_floor":[75,75,75,75,75,75,75,75,75,75,75,82,82,82,82,82,82,82,82,82,82,82,82,82,82,82,82,82,82,82,82,82,82,82,82,82,82,82,82,82,82,82,82,82,82,82,82,82,82,82,82,82,82,82,82,82],"card_choices":[{"not_picked":["Thunderclap","Wild Strike"],"picked":"Battle Trance","floor":1.0},{"not_picked":["Pummel","Flex","Anger"],"picked":"SKIP","floor":4.0},{"not_picked":["Metallicize","Sentinel"],"picked":"True Grit","floor":5.0},{"not_picked":["Body Slam","Sword Boomerang","Dropkick"],"picked":"SKIP","floor":7.0},{"not_picked":["Flex","Shrug It Off"],"picked":"Uppercut","floor":10.0},{"not_picked":["Warcry","Clothesline","Combust"],"picked":"SKIP","floor":12.0},{"not_picked":["Wild Strike","Armaments","Body Slam"],"picked":"SKIP","floor":13.0},{"not_picked":["Body Slam","Battle Trance","Bloodletting"],"picked":"SKIP","floor":14.0},{"not_picked":["Body Slam","Battle Trance"],"picked":"Bloodletting","floor":14.0},{"not_picked":["Feed","Demon Form"],"picked":"Impervious","floor":16.0},{"not_picked":["Inflame","Metallicize"],"picked":"True Grit+1","floor":18.0},{"not_picked":["Thunderclap+1","Shockwave","Bloodletting"],"picked":"SKIP","floor":19.0},{"not_picked":["True Grit","Cleave"],"picked":"Second Wind","floor":21.0},{"not_picked":["Cleave","Body Slam","Armaments"],"picked":"SKIP","floor":24.0},{"not_picked":["Entrench","Iron Wave","Flex"],"picked":"SKIP","floor":25.0},{"not_picked":["Body Slam","Infernal Blade"],"picked":"Shrug It Off","floor":27.0},{"not_picked":["Fire Breathing+1","Uppercut","Flex"],"picked":"SKIP","floor":29.0},{"not_picked":["Iron Wave","Immolate"],"picked":"Impervious","floor":31.0},{"not_picked":["Bludgeon","Demon Form+1"],"picked":"Exhume","floor":33.0},{"not_picked":["Heavy Blade","Anger+1","Seeing Red+1"],"picked":"SKIP","floor":35.0},{"not_picked":["Hemokinesis+1","Pommel Strike","Wild Strike"],"picked":"SKIP","floor":36.0},{"not_picked":["Cleave","Reckless Charge","Sever Soul"],"picked":"SKIP","floor":39.0},{"not_picked":["Hemokinesis","Clash+1"],"picked":"Disarm+1","floor":40.0},{"not_picked":["Headbutt","Rampage","Pummel"],"picked":"SKIP","floor":42.0},{"not_picked":["Anger+1","Body Slam+1"],"picked":"Pommel Strike+1","floor":45.0},{"not_picked":["Entrench+1","Intimidate+1"],"picked":"Evolve+1","floor":47.0},{"not_picked":["Inflame+1","Feed+1","Sword Boomerang+1"],"picked":"SKIP","floor":55.0}],"player_experience":4981888,"relics_obtained":[{"floor":7.0,"key":"Art of War"},{"floor":9.0,"key":"Pen Nib"},{"floor":12.0,"key":"Strawberry"},{"floor":14.0,"key":"Gremlin Horn"},{"floor":20.0,"key":"Red Mask"},{"floor":22.0,"key":"Necronomicon"},{"floor":24.0,"key":"Frozen Egg 2"},{"floor":31.0,"key":"Paper Frog"},{"floor":40.0,"key":"Regal Pillow"},{"floor":42.0,"key":"Molten Egg 2"},{"floor":43.0,"key":"Whetstone"},{"floor":45.0,"key":"Bird Faced Urn"},{"floor":46.0,"key":"Champion Belt"},{"floor":55.0,"key":"Ornamental Fan"}],"event_choices":[{"cards_removed":["Strike_R"],"damage_healed":0.0,"max_hp_gain":0.0,"max_hp_loss":0.0,"gold_gain":0.0,"event_name":"Purifier","player_choice":"Purged","floor":2.0,"gold_loss":0.0,"damage_taken":0.0},{"damage_healed":0.0,"max_hp_gain":0.0,"max_hp_loss":0.0,"gold_gain":0.0,"event_name":"Scrap Ooze","player_choice":"Success","floor":11.0,"gold_loss":0.0,"damage_taken":11.0,"relics_obtained":["Lantern"]},{"damage_healed":0.0,"max_hp_gain":0.0,"max_hp_loss":0.0,"gold_gain":0.0,"event_name":"Masked Bandits","player_choice":"Fought Bandits","floor":20.0,"gold_loss":0.0,"damage_taken":0.0},{"damage_healed":0.0,"max_hp_gain":0.0,"max_hp_loss":0.0,"gold_gain":0.0,"event_name":"Cursed Tome","player_choice":"Obtained Book","floor":22.0,"gold_loss":0.0,"damage_taken":21.0},{"cards_removed":["Searing Blow"],"damage_healed":0.0,"max_hp_gain":0.0,"max_hp_loss":0.0,"gold_gain":0.0,"event_name":"Falling","player_choice":"Removed Attack","floor":38.0,"gold_loss":0.0,"damage_taken":0.0},{"damage_healed":0.0,"max_hp_gain":0.0,"max_hp_loss":0.0,"gold_gain":0.0,"event_name":"MindBloom","player_choice":"Fight","floor":45.0,"gold_loss":0.0,"damage_taken":0.0},{"damage_healed":0.0,"max_hp_gain":0.0,"max_hp_loss":0.0,"gold_gain":0.0,"event_name":"Mysterious Sphere","player_choice":"Fight","floor":46.0,"gold_loss":0.0,"damage_taken":0.0}],"is_beta":false,"boss_relics":[{"not_picked":["Fusion Hammer","Astrolabe"],"picked":"Pandora\u0027s Box"},{"not_picked":["Orrery","White Beast Statue"],"picked":"Mark of Pain"}],"items_purged_floors":[3,37,48,54],"is_endless":false,"potions_floor_spawned":[1,12,14,19,21,24,25,29,39,40,46,47],"ascension_level":20}