{"path_per_floor":["M","?","M","?","M","R","E","$","T","M","?","$","E","M","R","B",null,"M","M","?","?","M","R","E","R","T","R","E","?","M","E","R"],"character_chosen":"THE_SILENT","items_purchased":["Blue Candle"],"gold_per_floor":[114,114,129,204,219,219,249,249,249,264,264,14,44,59,59,159,159,174,189,189,189,204,204,234,234,259,259,289,539,554,584,584,584],"floor_reached":33,"campfire_rested":1,"playtime":888,"item_purchase_floors":[12],"current_hp_per_floor":[70,56,56,45,45,45,35,35,48,36,36,36,30,30,30,36,89,67,60,60,60,60,60,25,25,31,31,18,24,20,8,39,0],"items_purged":[],"gold":584,"score":413,"play_id":"edcbb4a8-f152-4128-9fdb-2c2d4a4aa90a","local_time":"20180601113119","daily_mods":["Diverse","Cursed Run","Binary"],"is_prod":false,"is_daily":true,"chose_seed":false,"is_ascension_mode":false,"campfire_upgraded":4,"win_rate":0,"timestamp":1527823879,"campfire_choices":[{"data":"Skewer","floor":6,"key":"SMITH"},{"data":"Flechettes","floor":15,"key":"SMITH"},{"data":"Double Tap","floor":23,"key":"SMITH"},{"data":"Body Slam","floor":25,"key":"SMITH"},{"floor":27,"key":"DIG"},{"floor":32,"key":"REST"}],"path_taken":["M","?","M","?","M","R","E","$","T","M","?","$","E","M","R","BOSS","M","?","?","?","?","R","E","R","T","R","E","?","?","E","R","BOSS"],"build_version":"2018-05-30v2","seed_source_timestamp":0,"purchased_purges":0,"victory":false,"master_deck":["Defend_G","Defend_G","Defend_G","Defend_G","Strike_G+1","Strike_G","Strike_G","Strike_G","Survivor","Neutralize+1","Skewer+1","Finisher","Clumsy","Shrug It Off","Flechettes+1","Doubt","Double Tap+1","Infinite Blades","Body Slam+1","Injury","Regret","White Noise","Tools of the Trade"],"max_hp_per_floor":[70,70,70,70,70,70,70,70,83,83,83,83,83,83,83,89,89,94,94,94,94,94,94,94,94,100,100,100,106,106,106,106,106],"relics":["Cursed Key","Darkstone Periapt","Du-Vu Doll","Question Card","Strawberry","Blue Candle","Torii","Philosopher\u0027s Stone","Shovel","Bag of Preparation","Ancient Tea Set","Lantern","Oddly Smooth Stone"],"card_choices":[{"not_picked":["Blood for Blood"],"picked":"Skewer","floor":1},{"not_picked":["Coolheaded","Hemokinesis"],"picked":"SKIP","floor":3},{"not_picked":["Recycle"],"picked":"Finisher","floor":5},{"not_picked":["Crippling Poison","Force Field"],"picked":"SKIP","floor":7},{"not_picked":["Deadly Poison","Immolate"],"picked":"Shrug It Off","floor":10},{"not_picked":["Deadly Poison","Creative AI","Clothesline"],"picked":"SKIP","floor":13},{"not_picked":["Steam","Thunderclap"],"picked":"Flechettes","floor":14},{"not_picked":["Die Die Die","Unload"],"picked":"Double Tap","floor":16},{"not_picked":["Anger","Twin Strike+1","Accuracy"],"picked":"SKIP","floor":18},{"not_picked":["Second Wind+1","Conserve Battery"],"picked":"Infinite Blades","floor":19},{"not_picked":["Blood for Blood","Skewer"],"picked":"Body Slam","floor":22},{"not_picked":["Phantasmal Killer","Warcry","Entrench+1"],"picked":"SKIP","floor":24},{"not_picked":["Choke","Biased Cognition","Dodge and Roll"],"picked":"SKIP","floor":28},{"not_picked":["Predator","Body Slam"],"picked":"White Noise","floor":30},{"not_picked":["Body Slam","Outmaneuver"],"picked":"Tools of the Trade","floor":31}],"player_experience":518355,"potions_floor_usage":[13,16,18,28,28,33],"damage_taken":[{"damage":0,"enemies":"Jaw Worm","floor":1,"turns":4},{"damage":0,"enemies":"2 Louse","floor":3,"turns":2},{"damage":0,"enemies":"Small Slimes","floor":5,"turns":3},{"damage":10,"enemies":"Gremlin Nob","floor":7,"turns":4},{"damage":12,"enemies":"Exordium Thugs","floor":10,"turns":3},{"damage":6,"enemies":"Lagavulin","floor":13,"turns":6},{"damage":0,"enemies":"Looter","floor":14,"turns":2},{"damage":0,"enemies":"Slime Boss","floor":16,"turns":5},{"damage":27,"enemies":"Shell Parasite","floor":18,"turns":4},{"damage":7,"enemies":"2 Thieves","floor":19,"turns":2},{"damage":0,"enemies":"Sentry and Sphere","floor":22,"turns":3},{"damage":35,"enemies":"Book of Stabbing","floor":24,"turns":4},{"damage":27,"enemies":"Gremlin Leader","floor":28,"turns":6},{"damage":4,"enemies":"Centurion and Healer","floor":30,"turns":4},{"damage":12,"enemies":"Book of Stabbing","floor":31,"turns":2},{"damage":44,"enemies":"Champ","floor":33,"turns":8}],"relics_obtained":[{"floor":7,"key":"Question Card"},{"floor":9,"key":"Strawberry"},{"floor":13,"key":"Torii"},{"floor":24,"key":"Shovel"},{"floor":26,"key":"Bag of Preparation"},{"floor":27,"key":"Ancient Tea Set"},{"floor":28,"key":"Lantern"},{"floor":31,"key":"Oddly Smooth Stone"}],"event_choices":[{"event_name":"Shining Light","player_choice":"Entered Light","floor":2,"damage_taken":0},{"event_name":"World of Goop","player_choice":"Gather Gold","floor":4,"damage_taken":0},{"event_name":"The Lab","player_choice":"Got Potions","floor":11,"damage_taken":0},{"event_name":"Bonfire Elementals","player_choice":"BASIC","floor":20,"damage_taken":0},{"event_name":"Back to Basics","player_choice":"Elegance","floor":21,"damage_taken":0},{"event_name":"Golden Shrine","player_choice":"Desecrate","floor":29,"damage_taken":0}],"boss_relics":[{"not_picked":["Eternal Feather","Lizard Tail"],"picked":"Philosopher\u0027s Stone"}],"items_purged_floors":[],"potions_floor_spawned":[1,5,10,14,16,19,24],"seed_played":"-2361439941801122152","killed_by":"Champ","ascension_level":0,"potions_obtained":[{"floor":1,"key":"Weak Potion"},{"floor":5,"key":"Strength Potion"},{"floor":10,"key":"Weak Potion"},{"floor":11,"key":"EssenceOfSteel"},{"floor":11,"key":"PowerPotion"},{"floor":11,"key":"LiquidBronze"},{"floor":14,"key":"Swift Potion"},{"floor":16,"key":"Fruit Juice"},{"floor":19,"key":"Regen Potion"}],"is_trial":false}