{"gold_per_floor":[119,119,119,119,135,135,168,168,195,230,250,137,117,129,129,200,200,211,230,230],"floor_reached":20,"playtime":359,"items_purged":["Strike_B"],"score":414,"play_id":"8d2b6ae9-4dbd-4775-8679-64e5ff86a270","local_time":"20190720085220","is_ascension_mode":true,"campfire_choices":[{"data":"Defragment","floor":6.0,"key":"SMITH"},{"data":"White Noise","floor":8.0,"key":"SMITH"},{"data":"Chaos","floor":15.0,"key":"SMITH"}],"neow_cost":"NONE","seed_source_timestamp":346779473582144,"circlet_count":0,"master_deck":["AscendersBane","Strike_B","Strike_B","Defend_B","Defend_B","Defend_B","Defend_B","Zap","Dualcast","Defragment+1","White Noise+1","Chaos+1","Turbo","Sunder","Electrodynamics","Genetic Algorithm"],"special_seed":0,"relics":["Cracked Core","NeowsBlessing","Orichalcum","Ornamental Fan","The Courier","Smiling Mask","Lantern","Cursed Key"],"potions_floor_usage":[],"damage_taken":[{"damage":0.0,"enemies":"Cultist","floor":1.0,"turns":1.0},{"damage":0.0,"enemies":"Jaw Worm","floor":5.0,"turns":1.0},{"damage":0.0,"enemies":"Gremlin Nob","floor":7.0,"turns":1.0},{"damage":26.0,"enemies":"Lagavulin","floor":10.0,"turns":5.0},{"damage":0.0,"enemies":"Small Slimes","floor":11.0,"turns":4.0},{"damage":4.0,"enemies":"Gremlin Gang","floor":14.0,"turns":4.0},{"damage":1.0,"enemies":"Slime Boss","floor":16.0,"turns":7.0},{"damage":29,"enemies":"2 Thieves","floor":18,"turns":3},{"damage":10,"enemies":"Spheric Guardian","floor":19,"turns":3},{"damage":0,"enemies":"Snake Plant","floor":20,"turns":1}],"seed_played":"-6276518872075624234","potions_obtained":[{"floor":1.0,"key":"AttackPotion"},{"floor":5.0,"key":"Explosive Potion"},{"floor":19,"key":"FocusPotion"}],"is_trial":false,"path_per_floor":["M","?","?","?","M","R","E","R","T","E","M","$","?","M","R","B",null,"M","M","M"],"character_chosen":"DEFECT","items_purchased":["Sunder"],"campfire_rested":0,"item_purchase_floors":[12],"current_hp_per_floor":[64,46,46,46,46,46,46,46,46,20,20,20,20,16,16,15,57,28,18,18],"gold":230,"neow_bonus":"THREE_ENEMY_KILL","is_prod":false,"is_daily":false,"chose_seed":false,"campfire_upgraded":3,"win_rate":0,"timestamp":1563580340,"path_taken":["M","?","?","?","?","R","E","R","T","E","M","?","?","M","R","BOSS","M","?","M"],"build_version":"2019-07-17","purchased_purges":1,"victory":false,"max_hp_per_floor":[71,71,71,71,71,71,71,71,71,71,71,71,71,71,71,71,71,71,71,71],"card_choices":[{"not_picked":["Conserve Battery","Self Repair"],"picked":"Defragment","floor":1.0},{"not_picked":["Steam Power","Barrage"],"picked":"White Noise","floor":5.0},{"not_picked":["Blizzard","Stack","Aggregate"],"picked":"SKIP","floor":7.0},{"not_picked":["Static Discharge","Reinforced Body"],"picked":"Chaos","floor":10.0},{"not_picked":["Gash","Hologram"],"picked":"Turbo","floor":11.0},{"not_picked":["Rebound","Tempest","Stack"],"picked":"SKIP","floor":14.0},{"not_picked":["Biased Cognition","All For One"],"picked":"Electrodynamics","floor":16.0},{"not_picked":["Hologram","Leap"],"picked":"Genetic Algorithm","floor":18},{"not_picked":["Fusion","Stack","Ball Lightning"],"picked":"SKIP","floor":19}],"player_experience":643871,"relics_obtained":[{"floor":7.0,"key":"The Courier"},{"floor":9.0,"key":"Smiling Mask"},{"floor":10.0,"key":"Lantern"}],"event_choices":[{"damage_healed":0.0,"max_hp_gain":0.0,"max_hp_loss":0.0,"gold_gain":0.0,"event_name":"Scrap Ooze","player_choice":"Success","floor":2.0,"gold_loss":0.0,"damage_taken":18.0,"relics_obtained":["Orichalcum"]},{"damage_healed":0.0,"max_hp_gain":0.0,"max_hp_loss":0.0,"gold_gain":0.0,"cards_transformed":["Strike_B"],"event_name":"Living Wall","player_choice":"Change","floor":3.0,"gold_loss":0.0,"damage_taken":0.0,"cards_obtained":["Reinforced Body"]},{"cards_removed":["Reinforced Body"],"damage_healed":0.0,"max_hp_gain":0.0,"max_hp_loss":0.0,"gold_gain":0.0,"event_name":"WeMeetAgain","player_choice":"Gave Card","floor":4.0,"gold_loss":0.0,"damage_taken":0.0,"relics_obtained":["Ornamental Fan"]},{"damage_healed":0.0,"max_hp_gain":0.0,"max_hp_loss":0.0,"gold_gain":0.0,"event_name":"The Woman in Blue","player_choice":"Bought 1 Potion","floor":13.0,"gold_loss":0.0,"damage_taken":0.0}],"is_beta":false,"boss_relics":[{"not_picked":["Astrolabe","Calling Bell"],"picked":"Cursed Key"}],"items_purged_floors":[12],"is_endless":false,"potions_floor_spawned":[1,5,10,19],"killed_by":"Snake Plant","ascension_level":20}