{"gold_per_floor":[361,361,361,373,386,386,414,414,463,479,479,4,4,22,22,147,147,170,170,190,190,370,26,26,39,110,130,151,190,110,133,133,256,256,275,289,289,308,35,35,55,78,102,116,116,25,25,59,59,59],"floor_reached":51,"playtime":2065,"items_purged":["Strike_G","Strike_G","Strike_G"],"score":1186,"play_id":"496778f2-4ce2-46a7-94f9-47057b1e445f","local_time":"20180926151139","is_ascension_mode":true,"campfire_choices":[{"data":"Neutralize","floor":6.0,"key":"SMITH"},{"data":"Prepared","floor":8.0,"key":"SMITH"},{"floor":13.0,"key":"REST"},{"data":"Cloak And Dagger","floor":15.0,"key":"SMITH"},{"data":"Reflex","floor":32.0,"key":"SMITH"},{"data":"Dagger Spray","floor":40.0,"key":"SMITH"},{"data":"Well Laid Plans","floor":47.0,"key":"SMITH"},{"data":"Survivor","floor":49,"key":"SMITH"}],"neow_cost":"PERCENT_DAMAGE","seed_source_timestamp":10710106367502,"circlet_count":0,"master_deck":["Defend_G","Defend_G","Defend_G","Defend_G","Survivor+1","Neutralize+1","Dagger Spray+1","Prepared+1","Cloak And Dagger+1","Reflex+1","Grand Finale+1","Reflex+1","Dagger Throw","Acrobatics+1","Concentrate+1","Escape Plan+1","Prepared+1","Calculated Gamble+1","Well Laid Plans+1","Purity+1"],"special_seed":0,"relics":["Ring of the Snake","Tingsha","Lantern","Blood Vial","Golden Idol","Singing Bowl","Vajra","Empty Cage","Mercury Hourglass","Toxic Egg 2","Bottled Lightning","Anchor","Runic Dome","Oddly Smooth Stone","Strawberry","Kunai","Gremlin Horn"],"potions_floor_usage":[50,50],"damage_taken":[{"damage":10.0,"enemies":"Cultist","floor":1.0,"turns":5.0},{"damage":0.0,"enemies":"Small Slimes","floor":4.0,"turns":3.0},{"damage":0.0,"enemies":"2 Louse","floor":5.0,"turns":2.0},{"damage":13.0,"enemies":"3 Sentries","floor":7.0,"turns":8.0},{"damage":8.0,"enemies":"Gremlin Gang","floor":10.0,"turns":4.0},{"damage":1.0,"enemies":"3 Louse","floor":14.0,"turns":2.0},{"damage":3.0,"enemies":"The Guardian","floor":16.0,"turns":15.0},{"damage":0.0,"enemies":"2 Thieves","floor":18.0,"turns":1.0},{"damage":10.0,"enemies":"Chosen","floor":20.0,"turns":6.0},{"damage":0.0,"enemies":"Centurion and Healer","floor":25.0,"turns":2.0},{"damage":0.0,"enemies":"Snake Plant","floor":27.0,"turns":2.0},{"damage":0.0,"enemies":"Cultist and Chosen","floor":28.0,"turns":2.0},{"damage":0.0,"enemies":"Slavers","floor":29.0,"turns":1.0},{"damage":0.0,"enemies":"Centurion and Healer","floor":31.0,"turns":2.0},{"damage":0.0,"enemies":"Automaton","floor":33.0,"turns":5.0},{"damage":0.0,"enemies":"Orb Walker","floor":35.0,"turns":1.0},{"damage":0.0,"enemies":"3 Shapes","floor":36.0,"turns":1.0},{"damage":0.0,"enemies":"3 Darklings","floor":38.0,"turns":1.0},{"damage":0.0,"enemies":"Sphere and 2 Shapes","floor":41.0,"turns":1.0},{"damage":0.0,"enemies":"Transient","floor":42.0,"turns":3.0},{"damage":0.0,"enemies":"3 Darklings","floor":44.0,"turns":1.0},{"damage":6,"enemies":"2 Orb Walkers","floor":48,"turns":2},{"damage":37,"enemies":"Time Eater","floor":50,"turns":6}],"seed_played":"-2361229435835873333","potions_obtained":[{"floor":1.0,"key":"SneckoOil"},{"floor":4.0,"key":"Dexterity Potion"},{"floor":16.0,"key":"Swift Potion"},{"floor":27.0,"key":"Ancient Potion"},{"floor":28.0,"key":"Dexterity Potion"},{"floor":35.0,"key":"Dexterity Potion"}],"is_trial":false,"path_per_floor":["M","T","?","M","M","R","E","R","T","M","?","$","R","M","R","B",null,"M","?","M","?","?","$","?","M","T","M","M","E","$","M","R","B",null,"M","M","?","M","$","R","M","M","T","M","T","$","R","E","R","B"],"character_chosen":"THE_SILENT","items_purchased":["Singing Bowl","Vajra","Toxic Egg 2","Concentrate+1","Oddly Smooth Stone","Purity+1"],"campfire_rested":1,"item_purchase_floors":[12,12,23,30,39,46],"current_hp_per_floor":[35,35,28,28,28,28,15,15,15,9,9,9,28,29,29,28,56,58,58,50,50,32,32,32,34,34,38,42,46,46,48,48,52,68,70,74,74,77,77,77,79,79,86,86,86,86,86,82,82,47],"gold":59,"neow_bonus":"TWO_FIFTY_GOLD","is_prod":false,"is_daily":false,"chose_seed":false,"campfire_upgraded":7,"win_rate":0,"timestamp":1537945899,"path_taken":["M","?","?","?","M","R","E","R","T","M","?","$","R","M","R","BOSS","M","?","?","?","?","$","?","M","T","M","?","E","$","M","R","BOSS","M","M","?","?","$","R","M","M","T","M","?","$","R","E","R","BOSS"],"build_version":"2018-09-20","purchased_purges":3,"victory":true,"max_hp_per_floor":[70,70,70,70,70,70,70,70,70,70,65,65,65,65,65,65,65,65,65,65,65,65,65,65,65,65,67,69,71,71,71,71,73,73,73,75,75,77,77,77,79,79,86,86,86,86,86,88,88,88],"card_choices":[{"not_picked":["Setup","Prepared"],"picked":"Dagger Spray","floor":1.0},{"not_picked":["Expertise","Backflip"],"picked":"Prepared","floor":4.0},{"not_picked":["Choke","Poisoned Stab"],"picked":"Cloak And Dagger","floor":5.0},{"not_picked":["Flechettes","Heel Hook","Bouncing Flask"],"picked":"SKIP","floor":7.0},{"not_picked":["Blade Dance","Deadly Poison","Slice"],"picked":"SKIP","floor":10.0},{"not_picked":["Outmaneuver","Dagger Spray"],"picked":"Reflex","floor":14.0},{"not_picked":["Burst","Envenom"],"picked":"Grand Finale","floor":16.0},{"not_picked":["PiercingWail","Bane"],"picked":"Reflex","floor":18.0},{"not_picked":["Quick Slash","Bane"],"picked":"Dagger Throw","floor":20.0},{"not_picked":["Skewer+1","Slice"],"picked":"Acrobatics+1","floor":25.0},{"not_picked":["Sucker Punch","Caltrops","Deflect+1"],"picked":"Singing Bowl","floor":27.0},{"not_picked":["Backstab","Dagger Throw","Flying Knee"],"picked":"Singing Bowl","floor":28.0},{"not_picked":["Sucker Punch","Choke","Catalyst+1"],"picked":"Singing Bowl","floor":29.0},{"not_picked":["Quick Slash+1","Noxious Fumes+1"],"picked":"Escape Plan+1","floor":31.0},{"not_picked":["Storm of Steel+1","Phantasmal Killer+1","Venomology+1"],"picked":"Singing Bowl","floor":33.0},{"not_picked":["Quick Slash+1","Blur+1"],"picked":"Prepared+1","floor":35.0},{"not_picked":["Deadly Poison+1","Sucker Punch","Dodge and Roll+1"],"picked":"Singing Bowl","floor":36.0},{"not_picked":["Dagger Throw","Phantasmal Killer+1","Poisoned Stab"],"picked":"Singing Bowl","floor":38.0},{"not_picked":["Terror+1","Infinite Blades","Flying Knee+1"],"picked":"Singing Bowl","floor":41.0},{"not_picked":["PiercingWail+1","Predator"],"picked":"Calculated Gamble+1","floor":42.0},{"not_picked":["Acrobatics+1","Blade Dance+1"],"picked":"Well Laid Plans","floor":44.0},{"not_picked":["PiercingWail+1","Dagger Spray+1","Deadly Poison+1"],"picked":"Singing Bowl","floor":48}],"player_experience":153005,"relics_obtained":[{"floor":2.0,"key":"Tingsha"},{"floor":7.0,"key":"Lantern"},{"floor":9.0,"key":"Blood Vial"},{"floor":26.0,"key":"Bottled Lightning"},{"floor":29.0,"key":"Anchor"},{"floor":43.0,"key":"Strawberry"},{"floor":45.0,"key":"Kunai"},{"floor":48,"key":"Gremlin Horn"}],"event_choices":[{"event_name":"Golden Wing","player_choice":"Card Removal","floor":3.0,"damage_taken":0.0},{"event_name":"Golden Idol","player_choice":"Lose Max HP","floor":11.0,"damage_taken":0.0},{"event_name":"The Mausoleum","player_choice":"Yes","floor":19.0,"damage_taken":0.0},{"event_name":"Back to Basics","player_choice":"Elegance","floor":21.0,"damage_taken":0.0},{"event_name":"Knowing Skull","player_choice":"GOLD GOLD ","floor":22.0,"damage_taken":0.0},{"event_name":"Accursed Blacksmith","player_choice":"Forge","floor":24.0,"damage_taken":0.0},{"event_name":"Upgrade Shrine","player_choice":"Upgraded","floor":37.0,"damage_taken":0.0}],"is_beta":false,"boss_relics":[{"not_picked":["Astrolabe","Eternal Feather"],"picked":"Empty Cage"},{"not_picked":["Fusion Hammer","Tiny House"],"picked":"Runic Dome"}],"items_purged_floors":[12,23,39],"is_endless":false,"potions_floor_spawned":[1,4,16,27,28,35,36,42,48],"ascension_level":9}