{"gold_per_floor":[18,36,111,111,121,151,4,4,31,66,17,17,44,56,56,156,156,170,181,96,96,21,48,48,75,75,101,101],"floor_reached":28,"playtime":1697,"items_purged":[],"score":394,"play_id":"dc662ccf-5bba-46e0-94cc-2bf8abbe2216","local_time":"20190807175751","is_ascension_mode":true,"campfire_choices":[{"data":"Chill","floor":8.0,"key":"SMITH"},{"floor":12.0,"key":"REST"},{"floor":15.0,"key":"REST"},{"floor":24.0,"key":"REST"}],"neow_cost":"NO_GOLD","seed_source_timestamp":0,"circlet_count":0,"master_deck":["Strike_B","Strike_B","Strike_B","Defend_B","Defend_B","Defend_B","Defend_B","Zap","Dualcast","Electrodynamics","Leap","Chill+1","Genetic Algorithm","Doom and Gloom","Compile Driver","Conserve Battery","Sweeping Beam","Creative AI","Barrage","Barrage","Fusion","Lockon","Melter","Heatsinks"],"special_seed":0,"relics":["Cracked Core","Pen Nib","Strawberry","Bag of Preparation","Art of War","Bottled Tornado","Oddly Smooth Stone","Inserter","Centennial Puzzle","Dream Catcher","Orichalcum","Omamori"],"potions_floor_usage":[27,27],"damage_taken":[{"damage":7.0,"enemies":"Jaw Worm","floor":1.0,"turns":3.0},{"damage":3.0,"enemies":"2 Louse","floor":2.0,"turns":3.0},{"damage":0.0,"enemies":"Small Slimes","floor":5.0,"turns":3.0},{"damage":16.0,"enemies":"Lagavulin","floor":6.0,"turns":9.0},{"damage":25.0,"enemies":"Gremlin Nob","floor":10.0,"turns":4.0},{"damage":19.0,"enemies":"Lagavulin","floor":13.0,"turns":7.0},{"damage":1.0,"enemies":"Looter","floor":14.0,"turns":3.0},{"damage":46.0,"enemies":"Hexaghost","floor":16.0,"turns":11.0},{"damage":6.0,"enemies":"2 Thieves","floor":18.0,"turns":2.0},{"damage":10.0,"enemies":"Spheric Guardian","floor":19.0,"turns":4.0},{"damage":33.0,"enemies":"Slavers","floor":23.0,"turns":5.0},{"damage":5.0,"enemies":"Gremlin Leader","floor":25.0,"turns":5.0},{"damage":28,"enemies":"Book of Stabbing","floor":27,"turns":6},{"damage":8,"enemies":"Snake Plant","floor":28,"turns":1}],"seed_played":"-5680858986536516857","potions_obtained":[{"floor":5.0,"key":"Regen Potion"},{"floor":6.0,"key":"Explosive Potion"},{"floor":10.0,"key":"Block Potion"},{"floor":14.0,"key":"SkillPotion"},{"floor":18.0,"key":"EssenceOfSteel"},{"floor":23.0,"key":"LiquidBronze"},{"floor":27,"key":"Energy Potion"}],"is_trial":false,"path_per_floor":["M","M","?","?","M","E","$","R","T","E","$","R","E","M","R","B",null,"M","M","?","?","?","E","R","E","T","E","M"],"character_chosen":"DEFECT","items_purchased":["Bag of Preparation","Conserve Battery"],"campfire_rested":3,"item_purchase_floors":[7,11],"current_hp_per_floor":[61,58,47,44,44,35,35,35,35,22,22,46,27,26,50,4,63,57,47,47,47,47,14,38,33,33,5,0],"gold":101,"neow_bonus":"THREE_RARE_CARDS","is_prod":false,"is_daily":false,"chose_seed":false,"campfire_upgraded":1,"win_rate":0,"timestamp":1565215071,"path_taken":["M","M","?","?","M","E","$","R","T","E","$","R","E","M","R","BOSS","M","M","?","?","?","E","R","E","T","E","M"],"build_version":"2019-07-17","purchased_purges":0,"victory":false,"max_hp_per_floor":[75,75,75,75,75,82,82,82,82,82,82,82,82,82,82,82,82,82,82,82,82,82,82,82,82,82,82,82],"card_choices":[{"not_picked":["Seek","Amplify"],"picked":"Electrodynamics","floor":0.0},{"not_picked":["Gash","Auto Shields"],"picked":"Leap","floor":1.0},{"not_picked":["Go for the Eyes","Storm"],"picked":"Chill","floor":2.0},{"not_picked":["Auto Shields","Beam Cell"],"picked":"Genetic Algorithm","floor":5.0},{"not_picked":["Redo","Darkness"],"picked":"Doom and Gloom","floor":6.0},{"not_picked":["Storm","Static Discharge"],"picked":"Compile Driver","floor":10.0},{"not_picked":["Chaos","Hello World","BootSequence"],"picked":"SKIP","floor":13.0},{"not_picked":["Aggregate","BootSequence"],"picked":"Sweeping Beam","floor":14.0},{"not_picked":["Thunder Strike","Core Surge"],"picked":"Creative AI","floor":16.0},{"not_picked":["Redo+1","Streamline"],"picked":"Barrage","floor":18.0},{"not_picked":["Streamline","Ball Lightning+1"],"picked":"Barrage","floor":19.0},{"not_picked":["Steam","Stack","Fusion"],"picked":"SKIP","floor":23.0},{"not_picked":["Steam","Stack"],"picked":"Fusion","floor":23.0},{"not_picked":["Ball Lightning","Steam"],"picked":"Lockon","floor":24.0},{"not_picked":["Hyperbeam","Electrodynamics"],"picked":"Melter","floor":25.0},{"not_picked":["Hologram","Loop"],"picked":"Heatsinks","floor":27}],"player_experience":485356,"relics_obtained":[{"floor":6.0,"key":"Strawberry"},{"floor":9.0,"key":"Art of War"},{"floor":10.0,"key":"Bottled Tornado"},{"floor":13.0,"key":"Oddly Smooth Stone"},{"floor":23.0,"key":"Dream Catcher"},{"floor":25.0,"key":"Orichalcum"},{"floor":27,"key":"Omamori"}],"event_choices":[{"damage_healed":0.0,"max_hp_gain":0.0,"max_hp_loss":0.0,"gold_gain":75.0,"event_name":"World of Goop","player_choice":"Gather Gold","floor":3.0,"gold_loss":0.0,"damage_taken":11.0},{"damage_healed":0.0,"max_hp_gain":0.0,"max_hp_loss":0.0,"gold_gain":0.0,"event_name":"Scrap Ooze","player_choice":"Success","floor":4.0,"gold_loss":0.0,"damage_taken":3.0,"relics_obtained":["Pen Nib"]},{"damage_healed":0.0,"max_hp_gain":0.0,"max_hp_loss":0.0,"gold_gain":0.0,"event_name":"Addict","player_choice":"Obtained Relic","floor":20.0,"gold_loss":85.0,"damage_taken":0.0,"relics_obtained":["Centennial Puzzle"]},{"damage_healed":0.0,"max_hp_gain":0.0,"max_hp_loss":0.0,"gold_gain":0.0,"event_name":"Ghosts","player_choice":"Ignored","floor":21.0,"gold_loss":0.0,"damage_taken":0.0},{"cards_removed":["Strike_B"],"damage_healed":0.0,"max_hp_gain":0.0,"max_hp_loss":0.0,"gold_gain":0.0,"event_name":"Beggar","player_choice":"Gave Gold","floor":22.0,"gold_loss":75.0,"damage_taken":0.0}],"is_beta":false,"boss_relics":[{"not_picked":["Velvet Choker","White Beast Statue"],"picked":"Inserter"}],"items_purged_floors":[],"is_endless":false,"potions_floor_spawned":[5,6,10,14,18,23,27],"killed_by":"Snake Plant","ascension_level":7}