{"gold_per_floor":[113,131,181,106,123,123,123,123,147,173,173,188,188,206,206,283,283,295,26,36,50,64,64,64],"floor_reached":24,"playtime":1111,"items_purged":["Strike_R","Strike_R"],"score":396,"play_id":"47561a7a-2d65-4d4c-a019-f41610cc5480","local_time":"20190531222108","is_ascension_mode":true,"campfire_choices":[{"data":"Body Slam","floor":6.0,"key":"SMITH"},{"data":"Shockwave","floor":8.0,"key":"SMITH"},{"data":"Spot Weakness","floor":11.0,"key":"SMITH"},{"data":"Demon Form","floor":15,"key":"SMITH"},{"data":"Burning Pact","floor":23,"key":"SMITH"}],"neow_cost":"TEN_PERCENT_HP_LOSS","seed_source_timestamp":0,"circlet_count":0,"master_deck":["AscendersBane","Strike_R","Strike_R","Strike_R","Defend_R","Defend_R","Defend_R","Defend_R","Shockwave+1","Shrug It Off","Body Slam+1","Spot Weakness+1","Armaments","Demon Form+1","Entrench","Fiend Fire","Burning Pact+1"],"special_seed":0,"relics":["Burning Blood","Magic Flower","Question Card","Lantern","Self Forming Clay","Mark of Pain","Happy Flower"],"potions_floor_usage":[18,21,24],"damage_taken":[{"damage":10.0,"enemies":"2 Louse","floor":1.0,"turns":3.0},{"damage":0.0,"enemies":"Cultist","floor":2.0,"turns":4.0},{"damage":6.0,"enemies":"Small Slimes","floor":5.0,"turns":6.0},{"damage":42.0,"enemies":"Gremlin Nob","floor":10.0,"turns":5.0},{"damage":4.0,"enemies":"Exordium Thugs","floor":12.0,"turns":4.0},{"damage":4,"enemies":"Gremlin Gang","floor":14,"turns":6},{"damage":28,"enemies":"Slime Boss","floor":16,"turns":11},{"damage":8,"enemies":"Spheric Guardian","floor":18,"turns":5},{"damage":4,"enemies":"3 Byrds","floor":20,"turns":5},{"damage":8,"enemies":"Cultist and Chosen","floor":21,"turns":4},{"damage":23,"enemies":"Snake Plant","floor":22,"turns":5},{"damage":48,"enemies":"Slavers","floor":24,"turns":8}],"seed_played":"-7522060064695092298","potions_obtained":[{"floor":1.0,"key":"Strength Potion"},{"floor":10.0,"key":"SpeedPotion"},{"floor":20,"key":"Swift Potion"}],"is_trial":false,"path_per_floor":["M","M","?","$","M","R","?","R","T","E","R","M","?","M","R","B",null,"M","$","M","M","M","R","E"],"character_chosen":"IRONCLAD","items_purchased":["Happy Flower"],"campfire_rested":0,"item_purchase_floors":[19],"current_hp_per_floor":[67,68,62,62,65,65,54,54,54,21,21,26,26,31,31,12,54,55,55,60,61,47,47,0],"gold":64,"neow_bonus":"ONE_RARE_RELIC","is_prod":false,"is_daily":false,"chose_seed":false,"campfire_upgraded":5,"win_rate":0,"timestamp":1559312468,"path_taken":["M","M","?","$","?","R","?","R","T","E","R","M","?","M","R","BOSS","M","$","?","M","M","R","E"],"build_version":"2019-01-23","purchased_purges":2,"victory":false,"max_hp_per_floor":[68,68,68,68,68,68,68,68,68,68,68,68,68,68,68,68,68,68,68,68,68,68,68,68],"card_choices":[{"not_picked":["Entrench","Sword Boomerang"],"picked":"Shockwave","floor":1.0},{"not_picked":["Heavy Blade","Rupture"],"picked":"Shrug It Off","floor":2.0},{"not_picked":["Iron Wave","Cleave"],"picked":"Body Slam","floor":5.0},{"not_picked":["Cleave","Body Slam","Clash"],"picked":"Spot Weakness","floor":10.0},{"not_picked":["Twin Strike","Fire Breathing","Body Slam"],"picked":"Armaments","floor":12.0},{"not_picked":["Pommel Strike","Rupture","Feel No Pain"],"picked":"Entrench","floor":14},{"not_picked":["Juggernaut","Immolate","Berserk"],"picked":"Fiend Fire","floor":16},{"not_picked":["Rampage","Spot Weakness+1","Iron Wave"],"picked":"Burning Pact","floor":18},{"not_picked":["Perfected Strike+1","Iron Wave","Sever Soul","Ghostly Armor"],"picked":"SKIP","floor":20},{"not_picked":["Twin Strike","Clash","Dual Wield","Cleave"],"picked":"SKIP","floor":21},{"not_picked":["Havoc","Fire Breathing","Heavy Blade","Clothesline"],"picked":"SKIP","floor":22}],"player_experience":4944111,"relics_obtained":[{"floor":9.0,"key":"Lantern"},{"floor":10.0,"key":"Self Forming Clay"}],"event_choices":[{"damage_healed":0.0,"max_hp_gain":0.0,"max_hp_loss":0.0,"gold_gain":50.0,"event_name":"FaceTrader","player_choice":"Touch","floor":3.0,"gold_loss":0.0,"damage_taken":6.0},{"damage_healed":0.0,"max_hp_gain":0.0,"max_hp_loss":0.0,"gold_gain":0.0,"event_name":"Scrap Ooze","player_choice":"Success","floor":7.0,"gold_loss":0.0,"damage_taken":11.0,"relics_obtained":["Question Card"]},{"damage_healed":0,"gold_gain":0,"cards_transformed":["Bash"],"player_choice":"Transformed","damage_taken":0,"max_hp_gain":0,"max_hp_loss":0,"event_name":"Transmorgrifier","floor":13,"gold_loss":0,"cards_obtained":["Demon Form"]}],"is_beta":false,"boss_relics":[{"not_picked":["Empty Cage","Black Blood"],"picked":"Mark of Pain"}],"items_purged_floors":[4,19],"is_endless":false,"potions_floor_spawned":[1,10,12,16,20],"killed_by":"Slavers","ascension_level":20}