{"gold_per_floor":[113,38,54,54,54,54,54,54,108,126,126,126,144,164,164,243,243,258,293,293,312,312],"floor_reached":22,"playtime":640,"items_purged":["Strike_G"],"score":370,"play_id":"ec04eec0-b3eb-441d-9322-24bb86895dfe","local_time":"20181003231852","is_ascension_mode":true,"campfire_choices":[{"data":"Neutralize","floor":6.0,"key":"SMITH"},{"data":"Blade Dance","floor":8.0,"key":"SMITH"},{"data":"Cloak And Dagger","floor":11.0,"key":"SMITH"},{"data":"Corpse Explosion","floor":15.0,"key":"SMITH"}],"neow_cost":"NONE","seed_source_timestamp":120317049443841,"circlet_count":0,"master_deck":["Defend_G","Defend_G","Defend_G","Strike_G","Strike_G","Strike_G","Neutralize+1","AscendersBane","Blade Dance+1","Leg Sweep","Cloak And Dagger+1","Backstab","Deflect","Corpse Explosion+1","Burst","PiercingWail+1","Caltrops","Acrobatics","After Image","Crippling Poison"],"special_seed":0,"relics":["Coffee Dripper","Oddly Smooth Stone","White Beast Statue","Red Mask"],"potions_floor_usage":[19],"damage_taken":[{"damage":0.0,"enemies":"2 Louse","floor":1.0,"turns":4.0},{"damage":6.0,"enemies":"Jaw Worm","floor":3.0,"turns":6.0},{"damage":0.0,"enemies":"Small Slimes","floor":10.0,"turns":4.0},{"damage":0.0,"enemies":"Exordium Thugs","floor":13.0,"turns":5.0},{"damage":0.0,"enemies":"2 Fungi Beasts","floor":14.0,"turns":3.0},{"damage":0.0,"enemies":"The Guardian","floor":16.0,"turns":10.0},{"damage":15,"enemies":"2 Thieves","floor":18,"turns":4},{"damage":45,"enemies":"Masked Bandits","floor":19,"turns":5},{"damage":4,"enemies":"Chosen","floor":21,"turns":6},{"damage":6,"enemies":"Snake Plant","floor":22,"turns":1}],"seed_played":"-3162887610773216313","potions_obtained":[{"floor":10.0,"key":"Strength Potion"},{"floor":14.0,"key":"Poison Potion"},{"floor":18,"key":"LiquidBronze"},{"floor":19,"key":"Poison Potion"},{"floor":21,"key":"LiquidBronze"}],"is_trial":false,"path_per_floor":["M","$","M","?","$","R","$","R","T","M","R","?","M","M","R","B",null,"M","?","?","M"],"character_chosen":"THE_SILENT","items_purchased":[],"campfire_rested":0,"item_purchase_floors":[],"current_hp_per_floor":[63,63,57,57,57,57,57,57,57,57,57,50,50,50,50,50,65,50,5,5,1,0],"gold":312,"neow_bonus":"BOSS_RELIC","is_prod":false,"is_daily":false,"chose_seed":false,"campfire_upgraded":4,"win_rate":0,"timestamp":1538579932,"path_taken":["M","$","M","?","$","R","?","R","T","M","R","?","M","M","R","BOSS","M","?","?","M","M"],"build_version":"2018-09-27","purchased_purges":1,"victory":false,"max_hp_per_floor":[70,70,70,70,70,70,70,70,70,70,70,70,70,70,70,70,70,70,70,70,70,70],"card_choices":[{"not_picked":["Backflip","Slice"],"picked":"Blade Dance","floor":1.0},{"not_picked":["Dodge and Roll","Underhanded Strike"],"picked":"Leg Sweep","floor":3.0},{"not_picked":["Quick Slash","Blade Dance"],"picked":"Backstab","floor":10.0},{"not_picked":["Reflex","Predator"],"picked":"Deflect","floor":13.0},{"not_picked":["Poisoned Stab","Dagger Throw"],"picked":"Corpse Explosion","floor":14.0},{"not_picked":["Corpse Explosion","Die Die Die"],"picked":"Burst","floor":16.0},{"not_picked":["Flying Knee","Blade Dance"],"picked":"Endless Agony+1","floor":18},{"not_picked":["Dagger Spray","Dagger Throw"],"picked":"PiercingWail+1","floor":19},{"not_picked":["Cloak And Dagger","Quick Slash"],"picked":"Crippling Poison","floor":21}],"player_experience":180444,"relics_obtained":[{"floor":9.0,"key":"Oddly Smooth Stone"},{"floor":19,"key":"Red Mask"}],"event_choices":[{"event_name":"Living Wall","player_choice":"Change","floor":4.0,"damage_taken":0.0},{"event_name":"Golden Wing","player_choice":"Card Removal","floor":12.0,"damage_taken":0.0},{"event_name":"Masked Bandits","player_choice":"Fought Bandits","floor":19,"damage_taken":0},{"event_name":"Drug Dealer","player_choice":"Became Test Subject","floor":20,"damage_taken":0}],"is_beta":false,"boss_relics":[{"not_picked":["Orrery","Philosopher\u0027s Stone"],"picked":"White Beast Statue"}],"items_purged_floors":[2],"is_endless":false,"potions_floor_spawned":[10,14,18,19,21],"killed_by":"Snake Plant","ascension_level":13}