{"gold_per_floor":[110,110,110,110,128,128,1,40,90,165,165,206,106,126,126,126],"floor_reached":16,"playtime":212,"items_purged":["Strike_G","Strike_G"],"score":262,"play_id":"40ea0c9a-64a6-499b-a3eb-d2eb2a6a0cb2","local_time":"20181118003359","is_ascension_mode":true,"campfire_choices":[{"data":"Noxious Fumes","floor":6,"key":"SMITH"},{"data":"Neutralize","floor":11,"key":"SMITH"},{"data":"Tactician","floor":15,"key":"SMITH"}],"neow_cost":"NONE","seed_source_timestamp":1518196266538623,"circlet_count":0,"master_deck":["AscendersBane","Defend_G","Defend_G","Defend_G","Defend_G","Defend_G","Strike_G","Strike_G","Survivor","Neutralize+1","Tactician+1","Noxious Fumes+1","Backflip","All Out Attack"],"relics":["Ring of the Snake","NeowsBlessing","Golden Idol","Bag of Marbles","Boot","Mercury Hourglass"],"potions_floor_usage":[16],"damage_taken":[{"damage":0,"enemies":"Jaw Worm","floor":1,"turns":1},{"damage":0,"enemies":"Small Slimes","floor":5,"turns":1},{"damage":0,"enemies":"Gremlin Nob","floor":8,"turns":1},{"damage":25,"enemies":"Lagavulin","floor":12,"turns":7},{"damage":0,"enemies":"2 Louse","floor":14,"turns":1},{"damage":17,"enemies":"The Guardian","floor":16,"turns":3}],"seed_played":"-7737935006626445047","potions_obtained":[{"floor":5,"key":"Poison Potion"},{"floor":14,"key":"Weak Potion"}],"is_trial":false,"path_per_floor":["M","?","?","?","M","R","$","E","T","?","R","E","$","M","R","B"],"character_chosen":"THE_SILENT","items_purchased":["Backflip"],"campfire_rested":0,"item_purchase_floors":[7],"current_hp_per_floor":[59,64,57,57,57,57,57,57,57,46,46,21,21,21,21,4],"gold":126,"neow_bonus":"THREE_ENEMY_KILL","is_prod":false,"is_daily":false,"chose_seed":false,"campfire_upgraded":3,"win_rate":0,"timestamp":1542472439,"path_taken":["M","?","?","?","?","R","$","E","T","?","R","E","$","M","R","BOSS"],"build_version":"2018-11-15","purchased_purges":2,"victory":false,"max_hp_per_floor":[66,71,71,64,64,64,64,64,64,64,64,64,64,64,64,64],"card_choices":[{"not_picked":["Dodge and Roll","Flying Knee"],"picked":"Tactician","floor":1},{"not_picked":["Backflip","Outmaneuver"],"picked":"Noxious Fumes","floor":5},{"not_picked":["Blade Dance","Slice","All Out Attack"],"picked":"SKIP","floor":8},{"not_picked":["Blade Dance","Slice"],"picked":"All Out Attack","floor":8},{"not_picked":["Flying Knee","Deflect","Eviscerate"],"picked":"SKIP","floor":12},{"not_picked":["Accuracy","Masterful Stab","Dash"],"picked":"SKIP","floor":14}],"player_experience":522763,"relics_obtained":[{"floor":8,"key":"Bag of Marbles"},{"floor":9,"key":"Boot"},{"floor":12,"key":"Mercury Hourglass"}],"event_choices":[{"damage_healed":0,"gold_gain":0,"player_choice":"Donut","damage_taken":0,"max_hp_gain":5,"max_hp_loss":0,"event_name":"Big Fish","floor":2,"gold_loss":0},{"cards_removed":["Strike_G"],"damage_healed":0,"gold_gain":0,"player_choice":"Card Removal","damage_taken":7,"max_hp_gain":0,"max_hp_loss":0,"event_name":"Golden Wing","floor":3,"gold_loss":0},{"damage_healed":0,"gold_gain":0,"player_choice":"Lose Max HP","damage_taken":0,"relics_obtained":["Golden Idol"],"max_hp_gain":0,"max_hp_loss":7,"event_name":"Golden Idol","floor":4,"gold_loss":0},{"damage_healed":0,"gold_gain":75,"player_choice":"Gather Gold","damage_taken":11,"max_hp_gain":0,"max_hp_loss":0,"event_name":"World of Goop","floor":10,"gold_loss":0}],"is_beta":true,"boss_relics":[],"items_purged_floors":[7,13],"is_endless":false,"potions_floor_spawned":[5,14],"killed_by":"The Guardian","ascension_level":20}