{"gold_per_floor":[109,34,50,50,66,66,76,76,76,76,1,30,43,54,54,133,133,149,249,265,165,183,208,208,270,270,145,176,156,186,197,197,271,271,288,138,152,108,108,142,142,162,186,196,226,276,310,322,322,322,322,322,322,94,127,127],"floor_reached":57,"playtime":1912,"items_purged":["Strike_G","Strike_G","Heel Hook","Phantasmal Killer","All Out Attack"],"score":3265,"play_id":"da1be71f-b626-4c97-b15e-80d72bd7f87a","local_time":"20190216151412","is_ascension_mode":true,"campfire_choices":[{"data":"Catalyst","floor":6.0,"key":"SMITH"},{"data":"Noxious Fumes","floor":8.0,"key":"SMITH"},{"data":"Deadly Poison","floor":10.0,"key":"SMITH"},{"data":"Catalyst","floor":15.0,"key":"SMITH"},{"floor":32.0,"key":"RECALL"},{"floor":49.0,"key":"REST"},{"floor":53.0,"key":"REST"}],"neow_cost":"NONE","seed_source_timestamp":20350008216820,"circlet_count":0,"master_deck":["AscendersBane","Survivor","Neutralize","Deadly Poison+1","Catalyst+1","Backflip","Noxious Fumes+1","Catalyst+1","Well Laid Plans","Corpse Explosion","Burst","Catalyst","Accuracy","Calculated Gamble+1","Malaise","Catalyst","Noxious Fumes","Infinite Blades","Bouncing Flask","Thinking Ahead","Malaise","Night Terror","Deadly Poison+1","Backflip"],"special_seed":0,"relics":["Ring of the Snake","NeowsBlessing","Turnip","Ninja Scroll","Fusion Hammer","The Specimen","Dodecahedron","Snake Skull","Tiny Chest","Gambling Chip","Pandora\u0027s Box","Bottled Lightning","Happy Flower","Gremlin Horn","Bronze Scales","Centennial Puzzle"],"potions_floor_usage":[56],"damage_taken":[{"damage":0.0,"enemies":"2 Louse","floor":1.0,"turns":1.0},{"damage":0.0,"enemies":"Cultist","floor":3.0,"turns":1.0},{"damage":0.0,"enemies":"Small Slimes","floor":5.0,"turns":1.0},{"damage":6.0,"enemies":"3 Louse","floor":7.0,"turns":5.0},{"damage":7.0,"enemies":"3 Sentries","floor":12.0,"turns":7.0},{"damage":0.0,"enemies":"Large Slime","floor":13.0,"turns":3.0},{"damage":0.0,"enemies":"Gremlin Gang","floor":14.0,"turns":4.0},{"damage":0.0,"enemies":"The Guardian","floor":16.0,"turns":4.0},{"damage":0.0,"enemies":"3 Byrds","floor":18.0,"turns":2.0},{"damage":0.0,"enemies":"Colosseum Slavers","floor":19.0,"turns":1.0},{"damage":1.0,"enemies":"Colosseum Nobs","floor":19.0,"turns":4.0},{"damage":17.0,"enemies":"Spheric Guardian","floor":20.0,"turns":4.0},{"damage":4.0,"enemies":"Shelled Parasite and Fungi","floor":22.0,"turns":2.0},{"damage":4.0,"enemies":"Gremlin Leader","floor":23.0,"turns":3.0},{"damage":11.0,"enemies":"Slavers","floor":25.0,"turns":3.0},{"damage":8.0,"enemies":"Gremlin Leader","floor":28.0,"turns":2.0},{"damage":0.0,"enemies":"Slavers","floor":30.0,"turns":2.0},{"damage":0.0,"enemies":"Snake Plant","floor":31.0,"turns":1.0},{"damage":0.0,"enemies":"Collector","floor":33.0,"turns":3.0},{"damage":2.0,"enemies":"Orb Walker","floor":35.0,"turns":2.0},{"damage":0.0,"enemies":"3 Shapes","floor":37.0,"turns":2.0},{"damage":0.0,"enemies":"Nemesis","floor":40.0,"turns":1.0},{"damage":0.0,"enemies":"Transient","floor":42.0,"turns":3.0},{"damage":0.0,"enemies":"Maw","floor":44.0,"turns":2.0},{"damage":0.0,"enemies":"Giant Head","floor":45.0,"turns":2.0},{"damage":0.0,"enemies":"Nemesis","floor":47.0,"turns":1.0},{"damage":0.0,"enemies":"Jaw Worm Horde","floor":48.0,"turns":1.0},{"damage":33.0,"enemies":"Awakened One","floor":50.0,"turns":3.0},{"damage":25.0,"enemies":"Donu and Deca","floor":51.0,"turns":3.0},{"damage":4,"enemies":"Shield and Spear","floor":55,"turns":2},{"damage":15,"enemies":"The Heart","floor":56,"turns":4}],"seed_played":"-6400219756171762032","potions_obtained":[{"floor":1.0,"key":"Fire Potion"},{"floor":12.0,"key":"Strength Potion"},{"floor":14.0,"key":"FearPotion"},{"floor":16.0,"key":"Fire Potion"},{"floor":18.0,"key":"EssenceOfSteel"},{"floor":25.0,"key":"PowerPotion"},{"floor":29.0,"key":"Swift Potion"},{"floor":30.0,"key":"LiquidBronze"},{"floor":37.0,"key":"GamblersBrew"}],"is_trial":false,"path_per_floor":["M","$","M","?","M","R","M","R","T","R","$","E","M","M","R","B",null,"M","?","M","$","M","E","?","E","T","$","E","?","E","M","R","B",null,"M","$","M","$","?","E","$","M","T","M","E","?","E","M","R","B","B",null,"R","$","E","B",null],"character_chosen":"THE_SILENT","items_purchased":["Catalyst","Bouncing Flask","PowerPotion"],"campfire_rested":2,"item_purchase_floors":[2,38,54],"current_hp_per_floor":[59,59,59,59,59,59,53,53,53,53,53,46,46,46,46,46,61,61,60,43,43,39,35,35,24,24,24,16,16,16,16,16,16,54,52,52,52,52,52,52,52,52,52,52,52,52,52,52,66,33,8,52,66,66,62,47],"gold":127,"neow_bonus":"THREE_ENEMY_KILL","is_prod":false,"is_daily":false,"chose_seed":false,"campfire_upgraded":4,"win_rate":0,"timestamp":1550301252,"path_taken":["M","$","M","?","?","R","M","R","T","R","?","E","M","?","R","BOSS","M","?","M","$","M","E","?","E","T","$","E","?","E","M","R","BOSS","M","$","?","$","?","E","$","M","T","M","E","?","E","M","R","BOSS","BOSS","R","$","E","BOSS"],"build_version":"2019-01-23","purchased_purges":5,"victory":true,"max_hp_per_floor":[66,66,66,66,66,66,66,66,66,66,66,66,66,66,66,66,66,66,66,66,66,66,66,66,66,66,66,66,66,66,66,66,66,66,66,66,66,66,66,66,66,66,66,66,66,66,66,66,66,66,66,66,66,66,66,66],"card_choices":[{"not_picked":["Accuracy","Quick Slash"],"picked":"Deadly Poison","floor":1.0},{"not_picked":["Heel Hook","Dash"],"picked":"Backflip","floor":3.0},{"not_picked":["Dagger Spray","Sucker Punch"],"picked":"Noxious Fumes","floor":5.0},{"not_picked":["Dagger Throw","Sucker Punch","Poisoned Stab"],"picked":"SKIP","floor":7.0},{"not_picked":["Deadly Poison","Quick Slash"],"picked":"Catalyst","floor":12.0},{"not_picked":["Deflect","Underhanded Strike"],"picked":"Well Laid Plans","floor":13.0},{"not_picked":["Blade Dance","Deflect"],"picked":"Corpse Explosion","floor":14.0},{"not_picked":["Doppelganger","Night Terror"],"picked":"Burst","floor":16.0},{"not_picked":["Sucker Punch","Poisoned Stab","Calculated Gamble"],"picked":"SKIP","floor":18.0},{"not_picked":["Infinite Blades","Accuracy"],"picked":"Catalyst","floor":19.0},{"not_picked":["Crippling Poison","Distraction","Finisher+1"],"picked":"SKIP","floor":20.0},{"not_picked":["Sucker Punch+1","Heel Hook","Backstab"],"picked":"SKIP","floor":22.0},{"not_picked":["Quick Slash","Terror","PiercingWail"],"picked":"SKIP","floor":23.0},{"not_picked":["Caltrops","PiercingWail","Flechettes"],"picked":"SKIP","floor":25.0},{"not_picked":["Concentrate","Flying Knee","Dash"],"picked":"SKIP","floor":28.0},{"not_picked":["Glass Knife","Bouncing Flask"],"picked":"Calculated Gamble+1","floor":30.0},{"not_picked":["Poisoned Stab","Dodge and Roll","Sucker Punch"],"picked":"SKIP","floor":31.0},{"not_picked":["Corpse Explosion","Wraith Form v2"],"picked":"Malaise","floor":33.0},{"not_picked":["Deflect","Endless Agony","Quick Slash"],"picked":"SKIP","floor":35.0},{"not_picked":["Flying Knee","Quick Slash","Bane"],"picked":"SKIP","floor":37.0},{"not_picked":["Mind Blast","Secret Technique"],"picked":"Thinking Ahead","floor":39.0},{"not_picked":["Acrobatics","Skewer"],"picked":"Malaise","floor":40.0},{"not_picked":["Dodge and Roll","Acrobatics","Deflect"],"picked":"SKIP","floor":42.0},{"not_picked":["Acrobatics","Quick Slash","Flying Knee+1"],"picked":"SKIP","floor":44.0},{"not_picked":["Flying Knee","Outmaneuver","Infinite Blades"],"picked":"SKIP","floor":45.0},{"not_picked":["Quick Slash","Sucker Punch"],"picked":"Night Terror","floor":47.0},{"not_picked":["Flying Knee","Slice"],"picked":"Deadly Poison+1","floor":48.0},{"not_picked":["Tools of the Trade","Poisoned Stab"],"picked":"Backflip","floor":55}],"player_experience":2821800,"relics_obtained":[{"floor":9.0,"key":"Turnip"},{"floor":12.0,"key":"Ninja Scroll"},{"floor":19.0,"key":"The Specimen"},{"floor":19.0,"key":"Dodecahedron"},{"floor":23.0,"key":"Snake Skull"},{"floor":25.0,"key":"Tiny Chest"},{"floor":30.0,"key":"Gambling Chip"},{"floor":40.0,"key":"Bottled Lightning"},{"floor":43.0,"key":"Happy Flower"},{"floor":45.0,"key":"Gremlin Horn"},{"floor":47.0,"key":"Bronze Scales"},{"floor":55,"key":"Centennial Puzzle"}],"event_choices":[{"cards_removed":["Strike_G"],"damage_healed":0.0,"max_hp_gain":0.0,"max_hp_loss":0.0,"gold_gain":0.0,"event_name":"Bonfire Elementals","player_choice":"Offered Basic","floor":4.0,"gold_loss":0.0,"damage_taken":0.0},{"damage_healed":0.0,"max_hp_gain":0.0,"max_hp_loss":0.0,"gold_gain":0.0,"event_name":"Colosseum","player_choice":"Fight","floor":19.0,"gold_loss":0.0,"damage_taken":0.0},{"damage_healed":0.0,"max_hp_gain":0.0,"max_hp_loss":0.0,"gold_gain":0.0,"event_name":"Colosseum","player_choice":"Fought Nobs","floor":19.0,"gold_loss":0.0,"damage_taken":0.0},{"damage_healed":0.0,"max_hp_gain":0.0,"max_hp_loss":0.0,"gold_gain":0.0,"cards_transformed":["Strike_G","Strike_G"],"event_name":"Drug Dealer","player_choice":"Became Test Subject","floor":24.0,"gold_loss":0.0,"damage_taken":0.0,"cards_obtained":["Heel Hook","Accuracy"]},{"damage_healed":0.0,"max_hp_gain":0.0,"max_hp_loss":0.0,"gold_gain":0.0,"event_name":"The Woman in Blue","player_choice":"Bought 1 Potion","floor":29.0,"gold_loss":0.0,"damage_taken":0.0},{"damage_healed":0.0,"max_hp_gain":0.0,"max_hp_loss":0.0,"gold_gain":0.0,"event_name":"SensoryStone","player_choice":"Memory 1","floor":39.0,"gold_loss":0.0,"damage_taken":0.0},{"damage_healed":0.0,"max_hp_gain":0.0,"max_hp_loss":0.0,"gold_gain":50.0,"event_name":"Golden Shrine","player_choice":"Pray","floor":46.0,"gold_loss":0.0,"damage_taken":0.0}],"is_beta":false,"boss_relics":[{"not_picked":["Orrery","Astrolabe"],"picked":"Fusion Hammer"},{"not_picked":["Calling Bell","Snecko Eye"],"picked":"Pandora\u0027s Box"}],"items_purged_floors":[11,21,27,36,54],"is_endless":false,"potions_floor_spawned":[1,12,14,16,18,23,25,30,35,37,48],"ascension_level":20}