{"gold_per_floor":[115,40,90,101,62,62,95,108,108,108,108],"floor_reached":11,"playtime":354,"items_purged":["Defend_G"],"score":142,"play_id":"11075003-83f7-4679-a694-21a41e696e75","local_time":"20190124171057","is_ascension_mode":true,"campfire_choices":[{"data":"Bouncing Flask","floor":6,"key":"SMITH"},{"data":"Calculated Gamble","floor":10,"key":"SMITH"}],"neow_cost":"NONE","seed_source_timestamp":16589892684028,"circlet_count":0,"master_deck":["AscendersBane","Defend_G","Defend_G","Defend_G","Defend_G","Strike_G","Strike_G","Strike_G","Strike_G","Survivor","Neutralize","Tactician","Dagger Throw","Bouncing Flask+1","Calculated Gamble+1"],"special_seed":0,"relics":["Ring of the Snake","Tough Bandages","Matryoshka"],"potions_floor_usage":[7,11],"damage_taken":[{"damage":0.0,"enemies":"2 Louse","floor":1.0,"turns":5.0},{"damage":12,"enemies":"Cultist","floor":4,"turns":6},{"damage":29,"enemies":"Gremlin Nob","floor":7,"turns":4},{"damage":0,"enemies":"Jaw Worm","floor":8,"turns":3},{"damage":0,"enemies":"3 Sentries","floor":11,"turns":1}],"seed_played":"1888681753048962749","potions_obtained":[{"floor":1.0,"key":"SkillPotion"},{"floor":4,"key":"Weak Potion"},{"floor":7,"key":"SkillPotion"}],"is_trial":false,"path_per_floor":["M","$","?","M","$","R","E","M","T","R","E"],"character_chosen":"THE_SILENT","items_purchased":["Bouncing Flask"],"campfire_rested":0,"item_purchase_floors":[5],"current_hp_per_floor":[59,59,53,41,41,41,12,12,12,12,12],"gold":108,"neow_bonus":"REMOVE_CARD","is_prod":false,"is_daily":false,"chose_seed":false,"campfire_upgraded":2,"win_rate":0,"timestamp":1548321057,"path_taken":["M","$","?","?","?","R","E","M","T","R","E"],"build_version":"2019-01-23","purchased_purges":1,"victory":false,"max_hp_per_floor":[66,66,66,66,66,66,66,66,66,66,66],"card_choices":[{"not_picked":["Leg Sweep","Cloak And Dagger"],"picked":"Tactician","floor":1.0},{"not_picked":["Dagger Spray","Backflip"],"picked":"Dagger Throw","floor":4},{"not_picked":["Dodge and Roll","Sucker Punch","Dagger Throw"],"picked":"SKIP","floor":7},{"not_picked":["Sucker Punch","Escape Plan"],"picked":"Calculated Gamble","floor":8}],"player_experience":2201950,"relics_obtained":[{"floor":7,"key":"Tough Bandages"},{"floor":9,"key":"Matryoshka"}],"event_choices":[{"damage_healed":0,"gold_gain":50,"player_choice":"Touch","damage_taken":6,"max_hp_gain":0,"max_hp_loss":0,"event_name":"FaceTrader","floor":3,"gold_loss":0}],"is_beta":false,"boss_relics":[],"items_purged_floors":[2],"is_endless":false,"potions_floor_spawned":[1,4,7],"killed_by":"3 Sentries","ascension_level":20}