{"gold_per_floor":[113,113,124,14,26,26,36,36,36,53,66,76,89,19,19,119,119,132,148,48,129,148,148,162,174,174,190,115,145,145,20,20,122,122,133,133,143,143,143,172,172,202,202,202,212,212,62,82,82,82],"floor_reached":51,"playtime":1998,"items_purged":["Decay","Strike_G","Defend_G","Defend_G+1"],"score":921,"play_id":"6c3c3cff-0d84-4cea-a593-6473612a9f42","local_time":"20181124170519","is_ascension_mode":false,"campfire_choices":[{"data":"Acrobatics","floor":6.0,"key":"SMITH"},{"data":"Expertise","floor":8.0,"key":"SMITH"},{"data":"Reflex","floor":15.0,"key":"SMITH"},{"data":"Acrobatics","floor":23.0,"key":"SMITH"},{"data":"Calculated Gamble","floor":32,"key":"SMITH"},{"data":"Tactician","floor":49,"key":"SMITH"}],"neow_cost":"CURSE","seed_source_timestamp":25975228301268,"circlet_count":0,"master_deck":["Defend_G+1","Defend_G+1","Defend_G+1","Strike_G+1","Survivor+1","Neutralize+1","Grand Finale+1","Acrobatics+1","Expertise+1","Backflip+1","Concentrate+1","Acrobatics+1","Reflex+1","Calculated Gamble+1","Concentrate+1","Reflex+1","Tactician+1"],"special_seed":0,"relics":["Ring of the Snake","Snake Skull","Empty Cage","Shuriken","Gremlin Horn","Matryoshka","Philosopher\u0027s Stone","Mark of the Bloom","PreservedInsect","Prayer Wheel","Centennial Puzzle","Pear"],"potions_floor_usage":[],"damage_taken":[{"damage":8.0,"enemies":"2 Louse","floor":1.0,"turns":4.0},{"damage":0.0,"enemies":"Cultist","floor":3.0,"turns":5.0},{"damage":0.0,"enemies":"Jaw Worm","floor":5.0,"turns":2.0},{"damage":2.0,"enemies":"Exordium Thugs","floor":7.0,"turns":2.0},{"damage":7.0,"enemies":"Looter","floor":10.0,"turns":4.0},{"damage":3.0,"enemies":"3 Louse","floor":11.0,"turns":5.0},{"damage":5.0,"enemies":"Gremlin Gang","floor":12.0,"turns":2.0},{"damage":2.0,"enemies":"Looter","floor":13.0,"turns":4.0},{"damage":28.0,"enemies":"The Guardian","floor":16.0,"turns":9.0},{"damage":0.0,"enemies":"Chosen","floor":18.0,"turns":3.0},{"damage":0.0,"enemies":"3 Byrds","floor":19.0,"turns":1.0},{"damage":0.0,"enemies":"Snake Plant","floor":22.0,"turns":3.0},{"damage":0,"enemies":"3 Cultists","floor":24,"turns":1},{"damage":0,"enemies":"Centurion and Healer","floor":25,"turns":1},{"damage":0,"enemies":"Sentry and Sphere","floor":27,"turns":1},{"damage":0,"enemies":"Gremlin Leader","floor":29,"turns":1},{"damage":0,"enemies":"Champ","floor":33,"turns":1},{"damage":0,"enemies":"Orb Walker","floor":35,"turns":1},{"damage":0,"enemies":"3 Darklings","floor":37,"turns":1},{"damage":0,"enemies":"Nemesis","floor":40,"turns":1},{"damage":0,"enemies":"Reptomancer","floor":42,"turns":1},{"damage":0,"enemies":"Maw","floor":45,"turns":1},{"damage":0,"enemies":"Jaw Worm Horde","floor":48,"turns":1},{"damage":0,"enemies":"Awakened One","floor":50,"turns":2}],"seed_played":"5892427201130259158","potions_obtained":[{"floor":5.0,"key":"AttackPotion"},{"floor":12.0,"key":"Regen Potion"},{"floor":13.0,"key":"AttackPotion"},{"floor":22.0,"key":"Strength Potion"}],"is_trial":false,"path_per_floor":["M","?","M","$","M","R","M","R","T","M","M","M","M","$","R","B",null,"M","M","$","T","M","R","M","M","T","M","?","E","?","$","R","B",null,"M","?","M","$","$","E","?","E","T","?","M","?","$","M","R","B",null],"character_chosen":"THE_SILENT","items_purchased":["Expertise","Reflex"],"campfire_rested":0,"item_purchase_floors":[4,14],"current_hp_per_floor":[62,62,62,62,62,62,60,60,60,53,50,45,43,43,43,15,70,70,70,70,70,70,70,70,70,70,70,70,70,70,70,70,70,70,70,70,70,70,70,70,60,60,60,60,60,60,60,60,60,60],"gold":82,"neow_bonus":"THREE_RARE_CARDS","is_prod":false,"is_daily":false,"chose_seed":false,"campfire_upgraded":6,"win_rate":0,"timestamp":1543050319,"path_taken":["M","?","M","$","M","R","M","R","T","?","M","M","M","$","R","BOSS","M","M","$","?","M","R","M","?","T","M","?","E","?","$","R","BOSS","M","?","M","?","$","E","?","E","T","?","M","?","$","?","R","BOSS"],"build_version":"2018-11-15","purchased_purges":4,"victory":true,"max_hp_per_floor":[70,70,70,70,70,70,70,70,70,70,70,70,70,70,70,70,70,70,70,70,70,70,70,70,70,70,70,70,70,70,70,70,70,70,70,70,70,70,70,70,70,70,80,80,80,80,80,80,80,80],"card_choices":[{"not_picked":["Phantasmal Killer","Venomology"],"picked":"Grand Finale","floor":0.0},{"not_picked":["Blur","PiercingWail"],"picked":"Acrobatics","floor":1.0},{"not_picked":["Cloak And Dagger","Quick Slash","Outmaneuver"],"picked":"SKIP","floor":3.0},{"not_picked":["Underhanded Strike","PiercingWail"],"picked":"Backflip","floor":5.0},{"not_picked":["Dodge and Roll","Quick Slash"],"picked":"Concentrate","floor":7.0},{"not_picked":["Riddle With Holes","Cloak And Dagger"],"picked":"Acrobatics","floor":10.0},{"not_picked":["Cloak And Dagger","Poisoned Stab","Acrobatics"],"picked":"SKIP","floor":11.0},{"not_picked":["Flying Knee","Infinite Blades","Acrobatics"],"picked":"SKIP","floor":12.0},{"not_picked":["Backstab","Envenom","Dagger Spray"],"picked":"SKIP","floor":13.0},{"not_picked":["Slice","Accuracy","Underhanded Strike+1"],"picked":"SKIP","floor":18.0},{"not_picked":["Finisher","Flying Knee+1","Setup"],"picked":"SKIP","floor":19.0},{"not_picked":["Caltrops+1","PiercingWail"],"picked":"Calculated Gamble","floor":22.0},{"not_picked":["Accuracy","Slice+1","Bane"],"picked":"SKIP","floor":24},{"not_picked":["Prepared","Poisoned Stab","Accuracy"],"picked":"SKIP","floor":25},{"not_picked":["Quick Slash","Night Terror","Dagger Throw"],"picked":"SKIP","floor":27},{"not_picked":["Blade Dance","Flechettes"],"picked":"Concentrate","floor":29},{"not_picked":["Blade Dance+1","Caltrops+1","Setup+1"],"picked":"SKIP","floor":35},{"not_picked":["Deadly Poison+1","Cloak And Dagger+1","Caltrops"],"picked":"SKIP","floor":37},{"not_picked":["Footwork","Distraction+1"],"picked":"Reflex+1","floor":40},{"not_picked":["Noxious Fumes","Blade Dance","Slice+1"],"picked":"SKIP","floor":42},{"not_picked":["Finisher+1","Skewer","Eviscerate+1"],"picked":"SKIP","floor":45},{"not_picked":["Crippling Poison+1","Outmaneuver+1","Dagger Spray"],"picked":"SKIP","floor":45},{"not_picked":["Acrobatics+1","Caltrops+1"],"picked":"Tactician","floor":48},{"not_picked":["Backflip","Sucker Punch","Footwork"],"picked":"SKIP","floor":48}],"player_experience":1151992,"relics_obtained":[{"floor":9.0,"key":"Snake Skull"},{"floor":21.0,"key":"Shuriken"},{"floor":26,"key":"Gremlin Horn"},{"floor":29,"key":"Matryoshka"},{"floor":40,"key":"PreservedInsect"},{"floor":42,"key":"Prayer Wheel"},{"floor":43,"key":"Centennial Puzzle"},{"floor":43,"key":"Pear"}],"event_choices":[{"damage_healed":0.0,"max_hp_gain":0.0,"max_hp_loss":0.0,"gold_gain":0.0,"event_name":"Upgrade Shrine","player_choice":"Upgraded","floor":2.0,"gold_loss":0.0,"damage_taken":0.0,"cards_upgraded":["Grand Finale"]},{"cards_removed":["Strike_G"],"damage_healed":0,"gold_gain":0,"player_choice":"Gave Gold","damage_taken":0,"max_hp_gain":0,"max_hp_loss":0,"event_name":"Beggar","floor":28,"gold_loss":75},{"damage_healed":0,"gold_gain":0,"player_choice":"Ignored","damage_taken":0,"max_hp_gain":0,"max_hp_loss":0,"event_name":"Vampires","floor":30,"gold_loss":0},{"damage_healed":0,"gold_gain":0,"player_choice":"Upgrade","damage_taken":0,"relics_obtained":["Mark of the Bloom"],"max_hp_gain":0,"max_hp_loss":0,"event_name":"MindBloom","floor":36,"gold_loss":0,"cards_upgraded":["Defend_G","Defend_G","Defend_G","Defend_G","Strike_G","Survivor","Neutralize","Backflip","Concentrate","Concentrate"]},{"damage_healed":0,"gold_gain":0,"player_choice":"Memory 3","damage_taken":10,"max_hp_gain":0,"max_hp_loss":0,"event_name":"SensoryStone","floor":41,"gold_loss":0},{"damage_healed":0,"gold_gain":0,"player_choice":"Ignored","damage_taken":0,"max_hp_gain":0,"max_hp_loss":0,"event_name":"Tomb of Lord Red Mask","floor":44,"gold_loss":0},{"cards_removed":["Well Laid Plans"],"damage_healed":0,"gold_gain":0,"player_choice":"Took Card","damage_taken":0,"max_hp_gain":0,"max_hp_loss":0,"event_name":"NoteForYourself","floor":46,"gold_loss":0,"cards_obtained":["Well Laid Plans"]}],"is_beta":false,"boss_relics":[{"not_picked":["Fusion Hammer","Calling Bell"],"picked":"Empty Cage"},{"not_picked":["White Beast Statue","Black Star"],"picked":"Philosopher\u0027s Stone"}],"items_purged_floors":[4,20,31,47],"is_endless":false,"potions_floor_spawned":[5,12,13,22,24,33,35,42,45],"ascension_level":0}