{"gold_per_floor":[16,16,35,55,55,90,90,120,145,145,145,161,161,161,161,233,233,252,177,212,229,57,57,87,87,87,87,107,120,135,169,169,244,244,254,354,354,371,271,271,299,312,312,341,216,231,231,231,231,231,231,231,231,26,55,55],"floor_reached":57,"playtime":2797,"items_purged":["Strike_R","Shame","Strike_R","Defend_R"],"score":3037,"play_id":"02c08729-cdea-4cd1-9b8c-69c67b1c4591","local_time":"20190401131241","is_ascension_mode":true,"campfire_choices":[{"data":"Bludgeon","floor":7.0,"key":"SMITH"},{"data":"Uppercut","floor":11.0,"key":"SMITH"},{"data":"Pommel Strike","floor":13.0,"key":"SMITH"},{"data":"Double Tap","floor":15.0,"key":"SMITH"},{"data":"Burning Pact","floor":23.0,"key":"SMITH"},{"data":"Purity","floor":27.0,"key":"SMITH"},{"data":"Bloodletting","floor":32.0,"key":"SMITH"},{"data":"True Grit","floor":40.0,"key":"SMITH"},{"floor":47.0,"key":"RECALL"},{"data":"Dropkick","floor":49.0,"key":"SMITH"},{"floor":53.0,"key":"REST"}],"neow_cost":"NO_GOLD","seed_source_timestamp":290724138660,"circlet_count":0,"master_deck":["AscendersBane","Defend_R","Defend_R","Pommel Strike+1","Bludgeon+1","Uppercut+1","Double Tap+1","Burning Pact+1","Reaper","Battle Trance+1","Dropkick+1","Purity+1","Bloodletting+1","Feed","True Grit+1","Disarm+1","Shrug It Off"],"special_seed":0,"relics":["Burning Blood","Anchor","Lantern","Gremlin Horn","Pen Nib","Self Forming Clay","Cursed Key","Red Mask","Kunai","Du-Vu Doll","White Beast Statue","Nunchaku","Letter Opener","Vajra","Bird Faced Urn"],"potions_floor_usage":[55,56,56],"damage_taken":[{"damage":2.0,"enemies":"Small Slimes","floor":1.0,"turns":3.0},{"damage":0.0,"enemies":"2 Louse","floor":3.0,"turns":2.0},{"damage":0.0,"enemies":"Cultist","floor":4.0,"turns":3.0},{"damage":8.0,"enemies":"Gremlin Nob","floor":6.0,"turns":3.0},{"damage":15.0,"enemies":"Lagavulin","floor":8.0,"turns":3.0},{"damage":1.0,"enemies":"Blue Slaver","floor":12.0,"turns":3.0},{"damage":26.0,"enemies":"The Guardian","floor":16.0,"turns":8.0},{"damage":1.0,"enemies":"Shell Parasite","floor":18.0,"turns":2.0},{"damage":6.0,"enemies":"Masked Bandits","floor":20.0,"turns":3.0},{"damage":0.0,"enemies":"Chosen","floor":21.0,"turns":1.0},{"damage":0.0,"enemies":"Gremlin Leader","floor":24.0,"turns":3.0},{"damage":2.0,"enemies":"Shelled Parasite and Fungi","floor":28.0,"turns":3.0},{"damage":17.0,"enemies":"3 Cultists","floor":29.0,"turns":4.0},{"damage":3.0,"enemies":"Snecko","floor":30.0,"turns":3.0},{"damage":17.0,"enemies":"Slavers","floor":31.0,"turns":3.0},{"damage":0.0,"enemies":"Champ","floor":33.0,"turns":2.0},{"damage":0.0,"enemies":"Orb Walker","floor":35.0,"turns":2.0},{"damage":9.0,"enemies":"Mind Bloom Boss Battle","floor":36.0,"turns":5.0},{"damage":13.0,"enemies":"3 Shapes","floor":38.0,"turns":3.0},{"damage":10.0,"enemies":"Nemesis","floor":41.0,"turns":3.0},{"damage":3.0,"enemies":"Jaw Worm Horde","floor":42.0,"turns":3.0},{"damage":18.0,"enemies":"Reptomancer","floor":44.0,"turns":4.0},{"damage":17.0,"enemies":"Writhing Mass","floor":46.0,"turns":4.0},{"damage":14.0,"enemies":"Awakened One","floor":50.0,"turns":5.0},{"damage":93.0,"enemies":"Donu and Deca","floor":51.0,"turns":7.0},{"damage":9,"enemies":"Shield and Spear","floor":55,"turns":2},{"damage":61,"enemies":"The Heart","floor":56,"turns":6}],"seed_played":"1876823197919183171","potions_obtained":[{"floor":4.0,"key":"Dexterity Potion"},{"floor":16.0,"key":"SkillPotion"},{"floor":24.0,"key":"SkillPotion"},{"floor":36.0,"key":"Explosive Potion"},{"floor":38.0,"key":"FearPotion"},{"floor":41.0,"key":"BloodPotion"},{"floor":42.0,"key":"Energy Potion"},{"floor":44.0,"key":"Ancient Potion"},{"floor":46.0,"key":"GamblersBrew"},{"floor":55,"key":"Block Potion"}],"is_trial":false,"path_per_floor":["M","?","M","M","?","E","R","E","T","?","R","M","R","?","R","B",null,"M","?","?","M","$","R","E","?","T","R","M","M","M","E","R","B",null,"M","?","T","M","$","R","E","M","T","E","$","M","R","?","R","B","B",null,"R","$","E","B",null],"character_chosen":"IRONCLAD","items_purchased":["Purity","PowerPotion"],"campfire_rested":1,"item_purchase_floors":[22,54],"current_hp_per_floor":[72,72,75,75,40,38,38,29,29,29,29,34,34,27,27,7,58,63,63,71,75,75,75,75,75,75,75,75,64,67,56,56,62,72,78,78,78,74,74,74,70,79,79,78,78,78,78,78,78,88,26,74,90,90,87,34],"gold":55,"neow_bonus":"TRANSFORM_TWO_CARDS","is_prod":false,"is_daily":false,"chose_seed":false,"campfire_upgraded":9,"win_rate":0,"timestamp":1554095561,"path_taken":["M","?","M","M","?","E","R","E","T","?","R","?","R","?","R","BOSS","M","?","?","M","$","R","E","?","T","R","M","M","?","E","R","BOSS","M","?","?","M","$","R","E","M","T","E","$","M","R","?","R","BOSS","BOSS","R","$","E","BOSS"],"build_version":"2019-01-23","purchased_purges":4,"victory":true,"max_hp_per_floor":[75,75,75,75,75,75,75,75,75,75,75,75,75,75,75,75,75,75,75,75,75,75,75,75,75,75,75,75,75,75,75,75,75,75,78,81,81,84,84,84,84,87,87,87,87,90,90,90,90,90,90,90,90,90,90,90],"card_choices":[{"not_picked":["Pommel Strike","Pummel"],"picked":"Uppercut","floor":1.0},{"not_picked":["Flex","Anger","Twin Strike"],"picked":"SKIP","floor":3.0},{"not_picked":["Clothesline","Thunderclap","Sentinel"],"picked":"SKIP","floor":4.0},{"not_picked":["Pummel","Havoc"],"picked":"Double Tap","floor":6.0},{"not_picked":["Clash","Havoc","Warcry"],"picked":"SKIP","floor":8.0},{"not_picked":["Twin Strike","Perfected Strike"],"picked":"Burning Pact","floor":12.0},{"not_picked":["Barricade","Berserk"],"picked":"Reaper","floor":16.0},{"not_picked":["Perfected Strike","Warcry"],"picked":"Battle Trance+1","floor":18.0},{"not_picked":["Seeing Red","Ghostly Armor"],"picked":"Dropkick","floor":21.0},{"not_picked":["Reaper","Pummel","Hemokinesis"],"picked":"SKIP","floor":24.0},{"not_picked":["Warcry","Thunderclap","Seeing Red"],"picked":"SKIP","floor":28.0},{"not_picked":["Wild Strike","Impervious"],"picked":"Bloodletting","floor":29.0},{"not_picked":["Corruption+1","Perfected Strike","Wild Strike"],"picked":"SKIP","floor":30.0},{"not_picked":["Cleave","Shockwave"],"picked":"Feed","floor":31.0},{"not_picked":["Shrug It Off","Armaments","Anger"],"picked":"SKIP","floor":35.0},{"not_picked":["Shrug It Off","Armaments","Anger"],"picked":"SKIP","floor":35.0},{"not_picked":["Body Slam","Perfected Strike"],"picked":"True Grit","floor":38.0},{"not_picked":["Flame Barrier+1","Wild Strike","Berserk"],"picked":"SKIP","floor":41.0},{"not_picked":["Dual Wield","Searing Blow"],"picked":"Disarm+1","floor":42.0},{"not_picked":["Seeing Red+1","Flame Barrier","Wild Strike+1"],"picked":"SKIP","floor":44.0},{"not_picked":["Warcry","Heavy Blade","Anger"],"picked":"SKIP","floor":46.0},{"not_picked":["Fire Breathing","Clothesline"],"picked":"Shrug It Off","floor":55}],"player_experience":3974649,"relics_obtained":[{"floor":6.0,"key":"Lantern"},{"floor":8.0,"key":"Gremlin Horn"},{"floor":9.0,"key":"Pen Nib"},{"floor":20.0,"key":"Red Mask"},{"floor":24.0,"key":"Kunai"},{"floor":31.0,"key":"Du-Vu Doll"},{"floor":36.0,"key":"Nunchaku"},{"floor":41.0,"key":"Letter Opener"},{"floor":44.0,"key":"Vajra"},{"floor":55,"key":"Bird Faced Urn"}],"event_choices":[{"damage_healed":0.0,"max_hp_gain":0.0,"max_hp_loss":0.0,"gold_gain":0.0,"event_name":"Liars Game","player_choice":"Ignored","floor":2.0,"gold_loss":0.0,"damage_taken":0.0},{"damage_healed":0.0,"max_hp_gain":0.0,"max_hp_loss":0.0,"gold_gain":0.0,"event_name":"Scrap Ooze","player_choice":"Success","floor":5.0,"gold_loss":0.0,"damage_taken":35.0,"relics_obtained":["Anchor"]},{"damage_healed":0.0,"max_hp_gain":0.0,"max_hp_loss":0.0,"gold_gain":0.0,"event_name":"WeMeetAgain","player_choice":"Gave Potion","floor":10.0,"gold_loss":0.0,"damage_taken":0.0,"relics_obtained":["Self Forming Clay"]},{"cards_removed":["Strike_R"],"damage_healed":0.0,"max_hp_gain":0.0,"max_hp_loss":0.0,"gold_gain":0.0,"event_name":"Golden Wing","player_choice":"Card Removal","floor":14.0,"gold_loss":0.0,"damage_taken":7.0},{"cards_removed":["Bash"],"damage_healed":0.0,"max_hp_gain":0.0,"max_hp_loss":0.0,"gold_gain":0.0,"event_name":"Beggar","player_choice":"Gave Gold","floor":19.0,"gold_loss":75.0,"damage_taken":0.0},{"damage_healed":0.0,"max_hp_gain":0.0,"max_hp_loss":0.0,"gold_gain":0.0,"event_name":"Masked Bandits","player_choice":"Fought Bandits","floor":20.0,"gold_loss":0.0,"damage_taken":0.0},{"damage_healed":0.0,"max_hp_gain":0.0,"max_hp_loss":0.0,"gold_gain":0.0,"event_name":"The Mausoleum","player_choice":"Ignored","floor":25.0,"gold_loss":0.0,"damage_taken":0.0},{"damage_healed":0.0,"max_hp_gain":0.0,"max_hp_loss":0.0,"gold_gain":0.0,"event_name":"MindBloom","player_choice":"Fight","floor":36.0,"gold_loss":0.0,"damage_taken":0.0},{"cards_removed":["Defend_R"],"damage_healed":0.0,"max_hp_gain":0.0,"max_hp_loss":0.0,"gold_gain":0.0,"event_name":"Falling","player_choice":"Removed Skill","floor":48.0,"gold_loss":0.0,"damage_taken":0.0}],"is_beta":false,"boss_relics":[{"not_picked":["Sozu","Lizard Tail"],"picked":"Cursed Key"},{"not_picked":["Velvet Choker","Pandora\u0027s Box"],"picked":"White Beast Statue"}],"items_purged_floors":[22,39,45,54],"is_endless":false,"potions_floor_spawned":[4,16,24,28,33,35,36,38,41,42,44,46,55],"ascension_level":20}