{"gold_per_floor":[114,128,14,30,48,48,48,48,75,75,75,75,91,125,125,125],"floor_reached":16,"playtime":354,"items_purged":["Strike_G"],"score":175,"play_id":"ded0183d-413f-4bab-94c8-859c0deee1a4","local_time":"20190214231521","is_ascension_mode":true,"campfire_choices":[{"data":"Tactician","floor":6,"key":"SMITH"},{"data":"Blade Dance","floor":8,"key":"SMITH"},{"floor":12,"key":"REST"},{"data":"Accuracy","floor":15,"key":"SMITH"}],"neow_cost":"PERCENT_DAMAGE","seed_source_timestamp":187742840011281,"circlet_count":0,"master_deck":["AscendersBane","Defend_G","Defend_G","Defend_G","Defend_G","Defend_G","Strike_G","Strike_G","Strike_G","Survivor","Neutralize","Corpse Explosion","Blade Dance+1","Acrobatics","Accuracy+1","Tactician+1","Burst"],"relics":["Ring of the Snake","Happy Flower","Bronze Scales"],"potions_floor_usage":[14,14],"damage_taken":[{"damage":3,"enemies":"Jaw Worm","floor":1,"turns":6},{"damage":3,"enemies":"2 Louse","floor":2,"turns":2},{"damage":9,"enemies":"Small Slimes","floor":4,"turns":4},{"damage":15,"enemies":"3 Louse","floor":5,"turns":3},{"damage":5,"enemies":"Gremlin Gang","floor":13,"turns":3},{"damage":15,"enemies":"Lagavulin","floor":14,"turns":7},{"damage":23,"enemies":"Slime Boss","floor":16,"turns":3}],"seed_played":"-4621206145906668055","potions_obtained":[{"floor":4,"key":"AttackPotion"},{"floor":5,"key":"Energy Potion"},{"floor":13,"key":"PowerPotion"}],"is_trial":false,"path_per_floor":["M","M","$","M","M","R","?","R","T","?","$","R","M","E","R","B"],"character_chosen":"THE_SILENT","items_purchased":["Accuracy"],"campfire_rested":1,"item_purchase_floors":[3],"current_hp_per_floor":[41,38,38,29,14,14,14,14,14,7,7,26,21,6,6,0],"gold":125,"neow_bonus":"THREE_RARE_CARDS","is_prod":false,"is_daily":false,"chose_seed":false,"campfire_upgraded":3,"win_rate":0,"timestamp":1550157321,"path_taken":["M","M","$","M","M","R","?","R","T","?","?","R","M","E","R","BOSS"],"build_version":"2019-01-23","purchased_purges":1,"victory":false,"max_hp_per_floor":[66,66,66,66,66,66,66,66,66,66,66,66,66,66,66,66],"card_choices":[{"not_picked":["Die Die Die","Wraith Form v2"],"picked":"Corpse Explosion","floor":0},{"not_picked":["Dodge and Roll","Setup"],"picked":"Blade Dance","floor":1},{"not_picked":["All Out Attack","Flechettes"],"picked":"Acrobatics","floor":2},{"not_picked":["Acrobatics","Deflect","PiercingWail"],"picked":"SKIP","floor":4},{"not_picked":["Dash","Deadly Poison"],"picked":"Tactician","floor":5},{"not_picked":["Setup","Skewer","Bane"],"picked":"SKIP","floor":13},{"not_picked":["Flying Knee","Choke"],"picked":"Burst","floor":14}],"player_experience":755673,"relics_obtained":[{"floor":9,"key":"Happy Flower"},{"floor":14,"key":"Bronze Scales"}],"event_choices":[{"damage_healed":0,"gold_gain":0,"player_choice":"Ignored","damage_taken":0,"max_hp_gain":0,"max_hp_loss":0,"event_name":"Liars Game","floor":7,"gold_loss":0},{"cards_removed":["Strike_G"],"damage_healed":0,"gold_gain":0,"player_choice":"Card Removal","damage_taken":7,"max_hp_gain":0,"max_hp_loss":0,"event_name":"Golden Wing","floor":10,"gold_loss":0}],"is_beta":false,"boss_relics":[],"items_purged_floors":[3],"is_endless":false,"potions_floor_spawned":[4,5,13],"killed_by":"Slime Boss","ascension_level":15}