{"gold_per_floor":[119,119,135,135,147,147,147,147,174,174,207,132,149,49,49,120,120,138,13,13,28,42,42,42],"floor_reached":24,"playtime":1014,"items_purged":["Strike_G","Strike_G","Strike_G"],"score":388,"play_id":"329c3147-e230-4ac0-8966-b3d7db70638f","local_time":"20190211193413","is_ascension_mode":true,"campfire_choices":[{"data":"Deadly Poison","floor":6.0,"key":"SMITH"},{"data":"Neutralize","floor":8.0,"key":"SMITH"},{"data":"Wraith Form v2","floor":10.0,"key":"SMITH"},{"data":"1","floor":15.0,"key":"LIFT"},{"data":"2","floor":23,"key":"LIFT"}],"neow_cost":"NONE","seed_source_timestamp":24846773296305,"circlet_count":0,"master_deck":["AscendersBane","Defend_G","Defend_G","Defend_G","Defend_G","Defend_G","Strike_G","Strike_G","Survivor+1","Neutralize+1","Wraith Form v2+1","Dash","Escape Plan+1","Deadly Poison+1","Heel Hook"],"special_seed":0,"relics":["Ring of the Snake","Girya","Bag of Preparation","Blue Candle","Runic Pyramid"],"potions_floor_usage":[16,18,24],"damage_taken":[{"damage":3.0,"enemies":"2 Louse","floor":1.0,"turns":4.0},{"damage":0.0,"enemies":"Small Slimes","floor":3.0,"turns":4.0},{"damage":3.0,"enemies":"Cultist","floor":5.0,"turns":5.0},{"damage":14.0,"enemies":"Gremlin Nob","floor":11.0,"turns":6.0},{"damage":3.0,"enemies":"3 Louse","floor":13.0,"turns":4.0},{"damage":10,"enemies":"Hexaghost","floor":16,"turns":11},{"damage":0,"enemies":"2 Thieves","floor":18,"turns":5},{"damage":11,"enemies":"Colosseum Slavers","floor":20,"turns":8},{"damage":0,"enemies":"Shell Parasite","floor":21,"turns":5},{"damage":13,"enemies":"Shelled Parasite and Fungi","floor":22,"turns":10},{"damage":38,"enemies":"Slavers","floor":24,"turns":7}],"seed_played":"-4775155261953267372","potions_obtained":[{"floor":1.0,"key":"PowerPotion"},{"floor":3.0,"key":"FairyPotion"},{"floor":13.0,"key":"Energy Potion"},{"floor":18,"key":"SteroidPotion"}],"is_trial":false,"path_per_floor":["M","?","M","?","M","R","?","R","T","R","E","$","M","$","R","B",null,"M","$","?","M","M","R","E"],"character_chosen":"THE_SILENT","items_purchased":[],"campfire_rested":0,"item_purchase_floors":[],"current_hp_per_floor":[56,61,61,40,37,37,32,32,32,32,18,18,15,15,15,5,55,55,55,44,44,31,31,0],"gold":42,"neow_bonus":"ONE_RANDOM_RARE_CARD","is_prod":false,"is_daily":false,"chose_seed":false,"campfire_upgraded":3,"win_rate":0,"timestamp":1549884853,"path_taken":["M","?","M","?","M","R","?","R","T","R","E","$","M","$","R","BOSS","M","$","?","M","M","R","E"],"build_version":"2019-01-23","purchased_purges":3,"victory":false,"max_hp_per_floor":[66,71,71,71,71,71,71,71,71,71,71,71,71,71,71,71,71,71,71,71,71,71,71,71],"card_choices":[{"not_picked":["Accuracy","Cloak And Dagger"],"picked":"Dash","floor":1.0},{"not_picked":["Slice","Dagger Spray"],"picked":"Escape Plan","floor":3.0},{"not_picked":["Deflect","Underhanded Strike"],"picked":"Deadly Poison","floor":5.0},{"not_picked":["Quick Slash","Dagger Spray","Riddle With Holes"],"picked":"SKIP","floor":11.0},{"not_picked":["Outmaneuver","Backflip","Deflect"],"picked":"SKIP","floor":13.0},{"not_picked":["Dagger Spray","Dodge and Roll","Deflect"],"picked":"SKIP","floor":18},{"not_picked":["Well Laid Plans","Crippling Poison"],"picked":"Heel Hook","floor":21},{"not_picked":["Deadly Poison","Dagger Spray+1","Heel Hook"],"picked":"SKIP","floor":22}],"player_experience":2613390,"relics_obtained":[{"floor":9.0,"key":"Bag of Preparation"},{"floor":11.0,"key":"Blue Candle"}],"event_choices":[{"damage_healed":0.0,"max_hp_gain":5.0,"max_hp_loss":0.0,"gold_gain":0.0,"event_name":"Big Fish","player_choice":"Donut","floor":2.0,"gold_loss":0.0,"damage_taken":0.0},{"damage_healed":0.0,"max_hp_gain":0.0,"max_hp_loss":0.0,"gold_gain":0.0,"event_name":"Shining Light","player_choice":"Entered Light","floor":4.0,"gold_loss":0.0,"damage_taken":21.0,"cards_upgraded":["Survivor","Escape Plan"]},{"damage_healed":0.0,"max_hp_gain":0.0,"max_hp_loss":0.0,"gold_gain":0.0,"event_name":"Scrap Ooze","player_choice":"Success","floor":7.0,"gold_loss":0.0,"damage_taken":5.0,"relics_obtained":["Girya"]},{"damage_healed":0,"gold_gain":0,"player_choice":"Fight","damage_taken":0,"max_hp_gain":0,"max_hp_loss":0,"event_name":"Colosseum","floor":20,"gold_loss":0},{"damage_healed":0,"gold_gain":0,"player_choice":"Fled From Nobs","damage_taken":0,"max_hp_gain":0,"max_hp_loss":0,"event_name":"Colosseum","floor":20,"gold_loss":0}],"is_beta":false,"boss_relics":[{"not_picked":["HoveringKite","Lizard Tail"],"picked":"Runic Pyramid"}],"items_purged_floors":[12,14,19],"is_endless":false,"potions_floor_spawned":[1,3,13,18],"killed_by":"Slavers","ascension_level":20}