{"gold_per_floor":[113,33,43,53,53,53,67,67,137,137,137,11,40,40,40,40],"floor_reached":16,"playtime":306,"items_purged":["Strike_G"],"score":196,"play_id":"0a47e381-9ad5-4d1c-b209-70d80f060c8a","local_time":"20181228162811","is_ascension_mode":true,"campfire_choices":[{"data":"Flechettes","floor":6,"key":"SMITH"},{"data":"Neutralize","floor":8,"key":"SMITH"},{"data":"Well Laid Plans","floor":11,"key":"SMITH"},{"data":"Noxious Fumes","floor":15,"key":"SMITH"}],"neow_cost":"NONE","seed_source_timestamp":18310926067814,"circlet_count":0,"master_deck":["AscendersBane","Defend_G","Defend_G","Defend_G","Defend_G","Defend_G","Strike_G","Strike_G","Strike_G","Survivor","Neutralize+1","Well Laid Plans+1","Flechettes+1","Heel Hook","Acrobatics","Noxious Fumes+1"],"relics":["Ring of the Snake","NeowsBlessing","Snake Skull"],"potions_floor_usage":[13],"damage_taken":[{"damage":0,"enemies":"Cultist","floor":1,"turns":1},{"damage":0,"enemies":"Jaw Worm","floor":3,"turns":1},{"damage":0,"enemies":"Small Slimes","floor":4,"turns":1},{"damage":19,"enemies":"Gremlin Gang","floor":7,"turns":7},{"damage":19,"enemies":"3 Sentries","floor":13,"turns":14},{"damage":0,"enemies":"Slime Boss","floor":16,"turns":1}],"seed_played":"1027123077118701266","potions_obtained":[{"floor":4,"key":"Dexterity Potion"}],"is_trial":false,"path_per_floor":["M","$","M","M","$","R","M","R","T","?","R","$","E","?","R","B"],"character_chosen":"THE_SILENT","items_purchased":["Flechettes","Acrobatics"],"campfire_rested":0,"item_purchase_floors":[2,12],"current_hp_per_floor":[59,59,59,59,59,59,40,40,40,33,33,33,14,14,14,14],"gold":40,"neow_bonus":"THREE_ENEMY_KILL","is_prod":false,"is_daily":false,"chose_seed":false,"campfire_upgraded":4,"win_rate":0,"timestamp":1545985691,"path_taken":["M","$","?","M","$","R","M","R","T","?","R","$","E","?","R","BOSS"],"build_version":"2018-12-25","purchased_purges":1,"victory":false,"max_hp_per_floor":[66,66,66,66,66,66,66,66,66,66,66,66,66,66,66,66],"card_choices":[{"not_picked":["Bane","Dagger Throw"],"picked":"Well Laid Plans","floor":1},{"not_picked":["Sucker Punch","Noxious Fumes"],"picked":"Heel Hook","floor":3},{"not_picked":["Distraction","Deflect","Slice"],"picked":"SKIP","floor":4},{"not_picked":["Endless Agony","Distraction","Blade Dance"],"picked":"SKIP","floor":7},{"not_picked":["Endless Agony","Distraction","Blade Dance"],"picked":"SKIP","floor":7},{"not_picked":["Setup","Poisoned Stab"],"picked":"Noxious Fumes","floor":13}],"player_experience":1249007,"relics_obtained":[{"floor":13,"key":"Snake Skull"}],"event_choices":[{"cards_removed":["Strike_G"],"damage_healed":0,"gold_gain":0,"player_choice":"Card Removal","damage_taken":7,"max_hp_gain":0,"max_hp_loss":0,"event_name":"Golden Wing","floor":10,"gold_loss":0},{"damage_healed":0,"gold_gain":0,"player_choice":"Ignored","damage_taken":0,"max_hp_gain":0,"max_hp_loss":0,"event_name":"Upgrade Shrine","floor":14,"gold_loss":0}],"is_beta":true,"boss_relics":[],"items_purged_floors":[12],"is_endless":false,"potions_floor_spawned":[4],"killed_by":"Slime Boss","ascension_level":20}