{"path_per_floor":["M","?","M","$","?","R","M","?","T","R","M","R","M","M","R","B",null,"M","$","?","?","M","E","M","R","T","$","M","R","M","E","R","B",null,"M","?","?","$","M","E","M","R","T","M","M","M","T"],"character_chosen":"IRONCLAD","items_purchased":["Flex","Art of War"],"gold_per_floor":[113,113,129,32,32,32,48,48,48,48,67,67,77,91,91,196,196,214,60,60,60,80,105,125,125,125,25,36,36,50,82,82,184,184,203,203,0,0,15,49,69,69,69,82,101,117,117],"floor_reached":48,"campfire_rested":3,"playtime":2819,"current_hp_per_floor":[80,64,59,59,59,59,65,47,47,47,60,60,66,61,61,46,80,69,69,69,53,59,50,29,56,56,56,42,69,70,47,47,8,90,78,90,90,90,69,45,33,60,60,28,29,9,9],"items_purged":["Strike_R","Searing Blow"],"gold":117,"score":444,"play_id":"779e869a-5020-4da6-a4a4-0ccabd05800d","local_time":"20180305213409","is_prod":false,"is_daily":false,"is_ascension_mode":false,"campfire_upgraded":5,"timestamp":1520282049,"path_taken":["M","?","?","$","?","R","M","?","T","R","M","R","M","?","R","BOSS","M","$","?","?","?","E","M","R","T","$","M","R","M","E","R","BOSS","M","?","?","?","M","E","?","R","T","M","?","M","?","E"],"build_version":"2018-03-01-PROD1","purchased_purges":2,"victory":false,"master_deck":["Strike_R+1","Strike_R+1","Strike_R","Strike_R+1","Defend_R","Defend_R","Defend_R","Defend_R","Bash+1","Fiend Fire+1","Pummel+1","Limit Break+1","Flex+1","Whirlwind+1","Headbutt","Warcry+1","Berserk","Spot Weakness+1","Necronomicurse","Dual Wield+1","Heavy Blade","Flex+1","Cleave+1","Sever Soul+1","Double Tap+1","Writhe","Pommel Strike+1"],"max_hp_per_floor":[80,80,80,80,80,80,80,80,80,80,80,80,80,80,80,80,80,80,80,80,80,80,90,90,90,90,90,90,90,90,90,90,90,90,90,90,90,90,90,90,90,90,90,90,90,90,90],"relics":["Burning Blood","Toxic Egg 2","Ancient Tea Set","Runic Cube","Art of War","Necronomicon","Pear","Pen Nib","Sundial","Black Star","Red Mask","Whetstone","Bronze Scales","Charon\u0027s Ashes","Du-Vu Doll"],"card_choices":[{"not_picked":["Carnage","Infernal Blade"],"picked":"Pummel"},{"not_picked":["Twin Strike","Wild Strike"],"picked":"Limit Break"},{"not_picked":["Armaments","Wild Strike"],"picked":"Searing Blow"},{"not_picked":["Shockwave","Headbutt"],"picked":"Whirlwind"},{"not_picked":["Wild Strike","Iron Wave"],"picked":"Headbutt"},{"not_picked":["Headbutt","Clothesline"],"picked":"Warcry"},{"not_picked":["Double Tap","Dark Embrace"],"picked":"Berserk"},{"not_picked":["Uppercut","Inflame"],"picked":"Spot Weakness"},{"not_picked":["Pummel","Searing Blow"],"picked":"Dual Wield"},{"not_picked":["Fire Breathing","Wild Strike"],"picked":"Heavy Blade"},{"not_picked":["Corruption","Blood for Blood"],"picked":"Flex"},{"not_picked":["True Grit","Headbutt"],"picked":"Cleave"},{"not_picked":["Inflame","Immolate"],"picked":"Sever Soul"},{"not_picked":["Demon Form","Impervious"],"picked":"Double Tap"},{"not_picked":["Clothesline","True Grit"],"picked":"Pommel Strike"}],"player_experience":90963,"potions_floor_usage":[11,11,18,24,31,33,33,35,44,45,46,48],"damage_taken":[{"damage":0,"enemies":"Small Slimes","floor":1,"turns":3},{"damage":11,"enemies":"Jaw Worm","floor":3,"turns":2},{"damage":0,"enemies":"2 Louse","floor":7,"turns":3},{"damage":8,"enemies":"Gremlin Gang","floor":11,"turns":6},{"damage":0,"enemies":"3 Louse","floor":13,"turns":1},{"damage":11,"enemies":"Blue Slaver","floor":14,"turns":4},{"damage":21,"enemies":"The Guardian","floor":16,"turns":6},{"damage":17,"enemies":"Shell Parasite","floor":18,"turns":4},{"damage":0,"enemies":"Chosen","floor":22,"turns":3},{"damage":25,"enemies":"Book of Stabbing","floor":23,"turns":3},{"damage":27,"enemies":"Slaver and Parasite","floor":24,"turns":3},{"damage":20,"enemies":"Sentry and Sphere","floor":28,"turns":4},{"damage":5,"enemies":"Cultist and Chosen","floor":30,"turns":3},{"damage":32,"enemies":"Slavers","floor":31,"turns":2},{"damage":45,"enemies":"Collector","floor":33,"turns":4},{"damage":18,"enemies":"3 Darklings","floor":35,"turns":4},{"damage":27,"enemies":"3 Shapes","floor":39,"turns":1},{"damage":30,"enemies":"2 Orb Walkers","floor":40,"turns":3},{"damage":18,"enemies":"Maw","floor":41,"turns":6},{"damage":38,"enemies":"4 Shapes","floor":44,"turns":1},{"damage":5,"enemies":"Sphere and 2 Shapes","floor":45,"turns":7},{"damage":26,"enemies":"Maw","floor":46,"turns":5},{"damage":17,"enemies":"Giant Head","floor":48,"turns":4}],"event_choices":[{"event_name":"Shining Light","player_choice":"Entered Light","floor":2,"damage_taken":0},{"event_name":"The Cleric","player_choice":"Leave","floor":5,"damage_taken":0},{"event_name":"Scrap Ooze","player_choice":"success","floor":8,"damage_taken":18},{"event_name":"Beggar","player_choice":"Ignored","floor":20,"damage_taken":0},{"event_name":"Cursed Tome","player_choice":"Obtained Book","floor":21,"damage_taken":0},{"event_name":"Winding Halls","player_choice":"Writhe","floor":36,"damage_taken":0},{"event_name":"Tomb of Lord Red Mask","player_choice":"Paid","floor":37,"damage_taken":0}],"boss_relics":[{"not_picked":["Runic Dome","Ectoplasm"],"picked":"Runic Cube"},{"not_picked":["Cursed Key","Philosopher\u0027s Stone"],"picked":"Black Star"}],"potions_floor_spawned":[1,3,13,16,23,30,31,33,41,44,45,46],"seed_played":"-2105364625984640990","killed_by":"Giant Head","ascension_level":0,"is_trial":false}