{"gold_per_floor":[110,8,8,8,28,63,7,7,33,53,77,110,128,142,142,142],"floor_reached":16,"playtime":339,"items_purged":[],"score":274,"play_id":"726ab91b-8e74-411f-8469-6b0dd809f62e","local_time":"20190301210058","is_ascension_mode":true,"campfire_choices":[{"data":"Zap","floor":8,"key":"SMITH"},{"data":"Coolheaded","floor":15,"key":"SMITH"}],"neow_cost":"NONE","seed_source_timestamp":106205178500778,"circlet_count":0,"master_deck":["AscendersBane","Strike_B","Strike_B","Strike_B","Strike_B","Defend_B","Defend_B","Defend_B","Defend_B","Zap+1","Dualcast","Blizzard","Hologram","Self Repair","Skim","Loop","Ball Lightning","Cold Snap","Coolheaded+1","Conserve Battery","Heatsinks"],"relics":["Cracked Core","NeowsBlessing","Golden Idol","Sundial","Orichalcum","Mummified Hand"],"potions_floor_usage":[16,16],"damage_taken":[{"damage":0,"enemies":"Jaw Worm","floor":1,"turns":1},{"damage":0,"enemies":"2 Louse","floor":5,"turns":1},{"damage":0,"enemies":"3 Sentries","floor":6,"turns":1},{"damage":5,"enemies":"Cultist","floor":10,"turns":4},{"damage":2,"enemies":"Large Slime","floor":11,"turns":4},{"damage":59,"enemies":"Gremlin Nob","floor":12,"turns":5},{"damage":6,"enemies":"3 Louse","floor":13,"turns":2},{"damage":2,"enemies":"Looter","floor":14,"turns":4},{"damage":0,"enemies":"The Guardian","floor":16,"turns":2}],"seed_played":"-6436842499496935759","potions_obtained":[{"floor":5,"key":"SkillPotion"},{"floor":10,"key":"PowerPotion"}],"is_trial":false,"path_per_floor":["M","$","?","?","M","E","$","R","T","M","M","E","M","M","R","B"],"character_chosen":"DEFECT","items_purchased":["Hologram","Self Repair","Ball Lightning"],"campfire_rested":0,"item_purchase_floors":[2,2,7],"current_hp_per_floor":[64,64,69,69,69,69,69,69,69,69,69,17,11,9,9,9],"gold":142,"neow_bonus":"THREE_ENEMY_KILL","is_prod":false,"is_daily":false,"chose_seed":false,"campfire_upgraded":2,"win_rate":0,"timestamp":1551445258,"path_taken":["M","$","?","?","M","E","$","R","T","M","M","E","M","M","R","BOSS"],"build_version":"2019-01-23","purchased_purges":0,"victory":false,"max_hp_per_floor":[71,71,76,69,69,69,69,69,69,69,69,69,69,69,69,69],"card_choices":[{"not_picked":["Streamline","Fusion"],"picked":"Blizzard","floor":1},{"not_picked":["Beam Cell","Steam"],"picked":"Skim","floor":5},{"not_picked":["Chill","Scrape"],"picked":"Loop","floor":6},{"not_picked":["Rebound","Chaos"],"picked":"Cold Snap","floor":10},{"not_picked":["Steam","Rebound"],"picked":"Coolheaded","floor":11},{"not_picked":["Meteor Strike","Reprogram"],"picked":"Conserve Battery","floor":12},{"not_picked":["Leap","Stack"],"picked":"Heatsinks","floor":13},{"not_picked":["Darkness","Redo","Reprogram"],"picked":"SKIP","floor":14}],"player_experience":1057760,"relics_obtained":[{"floor":6,"key":"Sundial"},{"floor":9,"key":"Orichalcum"},{"floor":12,"key":"Mummified Hand"}],"event_choices":[{"damage_healed":0,"gold_gain":0,"player_choice":"Donut","damage_taken":0,"max_hp_gain":5,"max_hp_loss":0,"event_name":"Big Fish","floor":3,"gold_loss":0},{"damage_healed":0,"gold_gain":0,"player_choice":"Lose Max HP","damage_taken":0,"relics_obtained":["Golden Idol"],"max_hp_gain":0,"max_hp_loss":7,"event_name":"Golden Idol","floor":4,"gold_loss":0}],"is_beta":false,"boss_relics":[],"items_purged_floors":[],"is_endless":false,"potions_floor_spawned":[5,10,12,13,14],"killed_by":"The Guardian","ascension_level":20}