{"gold_per_floor":[111,122,272,147,147,173,186,220,220,240,250,280,291,319,319,391,391,409,334,334,7,25,25,52,52,52,85,85,85,102,120,120,193,193,205,205,205,205,80,80,107,127,198,198,213,241,256,268,268,268,268,268,268,78,107,107],"floor_reached":57,"playtime":3262,"items_purged":["Doubt","Writhe","Strike_B+1"],"score":3135,"play_id":"a7479286-ac0c-41be-8cfd-4ba85222336f","local_time":"20190322141207","is_ascension_mode":true,"campfire_choices":[{"data":"Biased Cognition","floor":15.0,"key":"SMITH"},{"data":"Buffer","floor":23.0,"key":"SMITH"},{"data":"Coolheaded","floor":25.0,"key":"SMITH"},{"data":"Hologram","floor":28.0,"key":"SMITH"},{"data":"Dualcast","floor":32.0,"key":"SMITH"},{"floor":40.0,"key":"RECALL"},{"data":"White Noise","floor":44.0,"key":"SMITH"},{"data":"Transmutation","floor":49.0,"key":"SMITH"}],"neow_cost":"NONE","seed_source_timestamp":14396217043831,"circlet_count":0,"master_deck":["AscendersBane","Strike_B+1","Strike_B+1","Defend_B+1","Defend_B+1","Defend_B+1","Defend_B+1","Zap+1","Dualcast+1","Gash+1","Hologram+1","Gash+1","Electrodynamics+1","Biased Cognition+1","Coolheaded+1","Cold Snap+1","Auto Shields+1","Buffer+1","Seek+1","White Noise+1","Battle Trance+1","Echo Form+1","Glacier+1","Headbutt+1","Juggernaut+1","White Noise+1","Cloak And Dagger+1","Transmutation+1","Magnetism","Shockwave+1"],"special_seed":0,"relics":["Cracked Core","NeowsBlessing","Strawberry","Bottled Lightning","Ornamental Fan","Mummified Hand","Ancient Tea Set","Coffee Dripper","Shuriken","PrismaticShard","StoneCalendar","Matryoshka","Sozu","Mark of the Bloom","Molten Egg 2","Symbiotic Virus","Meat on the Bone","Pear","Letter Opener"],"potions_floor_usage":[56,56],"damage_taken":[{"damage":0.0,"enemies":"Cultist","floor":1.0,"turns":1.0},{"damage":0.0,"enemies":"2 Louse","floor":2.0,"turns":1.0},{"damage":0.0,"enemies":"Gremlin Nob","floor":6.0,"turns":1.0},{"damage":0.0,"enemies":"Jaw Worm","floor":7.0,"turns":3.0},{"damage":10.0,"enemies":"3 Sentries","floor":8.0,"turns":2.0},{"damage":0.0,"enemies":"Exordium Wildlife","floor":10.0,"turns":3.0},{"damage":1.0,"enemies":"Blue Slaver","floor":11.0,"turns":4.0},{"damage":23.0,"enemies":"Gremlin Nob","floor":12.0,"turns":4.0},{"damage":7.0,"enemies":"2 Fungi Beasts","floor":13.0,"turns":3.0},{"damage":15.0,"enemies":"Lagavulin","floor":14.0,"turns":7.0},{"damage":9.0,"enemies":"The Guardian","floor":16.0,"turns":13.0},{"damage":0.0,"enemies":"Chosen","floor":18.0,"turns":7.0},{"damage":0.0,"enemies":"3 Byrds","floor":22.0,"turns":3.0},{"damage":0.0,"enemies":"Gremlin Leader","floor":24.0,"turns":6.0},{"damage":23.0,"enemies":"Slavers","floor":27.0,"turns":4.0},{"damage":0.0,"enemies":"Shelled Parasite and Fungi","floor":30.0,"turns":4.0},{"damage":0.0,"enemies":"Centurion and Healer","floor":31.0,"turns":5.0},{"damage":0.0,"enemies":"Collector","floor":33.0,"turns":7.0},{"damage":4.0,"enemies":"Orb Walker","floor":35.0,"turns":3.0},{"damage":0.0,"enemies":"Giant Head","floor":41.0,"turns":7.0},{"damage":0.0,"enemies":"3 Darklings","floor":42.0,"turns":1.0},{"damage":0.0,"enemies":"Sphere and 2 Shapes","floor":45.0,"turns":3.0},{"damage":0.0,"enemies":"Reptomancer","floor":46.0,"turns":4.0},{"damage":0.0,"enemies":"Transient","floor":47.0,"turns":6.0},{"damage":0.0,"enemies":"Jaw Worm Horde","floor":48.0,"turns":3.0},{"damage":0.0,"enemies":"Awakened One","floor":50.0,"turns":9.0},{"damage":12.0,"enemies":"Time Eater","floor":51.0,"turns":8.0},{"damage":0.0,"enemies":"Shield and Spear","floor":55.0,"turns":5.0},{"damage":37,"enemies":"The Heart","floor":56,"turns":9}],"seed_played":"1950599129184446667","potions_obtained":[{"floor":2.0,"key":"Dexterity Potion"},{"floor":7.0,"key":"Weak Potion"},{"floor":13.0,"key":"FearPotion"},{"floor":16.0,"key":"AttackPotion"},{"floor":18.0,"key":"Weak Potion"},{"floor":30.0,"key":"FocusPotion"}],"is_trial":false,"path_per_floor":["M","M","?","$","?","E","M","E","T","M","M","E","M","E","R","B",null,"M","?","?","$","M","R","E","R","T","E","R","$","M","M","R","B",null,"M","?","?","?","$","R","E","M","T","R","M","E","M","M","R","B","B",null,"R","$","E","B",null],"character_chosen":"DEFECT","items_purchased":["Gash","PrismaticShard","Magnetism"],"campfire_rested":0,"item_purchase_floors":[4,21,54],"current_hp_per_floor":[64,64,64,64,64,71,71,61,61,61,60,37,30,15,15,6,60,60,60,60,60,60,60,60,60,60,37,37,37,37,37,37,37,68,64,64,64,64,64,64,64,64,64,64,64,64,64,64,64,64,52,52,52,52,52,15],"gold":107,"neow_bonus":"THREE_ENEMY_KILL","is_prod":false,"is_daily":false,"chose_seed":false,"campfire_upgraded":7,"win_rate":0,"timestamp":1553235127,"path_taken":["M","?","?","$","?","E","M","E","T","?","M","E","M","E","R","BOSS","M","?","?","$","M","R","E","R","T","E","R","?","?","M","R","BOSS","M","?","?","?","$","R","E","M","T","R","M","E","M","M","R","BOSS","BOSS","R","$","E","BOSS"],"build_version":"2019-01-23","purchased_purges":3,"victory":true,"max_hp_per_floor":[71,71,71,71,71,78,78,78,78,78,78,78,78,78,78,78,78,78,78,78,78,78,78,78,78,78,78,78,78,78,78,78,78,78,78,78,78,74,74,74,74,74,74,74,74,84,84,84,84,84,84,84,84,84,84,84],"card_choices":[{"not_picked":["Sweeping Beam","Beam Cell"],"picked":"Gash","floor":1.0},{"not_picked":["Rebound","Sweeping Beam"],"picked":"Hologram","floor":2.0},{"not_picked":["Coolheaded","Ball Lightning"],"picked":"Biased Cognition","floor":6.0},{"not_picked":["Rip and Tear","Redo"],"picked":"Coolheaded","floor":7.0},{"not_picked":["Conserve Battery","Steam","Stack"],"picked":"SKIP","floor":8.0},{"not_picked":["Steam","Streamline","Barrage"],"picked":"SKIP","floor":10.0},{"not_picked":["Scrape","Steam"],"picked":"Cold Snap","floor":11.0},{"not_picked":["Rip and Tear","Conserve Battery"],"picked":"Auto Shields","floor":12.0},{"not_picked":["Compile Driver","Go for the Eyes","Sweeping Beam"],"picked":"SKIP","floor":13.0},{"not_picked":["Rebound","Defragment"],"picked":"Buffer","floor":14.0},{"not_picked":["Rainbow","Machine Learning"],"picked":"Seek","floor":16.0},{"not_picked":["Go for the Eyes","Leap"],"picked":"White Noise","floor":18.0},{"not_picked":["All Out Attack","Cold Snap"],"picked":"Battle Trance","floor":22.0},{"not_picked":["Pommel Strike","Combust"],"picked":"Echo Form","floor":24.0},{"not_picked":["Rebound+1","Steam","Skewer"],"picked":"SKIP","floor":27.0},{"not_picked":["Armaments","Perfected Strike"],"picked":"Glacier","floor":30.0},{"not_picked":["Backflip","Perfected Strike"],"picked":"Headbutt","floor":31.0},{"not_picked":["Offering","Unload"],"picked":"Juggernaut","floor":33.0},{"not_picked":["Cold Snap","Tactician+1","Terror"],"picked":"SKIP","floor":35.0},{"not_picked":["Ball Lightning","PanicButton"],"picked":"White Noise","floor":41.0},{"not_picked":["Bane+1","Quick Slash+1","Anger+1"],"picked":"SKIP","floor":42.0},{"not_picked":["Riddle With Holes+1","Outmaneuver"],"picked":"Cloak And Dagger+1","floor":45.0},{"not_picked":["Cloak And Dagger","Finesse"],"picked":"Transmutation","floor":46.0},{"not_picked":["Conserve Battery","Gash+1","Dropkick+1"],"picked":"SKIP","floor":47.0},{"not_picked":["Melter+1","Dagger Throw+1","Choke+1"],"picked":"SKIP","floor":48.0},{"not_picked":["Carnage+1","Outmaneuver"],"picked":"Shockwave+1","floor":55.0}],"player_experience":3796656,"relics_obtained":[{"floor":6.0,"key":"Strawberry"},{"floor":8.0,"key":"Bottled Lightning"},{"floor":9.0,"key":"Ornamental Fan"},{"floor":12.0,"key":"Mummified Hand"},{"floor":14.0,"key":"Ancient Tea Set"},{"floor":24.0,"key":"StoneCalendar"},{"floor":27.0,"key":"Matryoshka"},{"floor":41.0,"key":"Molten Egg 2"},{"floor":43.0,"key":"Symbiotic Virus"},{"floor":43.0,"key":"Meat on the Bone"},{"floor":46.0,"key":"Pear"},{"floor":55.0,"key":"Letter Opener"}],"event_choices":[{"damage_healed":0.0,"max_hp_gain":0.0,"max_hp_loss":0.0,"gold_gain":150.0,"event_name":"Liars Game","player_choice":"AGREE","floor":3.0,"gold_loss":0.0,"damage_taken":0.0,"cards_obtained":["Doubt"]},{"damage_healed":0.0,"max_hp_gain":0.0,"max_hp_loss":0.0,"gold_gain":0.0,"event_name":"Match and Keep!","player_choice":"1 cards matched","floor":5.0,"gold_loss":0.0,"damage_taken":0.0,"cards_obtained":["Electrodynamics"]},{"cards_removed":["Strike_B"],"damage_healed":0.0,"max_hp_gain":0.0,"max_hp_loss":0.0,"gold_gain":0.0,"event_name":"Beggar","player_choice":"Gave Gold","floor":19.0,"gold_loss":75.0,"damage_taken":0.0},{"damage_healed":0.0,"max_hp_gain":0.0,"max_hp_loss":0.0,"gold_gain":0.0,"event_name":"The Mausoleum","player_choice":"Opened","floor":20.0,"gold_loss":0.0,"damage_taken":0.0,"relics_obtained":["Shuriken"],"cards_obtained":["Writhe"]},{"damage_healed":0.0,"max_hp_gain":0.0,"max_hp_loss":0.0,"gold_gain":0.0,"event_name":"MindBloom","player_choice":"Upgrade","floor":36.0,"gold_loss":0.0,"damage_taken":0.0,"cards_upgraded":["Strike_B","Strike_B","Strike_B","Defend_B","Defend_B","Defend_B","Defend_B","Zap","Gash","Gash","Electrodynamics","Cold Snap","Auto Shields","Seek","White Noise","Battle Trance","Echo Form","Glacier","Headbutt","Juggernaut"],"relics_obtained":["Mark of the Bloom"]},{"damage_healed":0.0,"max_hp_gain":0.0,"max_hp_loss":0.0,"gold_gain":0.0,"event_name":"Tomb of Lord Red Mask","player_choice":"Ignored","floor":37.0,"gold_loss":0.0,"damage_taken":0.0},{"damage_healed":0.0,"max_hp_gain":0.0,"max_hp_loss":4.0,"gold_gain":0.0,"event_name":"Winding Halls","player_choice":"Max HP","floor":38.0,"gold_loss":0.0,"damage_taken":0.0}],"is_beta":false,"boss_relics":[{"not_picked":["Inserter","Cursed Key"],"picked":"Coffee Dripper"},{"not_picked":["White Beast Statue","Tiny House"],"picked":"Sozu"}],"items_purged_floors":[4,21,39],"is_endless":false,"potions_floor_spawned":[2,7,11,13,16,18,30,35,42,48],"ascension_level":20}