{"gold_per_floor":[112,112,112,37,49,78,93,121,145,145,178,188,198,213,213,213],"floor_reached":16,"playtime":480,"items_purged":["Strike_B"],"score":294,"play_id":"d4920fa0-860c-48b7-9f69-bb34156e91db","local_time":"20181012164551","is_ascension_mode":true,"campfire_choices":[{"data":"Zap","floor":10,"key":"SMITH"},{"data":"Rainbow","floor":15,"key":"SMITH"}],"neow_cost":"NONE","seed_source_timestamp":147509830456747,"circlet_count":0,"master_deck":["Strike_B+1","Strike_B","Strike_B+1","Defend_B","Defend_B","Defend_B","Defend_B","Zap+1","Dualcast","AscendersBane","Self Repair","Go for the Eyes","Defragment","Sweeping Beam","Chill","Rainbow+1","Loop","Conserve Battery","Compile Driver"],"relics":["Cracked Core","NeowsBlessing","Boot","Oddly Smooth Stone","Dream Catcher","Anchor","Ancient Tea Set"],"potions_floor_usage":[8,13],"damage_taken":[{"damage":0,"enemies":"Small Slimes","floor":1,"turns":1},{"damage":0,"enemies":"2 Louse","floor":5,"turns":1},{"damage":0,"enemies":"3 Sentries","floor":6,"turns":2},{"damage":3,"enemies":"Jaw Worm","floor":7,"turns":3},{"damage":11,"enemies":"Lagavulin","floor":8,"turns":7},{"damage":5,"enemies":"3 Sentries","floor":11,"turns":7},{"damage":0,"enemies":"Exordium Thugs","floor":12,"turns":5},{"damage":0,"enemies":"Red Slaver","floor":13,"turns":3},{"damage":2,"enemies":"Looter","floor":14,"turns":3},{"damage":57,"enemies":"Hexaghost","floor":16,"turns":9}],"seed_played":"-6463234390590016351","potions_obtained":[{"floor":1,"key":"Energy Potion"},{"floor":5,"key":"SmokeBomb"},{"floor":11,"key":"Fire Potion"}],"is_trial":false,"path_per_floor":["M","?","?","$","M","E","M","E","T","R","E","M","M","M","R"],"character_chosen":"DEFECT","items_purchased":[],"campfire_rested":0,"item_purchase_floors":[],"current_hp_per_floor":[64,46,25,25,25,32,36,32,32,32,34,41,48,53,53,0],"gold":213,"neow_bonus":"THREE_ENEMY_KILL","is_prod":false,"is_daily":false,"chose_seed":false,"campfire_upgraded":2,"win_rate":0,"timestamp":1539333951,"path_taken":["M","?","?","?","?","E","M","E","T","R","E","M","M","M","R","BOSS"],"build_version":"2018-10-11","purchased_purges":1,"victory":false,"max_hp_per_floor":[71,71,71,71,71,71,71,71,71,71,71,71,71,71,71,71],"card_choices":[{"not_picked":["Static Discharge","Leap"],"picked":"Self Repair","floor":1},{"not_picked":["Stack","Coolheaded"],"picked":"Go for the Eyes","floor":5},{"not_picked":["Fusion","Auto Shields"],"picked":"Defragment","floor":6},{"not_picked":["Aggregate","Coolheaded"],"picked":"Sweeping Beam","floor":7},{"not_picked":["Rip and Tear","Thunder Strike"],"picked":"Chill","floor":8},{"not_picked":["Streamline","Reinforced Body"],"picked":"Rainbow","floor":11},{"not_picked":["Coolheaded","Cold Snap"],"picked":"Loop","floor":12},{"not_picked":["Barrage","Go for the Eyes"],"picked":"Conserve Battery","floor":13},{"not_picked":["Go for the Eyes","Coolheaded"],"picked":"Compile Driver","floor":14}],"player_experience":313720,"relics_obtained":[{"floor":6,"key":"Oddly Smooth Stone"},{"floor":8,"key":"Dream Catcher"},{"floor":9,"key":"Anchor"},{"floor":11,"key":"Ancient Tea Set"}],"event_choices":[{"event_name":"Scrap Ooze","player_choice":"success","floor":2,"damage_taken":18},{"event_name":"Shining Light","player_choice":"Entered Light","floor":3,"damage_taken":0}],"is_beta":false,"boss_relics":[],"items_purged_floors":[4],"is_endless":false,"potions_floor_spawned":[1,5,11,12],"killed_by":"Hexaghost","ascension_level":20}