{"gold_per_floor":[15,15,34,44,44,69,69,99,167,179,203,234,246,290,302,314],"floor_reached":16,"playtime":463,"items_purged":[],"score":240,"play_id":"8e2b8bdd-314f-4195-9702-72565393489a","local_time":"20190528010740","is_ascension_mode":true,"campfire_choices":[{"data":"Demon Form","floor":7.0,"key":"SMITH"},{"data":"Spot Weakness","floor":10.0,"key":"SMITH"},{"data":"Uppercut","floor":15.0,"key":"SMITH"}],"neow_cost":"NO_GOLD","seed_source_timestamp":128238909393190,"circlet_count":0,"master_deck":["AscendersBane","Strike_R","Strike_R","Defend_R","Defend_R","Defend_R+1","Defend_R","Anger","Impervious","Spot Weakness+1","Demon Form+1","Second Wind+1","Uppercut+1","Offering"],"special_seed":0,"relics":["Burning Blood","Regal Pillow","MawBank","Tiny Chest","War Paint"],"potions_floor_usage":[],"damage_taken":[{"damage":4.0,"enemies":"Jaw Worm","floor":1.0,"turns":4.0},{"damage":1.0,"enemies":"Cultist","floor":3.0,"turns":3.0},{"damage":9.0,"enemies":"2 Louse","floor":4.0,"turns":4.0},{"damage":36.0,"enemies":"Gremlin Nob","floor":6.0,"turns":4.0},{"damage":20.0,"enemies":"Lagavulin","floor":8.0,"turns":7.0},{"damage":25.0,"enemies":"Lots of Slimes","floor":11.0,"turns":7.0},{"damage":1.0,"enemies":"Looter","floor":12.0,"turns":4.0},{"damage":8.0,"enemies":"Gremlin Nob","floor":14.0,"turns":4.0},{"damage":6,"enemies":"Hexaghost","floor":16,"turns":3}],"seed_played":"-5306833997954635419","potions_obtained":[{"floor":3.0,"key":"Fruit Juice"},{"floor":4.0,"key":"Energy Potion"},{"floor":12.0,"key":"PowerPotion"}],"is_trial":false,"path_per_floor":["M","?","M","M","?","E","R","E","T","R","M","M","?","E","R","B"],"character_chosen":"IRONCLAD","items_purchased":[],"campfire_rested":0,"item_purchase_floors":[],"current_hp_per_floor":[70,70,80,77,77,47,47,33,33,33,14,19,12,10,10,4],"gold":314,"neow_bonus":"TRANSFORM_TWO_CARDS","is_prod":false,"is_daily":false,"chose_seed":false,"campfire_upgraded":3,"win_rate":0,"timestamp":1558976860,"path_taken":["M","?","M","?","?","E","R","E","T","R","?","M","?","E","R","BOSS"],"build_version":"2019-01-23","purchased_purges":0,"victory":false,"max_hp_per_floor":[75,75,80,80,80,80,80,80,80,80,80,80,80,80,80,80],"card_choices":[{"not_picked":["Thunderclap","Clothesline"],"picked":"Spot Weakness","floor":1.0},{"not_picked":["Havoc","Pommel Strike","Thunderclap"],"picked":"SKIP","floor":3.0},{"not_picked":["Rage","Twin Strike","Cleave"],"picked":"SKIP","floor":4.0},{"not_picked":["Flex","Havoc","Clothesline"],"picked":"SKIP","floor":6.0},{"not_picked":["Dropkick","Clash","Reckless Charge"],"picked":"SKIP","floor":8.0},{"not_picked":["Warcry","Wild Strike"],"picked":"Second Wind","floor":11.0},{"not_picked":["Clash","Sever Soul"],"picked":"Uppercut","floor":12.0},{"not_picked":["Clash","Burning Pact"],"picked":"Offering","floor":14.0}],"player_experience":4886523,"relics_obtained":[{"floor":6.0,"key":"Regal Pillow"},{"floor":8.0,"key":"MawBank"},{"floor":9.0,"key":"Tiny Chest"},{"floor":14.0,"key":"War Paint"}],"event_choices":[{"damage_healed":0.0,"max_hp_gain":0.0,"max_hp_loss":0.0,"gold_gain":0.0,"event_name":"Match and Keep!","player_choice":"1 cards matched","floor":2.0,"gold_loss":0.0,"damage_taken":0.0,"cards_obtained":["Demon Form"]},{"cards_removed":["Strike_R"],"damage_healed":0.0,"max_hp_gain":0.0,"max_hp_loss":0.0,"gold_gain":0.0,"event_name":"Bonfire Elementals","player_choice":"Offered Basic","floor":5.0,"gold_loss":0.0,"damage_taken":0.0},{"cards_removed":["Bash"],"damage_healed":0.0,"max_hp_gain":0.0,"max_hp_loss":0.0,"gold_gain":0.0,"event_name":"Golden Wing","player_choice":"Card Removal","floor":13.0,"gold_loss":0.0,"damage_taken":7.0}],"is_beta":false,"boss_relics":[],"items_purged_floors":[],"is_endless":false,"potions_floor_spawned":[3,4,12],"killed_by":"Hexaghost","ascension_level":20}