{"gold_per_floor":[20,37,37,50,50,50,67,67,67,98,114,141,141,27,27,104,104,114,14,14,28,28,28,59,59,59,77,77,92,92,121,121,200,200,214,214,214,214,228,228,103,117,117,117,133,183,33,51,51,51,51],"floor_reached":52,"playtime":3029,"items_purged":["Strike_B","Strike_B","Defend_B","Defend_B+1"],"score":1906,"play_id":"2e192314-794b-49a9-a8a9-424a6112a7cc","local_time":"20190120141123","is_ascension_mode":true,"campfire_choices":[{"data":"Lockon","floor":6.0,"key":"SMITH"},{"data":"Dualcast","floor":8.0,"key":"SMITH"},{"data":"Coolheaded","floor":13.0,"key":"SMITH"},{"data":"Recycle","floor":15.0,"key":"SMITH"},{"data":"Hologram","floor":23.0,"key":"SMITH"},{"data":"Scrape","floor":25.0,"key":"SMITH"},{"data":"Seek","floor":28.0,"key":"SMITH"},{"data":"Gash","floor":32.0,"key":"SMITH"},{"data":"Impatience","floor":40,"key":"SMITH"},{"data":"Gash","floor":49,"key":"SMITH"}],"neow_cost":"NO_GOLD","seed_source_timestamp":14682797936585,"circlet_count":0,"master_deck":["AscendersBane","Zap+1","Dualcast+1","Cold Snap+1","Lockon+1","Hologram+1","Seek+1","Gash+1","Coolheaded+1","Gash+1","Recycle+1","Core Surge+1","Gash+1","Scrape+1","Fission+1","Deep Breath+1","Madness+1","Impatience+1","Gash+1","Gash+1"],"special_seed":0,"relics":["Cracked Core","Kunai","Bottled Lightning","Pen Nib","White Beast Statue","Bronze Scales","Omamori","Bag of Marbles","Red Mask","Coffee Dripper","DataDisk","Mark of the Bloom","Gambling Chip"],"potions_floor_usage":[50,51],"damage_taken":[{"damage":0.0,"enemies":"Jaw Worm","floor":1.0,"turns":3.0},{"damage":1.0,"enemies":"Small Slimes","floor":2.0,"turns":3.0},{"damage":0.0,"enemies":"Cultist","floor":4.0,"turns":3.0},{"damage":9.0,"enemies":"Lots of Slimes","floor":7.0,"turns":5.0},{"damage":32.0,"enemies":"Gremlin Nob","floor":10.0,"turns":4.0},{"damage":0.0,"enemies":"Red Slaver","floor":11.0,"turns":3.0},{"damage":18.0,"enemies":"3 Sentries","floor":12.0,"turns":6.0},{"damage":0.0,"enemies":"Hexaghost","floor":16.0,"turns":8.0},{"damage":0.0,"enemies":"2 Thieves","floor":18.0,"turns":4.0},{"damage":0.0,"enemies":"Chosen","floor":21.0,"turns":3.0},{"damage":0.0,"enemies":"Gremlin Leader","floor":24.0,"turns":5.0},{"damage":0.0,"enemies":"Snecko","floor":27.0,"turns":2.0},{"damage":7.0,"enemies":"Snake Plant","floor":29.0,"turns":3.0},{"damage":0.0,"enemies":"Masked Bandits","floor":31.0,"turns":2.0},{"damage":13.0,"enemies":"Automaton","floor":33.0,"turns":5.0},{"damage":0,"enemies":"3 Shapes","floor":35,"turns":7},{"damage":0,"enemies":"Orb Walker","floor":39,"turns":2},{"damage":6,"enemies":"Writhing Mass","floor":42,"turns":2},{"damage":0,"enemies":"Maw","floor":45,"turns":3},{"damage":0,"enemies":"2 Orb Walkers","floor":46,"turns":1},{"damage":0,"enemies":"3 Darklings","floor":48,"turns":1},{"damage":6,"enemies":"Donu and Deca","floor":50,"turns":3},{"damage":33,"enemies":"Time Eater","floor":51,"turns":3}],"seed_played":"6704716223660554080","potions_obtained":[{"floor":2.0,"key":"FearPotion"},{"floor":10.0,"key":"AttackPotion"},{"floor":12.0,"key":"Strength Potion"},{"floor":16.0,"key":"SkillPotion"},{"floor":18.0,"key":"SkillPotion"},{"floor":21.0,"key":"PowerPotion"},{"floor":24.0,"key":"Swift Potion"},{"floor":27.0,"key":"Weak Potion"},{"floor":29.0,"key":"Weak Potion"},{"floor":33.0,"key":"AttackPotion"}],"is_trial":false,"path_per_floor":["M","M","?","M","?","R","M","R","T","E","M","E","R","$","R","B",null,"M","$","?","M","$","R","E","R","T","M","R","M","?","?","R","B",null,"M","?","?","?","M","R","$","M","T","?","M","?","$","M","R","B","B",null],"character_chosen":"DEFECT","items_purchased":["Recycle"],"campfire_rested":0,"item_purchase_floors":[14],"current_hp_per_floor":[64,63,63,63,63,63,54,54,54,22,22,4,4,4,4,4,54,54,54,54,54,54,54,54,54,54,54,54,47,47,47,47,34,62,62,52,66,66,66,66,66,60,60,60,60,60,60,60,60,54,21],"gold":51,"neow_bonus":"TRANSFORM_TWO_CARDS","is_prod":false,"is_daily":false,"chose_seed":false,"campfire_upgraded":10,"win_rate":0,"timestamp":1547964683,"path_taken":["M","M","?","M","?","R","M","R","T","E","?","E","R","$","R","BOSS","M","$","?","?","?","R","E","R","T","M","R","M","?","?","R","BOSS","M","?","?","?","M","R","$","M","T","?","M","?","$","M","R","BOSS","BOSS"],"build_version":"2019-01-17v2","purchased_purges":4,"victory":true,"max_hp_per_floor":[71,71,71,71,71,71,71,71,71,71,71,71,71,71,71,71,71,71,71,71,71,71,71,71,71,71,71,71,71,71,71,71,71,71,71,71,71,71,71,71,71,71,71,71,71,71,71,71,71,71,71],"card_choices":[{"not_picked":["Static Discharge","Rebound"],"picked":"Hologram","floor":1.0},{"not_picked":["Leap","Aggregate","Cold Snap"],"picked":"SKIP","floor":2.0},{"not_picked":["Barrage","Stack","Steam Power"],"picked":"SKIP","floor":4.0},{"not_picked":["Stack","Capacitor"],"picked":"Gash","floor":7.0},{"not_picked":["Turbo","Stack","Hello World"],"picked":"SKIP","floor":10.0},{"not_picked":["FTL","Redo"],"picked":"Coolheaded","floor":11.0},{"not_picked":["Rebound","Fusion"],"picked":"Gash","floor":12.0},{"not_picked":["Amplify","Echo Form"],"picked":"Core Surge","floor":16.0},{"not_picked":["Glacier","Leap"],"picked":"Hologram","floor":18.0},{"not_picked":["Auto Shields","Redo","Sweeping Beam"],"picked":"SKIP","floor":21.0},{"not_picked":["Auto Shields","Redo","Sweeping Beam"],"picked":"SKIP","floor":21.0},{"not_picked":["FTL","Beam Cell"],"picked":"Scrape","floor":24.0},{"not_picked":["Darkness","Compile Driver+1","White Noise"],"picked":"SKIP","floor":27.0},{"not_picked":["Compile Driver","Conserve Battery","Sweeping Beam"],"picked":"SKIP","floor":29.0},{"not_picked":["Electrodynamics","Meteor Strike"],"picked":"Fission","floor":33.0},{"not_picked":["Beam Cell","Loop","Self Repair"],"picked":"SKIP","floor":35},{"not_picked":["Blind","Trip"],"picked":"Deep Breath","floor":36},{"not_picked":["Bandage Up","Jack Of All Trades"],"picked":"Madness","floor":36},{"not_picked":["Flash of Steel","Secret Technique"],"picked":"Impatience","floor":36},{"not_picked":["Darkness","Fusion","BootSequence"],"picked":"SKIP","floor":39},{"not_picked":["Sweeping Beam","Coolheaded"],"picked":"Gash+1","floor":42},{"not_picked":["Cold Snap","Undo"],"picked":"Gash","floor":45},{"not_picked":["Stack+1","Rebound","Hologram"],"picked":"SKIP","floor":48}],"player_experience":2063963,"relics_obtained":[{"floor":9.0,"key":"Kunai"},{"floor":10.0,"key":"Bottled Lightning"},{"floor":12.0,"key":"Pen Nib"},{"floor":24.0,"key":"Bronze Scales"},{"floor":26.0,"key":"Omamori"},{"floor":31.0,"key":"Red Mask"},{"floor":43,"key":"DataDisk"},{"floor":46,"key":"Gambling Chip"}],"event_choices":[{"damage_healed":0.0,"max_hp_gain":0.0,"max_hp_loss":0.0,"gold_gain":0.0,"cards_transformed":["Strike_B"],"event_name":"Living Wall","player_choice":"Change","floor":3.0,"gold_loss":0.0,"damage_taken":0.0,"cards_obtained":["Seek"]},{"damage_healed":0.0,"max_hp_gain":0.0,"max_hp_loss":0.0,"gold_gain":0.0,"event_name":"Upgrade Shrine","player_choice":"Upgraded","floor":5.0,"gold_loss":0.0,"damage_taken":0.0,"cards_upgraded":["Hologram"]},{"damage_healed":0.0,"max_hp_gain":0.0,"max_hp_loss":0.0,"gold_gain":0.0,"cards_transformed":["Defend_B"],"event_name":"Transmorgrifier","player_choice":"Transformed","floor":20.0,"gold_loss":0.0,"damage_taken":0.0,"cards_obtained":["Gash"]},{"damage_healed":0.0,"max_hp_gain":0.0,"max_hp_loss":0.0,"gold_gain":0.0,"event_name":"The Mausoleum","player_choice":"Opened","floor":30.0,"gold_loss":0.0,"damage_taken":0.0,"relics_obtained":["Bag of Marbles"],"cards_obtained":["Writhe"]},{"damage_healed":0.0,"max_hp_gain":0.0,"max_hp_loss":0.0,"gold_gain":0.0,"event_name":"Masked Bandits","player_choice":"Fought Bandits","floor":31.0,"gold_loss":0.0,"damage_taken":0.0},{"damage_healed":0,"gold_gain":0,"player_choice":"Memory 3","damage_taken":10,"max_hp_gain":0,"max_hp_loss":0,"event_name":"SensoryStone","floor":36,"gold_loss":0},{"damage_healed":14,"gold_gain":0,"player_choice":"Writhe","damage_taken":0,"max_hp_gain":0,"max_hp_loss":0,"event_name":"Winding Halls","floor":37,"gold_loss":0,"cards_obtained":["Writhe"]},{"cards_removed":["Hologram"],"damage_healed":0,"gold_gain":0,"player_choice":"Removed Skill","damage_taken":0,"max_hp_gain":0,"max_hp_loss":0,"event_name":"Falling","floor":38,"gold_loss":0},{"damage_healed":0,"gold_gain":0,"player_choice":"Upgrade","damage_taken":0,"relics_obtained":["Mark of the Bloom"],"max_hp_gain":0,"max_hp_loss":0,"event_name":"MindBloom","floor":44,"gold_loss":0,"cards_upgraded":["Defend_B","Zap","Cold Snap","Gash","Core Surge","Gash","Fission","Deep Breath","Madness"]},{"damage_healed":0,"gold_gain":0,"player_choice":"Fight","damage_taken":0,"max_hp_gain":0,"max_hp_loss":0,"event_name":"Mysterious Sphere","floor":46,"gold_loss":0}],"is_beta":false,"boss_relics":[{"not_picked":["Snecko Eye","Lizard Tail"],"picked":"White Beast Statue"},{"not_picked":["FrozenCore","Astrolabe"],"picked":"Coffee Dripper"}],"items_purged_floors":[14,19,41,47],"is_endless":false,"potions_floor_spawned":[2,10,12,16,18,21,24,27,29,31,33,35,39,42,45,46,48],"ascension_level":20}