{"gold_per_floor":[15,15,15,165,12,12,47,47,47,47],"floor_reached":10,"playtime":381,"items_purged":["Doubt"],"score":124,"play_id":"17dff0d2-61df-4571-aa42-fc9cd51b5532","local_time":"20190704230004","is_ascension_mode":true,"campfire_choices":[{"data":"Noxious Fumes","floor":6,"key":"SMITH"},{"data":"Skewer","floor":8,"key":"SMITH"}],"neow_cost":"NO_GOLD","seed_source_timestamp":16953834533835,"circlet_count":0,"master_deck":["AscendersBane","Strike_G","Strike_G","Strike_G","Strike_G","Defend_G","Defend_G","Defend_G","Defend_G","Defend_G","Survivor","Neutralize","Quick Slash","Skewer+1","Noxious Fumes+1","Dagger Throw"],"relics":["Ring of the Snake","Thread and Needle","Golden Idol","Snake Skull","WingedGreaves"],"potions_floor_usage":[],"damage_taken":[{"damage":3,"enemies":"Jaw Worm","floor":1,"turns":4},{"damage":30,"enemies":"Lagavulin","floor":7,"turns":7},{"damage":35,"enemies":"Gremlin Nob","floor":10,"turns":4}],"seed_played":"-1244482776359707188","potions_obtained":[],"is_trial":false,"path_per_floor":["M","?","?","?","$","R","E","R","T","E"],"character_chosen":"THE_SILENT","items_purchased":["Noxious Fumes"],"campfire_rested":0,"item_purchase_floors":[5],"current_hp_per_floor":[56,56,56,56,56,56,26,26,26,0],"gold":47,"neow_bonus":"ONE_RARE_RELIC","is_prod":false,"is_daily":false,"chose_seed":false,"campfire_upgraded":2,"win_rate":0,"timestamp":1562274004,"path_taken":["M","?","?","?","$","R","E","R","T","E"],"build_version":"2019-07-01","purchased_purges":1,"victory":false,"max_hp_per_floor":[66,66,60,60,60,60,60,60,60,60],"card_choices":[{"not_picked":["Slice","Deadly Poison"],"picked":"Quick Slash","floor":1},{"not_picked":["Expertise","Blur"],"picked":"Dagger Throw","floor":7}],"player_experience":677092,"relics_obtained":[{"floor":7,"key":"Snake Skull"},{"floor":9,"key":"WingedGreaves"}],"event_choices":[{"damage_healed":0,"gold_gain":0,"cards_transformed":["Strike_G"],"player_choice":"Change","damage_taken":0,"max_hp_gain":0,"max_hp_loss":0,"event_name":"Living Wall","floor":2,"gold_loss":0,"cards_obtained":["Skewer"]},{"damage_healed":0,"gold_gain":0,"player_choice":"Lose Max HP","damage_taken":0,"relics_obtained":["Golden Idol"],"max_hp_gain":0,"max_hp_loss":6,"event_name":"Golden Idol","floor":3,"gold_loss":0},{"damage_healed":0,"gold_gain":150,"player_choice":"AGREE","damage_taken":0,"max_hp_gain":0,"max_hp_loss":0,"event_name":"Liars Game","floor":4,"gold_loss":0,"cards_obtained":["Doubt"]}],"is_beta":false,"boss_relics":[],"items_purged_floors":[5],"is_endless":false,"potions_floor_spawned":[],"killed_by":"Gremlin Nob","ascension_level":20}