{"path_per_floor":["M","?","?","M","M","E","?","R","T","M","E","$","M","M","R","B",null,"M","?","M","?","?","R","E","R","T","$","E","M","M","M","R","B",null,"M","?","?"],"character_chosen":"THE_SILENT","items_purchased":["Apotheosis","Pantograph","Panache","Toolbox"],"gold_per_floor":[144,144,144,189,234,324,302,302,327,372,462,2,47,92,92,392,392,437,437,482,452,452,452,542,542,592,129,219,264,309,354,354,654,654,699,699,699,699],"floor_reached":38,"campfire_rested":5,"playtime":2064,"current_hp_per_floor":[69,62,62,62,49,32,32,53,53,53,43,43,43,43,64,40,70,70,70,64,64,64,70,45,70,70,70,53,41,41,38,63,64,84,41,41,41,0],"items_purged":[],"gold":699,"score":524,"play_id":"8447a798-1907-42d1-a8d5-a37422f9c3e5","local_time":"20180329084458","daily_mods":["Diverse","Midas","Insanity"],"is_prod":false,"is_daily":true,"is_ascension_mode":false,"campfire_upgraded":0,"timestamp":1522284298,"path_taken":["M","?","?","M","M","E","?","R","T","M","E","$","M","M","R","BOSS","M","?","M","?","?","R","E","R","T","$","E","M","M","M","R","BOSS","M","?","?","?"],"build_version":"2018-03-22v2","purchased_purges":0,"victory":false,"master_deck":["Adrenaline","Accuracy","Eviscerate","Calculated Gamble+1","Masterful Stab","Crippling Poison","Catalyst","Doppelganger","Terror","Tactician","Doppelganger","Blade Dance","After Image","Catalyst","Deflect","Well Laid Plans","Burst+1","Venomology","Tools of the Trade","Envenom","After Image","Tactician","Bane","Sucker Punch","Phantasmal Killer","Predator","Catalyst","A Thousand Cuts","Quick Slash","Escape Plan","Infinite Blades","Outmaneuver","After Image","Dodge and Roll","Backflip","Night Terror","Outmaneuver","Flying Knee","Reflex","Dagger Spray","Flying Knee","Survivor","Heel Hook","Expertise","Crippling Poison","Adrenaline","Phantasmal Killer","Survivor","Dagger Throw","Dagger Throw","Pummel","Escape Plan","Deflect","Dash","Bullet Time","Quick Slash","Apotheosis","Heel Hook","Outmaneuver","Venomology","Noxious Fumes+1","Concentrate","Deadly Poison","Panache","Bouncing Flask","Deadly Poison+1","Backflip+1","Escape Plan","PiercingWail+1","Injury","Decay","Doubt","Concentrate+1","Venomology"],"max_hp_per_floor":[70,70,70,70,70,70,70,70,70,70,70,70,70,70,70,70,70,70,70,70,70,70,70,84,84,84,84,84,84,84,84,84,84,84,84,84,84,84],"relics":["Ring of the Snake","Dodecahedron","Oddly Smooth Stone","War Paint","Bag of Marbles","Bronze Scales","Pantograph","Black Star","Dead Branch","Mango","Vajra","Toolbox","Dream Catcher","Juzu Bracelet","Calling Bell","Kunai","Paper Crane","Matryoshka"],"card_choices":[{"not_picked":["Bane","Backflip"],"picked":"Escape Plan","floor":1},{"not_picked":["Underhanded Strike","Bane"],"picked":"Deflect","floor":4},{"not_picked":["Dagger Spray","Slice"],"picked":"Dash","floor":5},{"not_picked":["Tactician","Phantasmal Killer"],"picked":"Bullet Time","floor":6},{"not_picked":["Skewer","Masterful Stab"],"picked":"Quick Slash","floor":10},{"not_picked":["Masterful Stab","Catalyst"],"picked":"Heel Hook","floor":13},{"not_picked":["Dodge and Roll","Eviscerate"],"picked":"Outmaneuver","floor":14},{"not_picked":["Unload","Glass Knife"],"picked":"Venomology","floor":16},{"not_picked":["Accuracy","Caltrops"],"picked":"Noxious Fumes","floor":18},{"not_picked":["Heel Hook","Outmaneuver"],"picked":"Deadly Poison","floor":20},{"not_picked":["Slice","Finisher"],"picked":"Bouncing Flask","floor":28},{"not_picked":["Bane","Dagger Spray"],"picked":"Deadly Poison","floor":29},{"not_picked":["Flechettes","Flying Knee"],"picked":"Backflip","floor":30},{"not_picked":["Masterful Stab","Deadly Poison"],"picked":"Escape Plan","floor":31},{"not_picked":["Noxious Fumes","Riddle With Holes"],"picked":"PiercingWail","floor":32},{"not_picked":["Accuracy","Flying Knee"],"picked":"Concentrate","floor":35}],"player_experience":341100,"potions_floor_usage":[6,10,10,14,16,18,20,20,24,24,24,28,31,31,33,33,38],"damage_taken":[{"damage":1,"enemies":"Cultist","floor":1,"turns":3},{"damage":0,"enemies":"2 Louse","floor":4,"turns":2},{"damage":13,"enemies":"Small Slimes","floor":5,"turns":3},{"damage":17,"enemies":"3 Sentries","floor":6,"turns":7},{"damage":0,"enemies":"Exordium Wildlife","floor":10,"turns":4},{"damage":10,"enemies":"Gremlin Nob","floor":11,"turns":4},{"damage":0,"enemies":"Blue Slaver","floor":13,"turns":3},{"damage":0,"enemies":"Looter","floor":14,"turns":2},{"damage":30,"enemies":"The Guardian","floor":16,"turns":8},{"damage":5,"enemies":"Shell Parasite","floor":18,"turns":4},{"damage":6,"enemies":"Chosen","floor":20,"turns":5},{"damage":45,"enemies":"Gremlin Leader","floor":24,"turns":4},{"damage":17,"enemies":"Slavers","floor":28,"turns":5},{"damage":12,"enemies":"Centurion and Healer","floor":29,"turns":4},{"damage":0,"enemies":"Snecko","floor":30,"turns":2},{"damage":6,"enemies":"Snake Plant","floor":31,"turns":3},{"damage":20,"enemies":"Collector","floor":33,"turns":6},{"damage":43,"enemies":"3 Darklings","floor":35,"turns":5},{"damage":47,"enemies":"…Ò√ÿ‘≤«Ú","floor":38,"turns":3}],"event_choices":[{"event_name":"Scrap Ooze","player_choice":"success","floor":2,"damage_taken":7},{"event_name":"Big Fish","player_choice":"Box","floor":3,"damage_taken":0},{"event_name":"World of Goop","player_choice":"Left","floor":7,"damage_taken":0},{"event_name":"The Library","player_choice":"Read","floor":19,"damage_taken":0},{"event_name":"The Woman in Blue","player_choice":"Bought 2 Potions","floor":21,"damage_taken":0},{"event_name":"Purifier","player_choice":"One Purge","floor":22,"damage_taken":0},{"event_name":"Transmorgrifier","player_choice":"Transform","floor":36,"damage_taken":0},{"event_name":"Tomb of Lord Red Mask","player_choice":"Ignored","floor":37,"damage_taken":0},{"event_name":"Mysterious Sphere","player_choice":"Fight","floor":38,"damage_taken":0}],"boss_relics":[{"not_picked":["Eternal Feather","Question Card"],"picked":"Black Star"},{"not_picked":["Tiny House","Velvet Choker"],"picked":"Calling Bell"}],"potions_floor_spawned":[5,6,10,14,24,28,29,30,33],"seed_played":"-5446097650958542841","killed_by":"…Ò√ÿ‘≤«Ú","ascension_level":0,"is_trial":false}