{"gold_per_floor":[113,263,34,52,68,68,96,113,113,130,130,161,180,180,180,279,342,363,232,257,49,49,82,100,100,100,150,150,150,150,169,169,262,262,285,285,2,18,36,67,67,67,137,137],"floor_reached":44,"playtime":1200,"items_purged":["Doubt","Strike_R","Strike_R"],"score":982,"play_id":"2c437ce2-41d7-4b25-9d25-f434c319baa8","local_time":"20190325154706","is_ascension_mode":true,"campfire_choices":[{"data":"Armaments","floor":6.0,"key":"SMITH"},{"data":"Sword Boomerang","floor":11.0,"key":"SMITH"},{"data":"Immolate","floor":15.0,"key":"SMITH"},{"data":"True Grit","floor":25.0,"key":"SMITH"},{"data":"Limit Break","floor":30.0,"key":"SMITH"},{"data":"Offering","floor":32.0,"key":"SMITH"},{"data":"Dual Wield","floor":41,"key":"SMITH"}],"neow_cost":"CURSE","seed_source_timestamp":15977004898525,"circlet_count":0,"master_deck":["AscendersBane","Strike_R","Strike_R","Strike_R","Defend_R","Defend_R","Defend_R","Defend_R","Bash","Immolate+1","Armaments+1","Sword Boomerang+1","Feed+1","Limit Break+1","True Grit+1","Clash+1","Shrug It Off","Offering+1","Ghostly","Ghostly","Ghostly","Reaper","Second Wind","Dual Wield+1","Disarm+1","Burning Pact+1"],"special_seed":0,"relics":["Burning Blood","Brimstone","Shuriken","Potion Belt","Golden Idol","Tiny House","Gambling Chip","Incense Burner","Vajra","Empty Cage","Regal Pillow","Bottled Lightning"],"potions_floor_usage":[39],"damage_taken":[{"damage":11.0,"enemies":"Jaw Worm","floor":1.0,"turns":4.0},{"damage":6.0,"enemies":"Small Slimes","floor":4.0,"turns":2.0},{"damage":0.0,"enemies":"2 Louse","floor":5.0,"turns":1.0},{"damage":10.0,"enemies":"Gremlin Nob","floor":7.0,"turns":3.0},{"damage":10.0,"enemies":"Looter","floor":8.0,"turns":3.0},{"damage":11.0,"enemies":"Blue Slaver","floor":10.0,"turns":3.0},{"damage":14.0,"enemies":"Lagavulin","floor":12.0,"turns":5.0},{"damage":14.0,"enemies":"Large Slime","floor":13.0,"turns":4.0},{"damage":36.0,"enemies":"The Guardian","floor":16.0,"turns":5.0},{"damage":41.0,"enemies":"Shell Parasite","floor":18.0,"turns":4.0},{"damage":8.0,"enemies":"Spheric Guardian","floor":20.0,"turns":3.0},{"damage":9.0,"enemies":"Colosseum Slavers","floor":22.0,"turns":2.0},{"damage":14.0,"enemies":"Gremlin Leader","floor":23.0,"turns":4.0},{"damage":12.0,"enemies":"3 Cultists","floor":24.0,"turns":3.0},{"damage":1.0,"enemies":"Snake Plant","floor":31.0,"turns":4.0},{"damage":1.0,"enemies":"Collector","floor":33.0,"turns":6.0},{"damage":8.0,"enemies":"3 Shapes","floor":35.0,"turns":4.0},{"damage":1.0,"enemies":"Orb Walker","floor":38.0,"turns":3.0},{"damage":17,"enemies":"Transient","floor":39,"turns":6},{"damage":1,"enemies":"Nemesis","floor":40,"turns":5},{"damage":42,"enemies":"Giant Head","floor":44,"turns":6}],"seed_played":"-6439221968919171840","potions_obtained":[{"floor":1.0,"key":"FearPotion"},{"floor":5.0,"key":"SkillPotion"},{"floor":7.0,"key":"Poison Potion"},{"floor":12.0,"key":"Strength Potion"},{"floor":17.0,"key":"FearPotion"},{"floor":23.0,"key":"SpeedPotion"},{"floor":40,"key":"Ancient Potion"}],"is_trial":false,"path_per_floor":["M","?","$","M","M","R","E","M","T","M","R","E","M","?","R","B",null,"M","$","M","$","?","E","M","R","T","?","?","?","R","M","R","B",null,"M","?","$","M","M","E","R","$","T","E"],"character_chosen":"IRONCLAD","items_purchased":["Brimstone","Fire Potion","Shrug It Off","AttackPotion","Second Wind","Dual Wield"],"campfire_rested":0,"item_purchase_floors":[3,19,21,21,37,37],"current_hp_per_floor":[63,63,63,63,69,69,65,61,61,56,56,48,40,40,40,10,59,28,28,26,26,23,15,13,13,13,13,13,13,13,18,18,27,40,47,47,47,48,37,42,42,42,42,8],"gold":137,"neow_bonus":"THREE_RARE_CARDS","is_prod":false,"is_daily":false,"chose_seed":false,"campfire_upgraded":7,"win_rate":0,"timestamp":1553500026,"path_taken":["M","?","$","M","M","R","E","M","T","M","R","E","M","?","R","BOSS","M","$","M","$","?","E","M","R","T","?","?","?","R","M","R","BOSS","M","?","$","M","M","E","R","$","T","E"],"build_version":"2019-01-23","purchased_purges":3,"victory":false,"max_hp_per_floor":[75,75,75,75,75,75,75,75,75,75,75,75,75,68,68,68,73,77,77,77,77,77,77,81,81,81,81,81,40,40,40,40,44,44,48,48,48,48,48,48,48,48,48,48],"card_choices":[{"not_picked":["Dark Embrace","Reaper"],"picked":"Immolate","floor":0.0},{"not_picked":["Pommel Strike","Bloodletting","Anger"],"picked":"SKIP","floor":1.0},{"not_picked":["Hemokinesis","Perfected Strike","Clothesline"],"picked":"SKIP","floor":4.0},{"not_picked":["Anger","Heavy Blade"],"picked":"Armaments","floor":5.0},{"not_picked":["Shockwave","Wild Strike"],"picked":"Sword Boomerang","floor":7.0},{"not_picked":["Heavy Blade","Rupture","Seeing Red"],"picked":"SKIP","floor":8.0},{"not_picked":["Perfected Strike","Havoc","Iron Wave"],"picked":"SKIP","floor":10.0},{"not_picked":["Perfected Strike","Sever Soul","Clothesline"],"picked":"SKIP","floor":12.0},{"not_picked":["Cleave","Flex"],"picked":"Feed","floor":13.0},{"not_picked":["Exhume","Feed"],"picked":"Limit Break","floor":16.0},{"not_picked":["Sword Boomerang","Combust"],"picked":"True Grit","floor":17.0},{"not_picked":["Metallicize","Feel No Pain","Warcry"],"picked":"SKIP","floor":18.0},{"not_picked":["Armaments","Warcry"],"picked":"Clash+1","floor":20.0},{"not_picked":["Sentinel","Perfected Strike"],"picked":"Offering","floor":23.0},{"not_picked":["True Grit","Cleave","Shrug It Off"],"picked":"SKIP","floor":24.0},{"not_picked":["Rupture","Uppercut","Flex"],"picked":"SKIP","floor":31.0},{"not_picked":["Barricade","Berserk"],"picked":"Reaper","floor":33.0},{"not_picked":["Headbutt","Armaments","Clothesline"],"picked":"SKIP","floor":35.0},{"not_picked":["Body Slam","Havoc"],"picked":"Disarm+1","floor":38.0},{"not_picked":["Hemokinesis+1","Wild Strike","Infernal Blade"],"picked":"SKIP","floor":39},{"not_picked":["Warcry","Thunderclap"],"picked":"Burning Pact+1","floor":40}],"player_experience":3864169,"relics_obtained":[{"floor":7.0,"key":"Shuriken"},{"floor":12.0,"key":"Potion Belt"},{"floor":23.0,"key":"Gambling Chip"},{"floor":26.0,"key":"Incense Burner"},{"floor":40,"key":"Regal Pillow"},{"floor":43,"key":"Bottled Lightning"}],"event_choices":[{"damage_healed":0.0,"max_hp_gain":0.0,"max_hp_loss":0.0,"gold_gain":150.0,"event_name":"Liars Game","player_choice":"AGREE","floor":2.0,"gold_loss":0.0,"damage_taken":0.0,"cards_obtained":["Doubt"]},{"damage_healed":0.0,"max_hp_gain":0.0,"max_hp_loss":7.0,"gold_gain":0.0,"event_name":"Golden Idol","player_choice":"Lose Max HP","floor":14.0,"gold_loss":0.0,"damage_taken":0.0,"relics_obtained":["Golden Idol"]},{"damage_healed":0.0,"max_hp_gain":0.0,"max_hp_loss":0.0,"gold_gain":0.0,"event_name":"Colosseum","player_choice":"Fight","floor":22.0,"gold_loss":0.0,"damage_taken":0.0},{"damage_healed":0.0,"max_hp_gain":0.0,"max_hp_loss":0.0,"gold_gain":0.0,"event_name":"Colosseum","player_choice":"Fled From Nobs","floor":22.0,"gold_loss":0.0,"damage_taken":0.0},{"damage_healed":0.0,"max_hp_gain":0.0,"max_hp_loss":0.0,"gold_gain":50.0,"event_name":"Nest","player_choice":"Stole From Cult","floor":27.0,"gold_loss":0.0,"damage_taken":0.0},{"damage_healed":0.0,"max_hp_gain":0.0,"max_hp_loss":0.0,"gold_gain":0.0,"event_name":"The Mausoleum","player_choice":"Opened","floor":28.0,"gold_loss":0.0,"damage_taken":0.0,"relics_obtained":["Vajra"],"cards_obtained":["Writhe"]},{"damage_healed":0.0,"max_hp_gain":0.0,"max_hp_loss":41.0,"gold_gain":0.0,"event_name":"Ghosts","player_choice":"Became a Ghost","floor":29.0,"gold_loss":0.0,"damage_taken":0.0,"cards_obtained":["Ghostly","Ghostly","Ghostly"]},{"damage_healed":0.0,"max_hp_gain":0.0,"max_hp_loss":0.0,"gold_gain":0.0,"event_name":"SensoryStone","player_choice":"Memory 1","floor":36.0,"gold_loss":0.0,"damage_taken":0.0}],"is_beta":false,"boss_relics":[{"not_picked":["Lizard Tail","Ectoplasm"],"picked":"Tiny House"},{"not_picked":["Snecko Eye","White Beast Statue"],"picked":"Empty Cage"}],"items_purged_floors":[19,21,37],"is_endless":false,"potions_floor_spawned":[1,5,7,8,12,22,23,40],"killed_by":"Giant Head","ascension_level":20}