{"gold_per_floor":[118,118,268,37,37,37,64,64,64,64,94,114,133,167,167,244,244,262,274,274,286,303,336,354,382,382,392,421,421,446,457,457,528,528,544,595,612,612,612,641,656,669,720,745,745,452,478,478,478,478,478,478,478,102,130,130],"floor_reached":57,"playtime":2871,"items_purged":["Writhe","Doubt"],"score":3876,"play_id":"0e268c7b-e142-4322-97d4-80f2941cf05b","local_time":"20190313134126","is_ascension_mode":true,"campfire_choices":[{"data":"Predator","floor":6.0,"key":"SMITH"},{"data":"Neutralize","floor":8.0,"key":"SMITH"},{"data":"Acrobatics","floor":15.0,"key":"SMITH"},{"data":"Calculated Gamble","floor":32,"key":"SMITH"},{"data":"Expertise","floor":45,"key":"SMITH"},{"floor":49,"key":"RECALL"},{"data":"Tactician","floor":53,"key":"SMITH"}],"neow_cost":"NONE","seed_source_timestamp":3852525644869,"circlet_count":0,"master_deck":["AscendersBane","Survivor","Neutralize+1","Predator+1","Tactician+1","Footwork","Distraction","Terror","Acrobatics+1","Prepared","Calculated Gamble+1","Expertise+1","A Thousand Cuts","Endless Agony","Bane","Skewer","Venomology","Grand Finale","Malaise","Concentrate","Backflip+1","Adrenaline"],"special_seed":0,"relics":["Ring of the Snake","NeowsBlessing","Medical Kit","War Paint","Vajra","Tough Bandages","Pandora\u0027s Box","Girya","Singing Bowl","FossilizedHelix","Anchor","Lantern","Centennial Puzzle","Runic Pyramid","Nunchaku","Kunai","Bronze Scales","Ancient Tea Set","TheAbacus","Torii","Shuriken","ClockworkSouvenir","Tingsha"],"potions_floor_usage":[30,31,33,35,36,37,40,41,42,42,44,47,50,51,55,55,56],"damage_taken":[{"damage":0.0,"enemies":"Jaw Worm","floor":1.0,"turns":1.0},{"damage":0.0,"enemies":"3 Sentries","floor":7.0,"turns":2.0},{"damage":0.0,"enemies":"Lagavulin","floor":11.0,"turns":1.0},{"damage":0.0,"enemies":"2 Louse","floor":12.0,"turns":3.0},{"damage":0.0,"enemies":"Small Slimes","floor":13.0,"turns":2.0},{"damage":32.0,"enemies":"Gremlin Nob","floor":14.0,"turns":4.0},{"damage":27.0,"enemies":"Slime Boss","floor":16.0,"turns":12.0},{"damage":0.0,"enemies":"Spheric Guardian","floor":18.0,"turns":1.0},{"damage":17.0,"enemies":"3 Byrds","floor":19.0,"turns":3.0},{"damage":0.0,"enemies":"Snake Plant","floor":21.0,"turns":3.0},{"damage":0.0,"enemies":"Snecko","floor":22.0,"turns":5.0},{"damage":16.0,"enemies":"Slavers","floor":23.0,"turns":5.0},{"damage":9.0,"enemies":"Cultist and Chosen","floor":24.0,"turns":7.0},{"damage":0.0,"enemies":"Gremlin Leader","floor":25.0,"turns":4.0},{"damage":0.0,"enemies":"Snake Plant","floor":27.0,"turns":3.0},{"damage":0,"enemies":"Slavers","floor":28,"turns":1},{"damage":0,"enemies":"Book of Stabbing","floor":30,"turns":3},{"damage":0,"enemies":"Centurion and Healer","floor":31,"turns":2},{"damage":0,"enemies":"Champ","floor":33,"turns":7},{"damage":0,"enemies":"3 Darklings","floor":35,"turns":2},{"damage":0,"enemies":"2 Orb Walkers","floor":36,"turns":3},{"damage":0,"enemies":"Orb Walker","floor":37,"turns":3},{"damage":0,"enemies":"Giant Head","floor":40,"turns":5},{"damage":0,"enemies":"Sphere and 2 Shapes","floor":41,"turns":4},{"damage":0,"enemies":"Spire Growth","floor":42,"turns":3},{"damage":0,"enemies":"Nemesis","floor":44,"turns":3},{"damage":0,"enemies":"Giant Head","floor":47,"turns":3},{"damage":0,"enemies":"Donu and Deca","floor":50,"turns":3},{"damage":0,"enemies":"Awakened One","floor":51,"turns":5},{"damage":0,"enemies":"Shield and Spear","floor":55,"turns":3},{"damage":0,"enemies":"The Heart","floor":56,"turns":5}],"seed_played":"6027393991564555560","potions_obtained":[{"floor":7.0,"key":"GamblersBrew"},{"floor":14.0,"key":"Strength Potion"},{"floor":16.0,"key":"Explosive Potion"},{"floor":19.0,"key":"SkillPotion"},{"floor":23.0,"key":"PowerPotion"},{"floor":24.0,"key":"PowerPotion"},{"floor":35,"key":"SkillPotion"}],"is_trial":false,"path_per_floor":["M","?","?","$","?","R","E","R","T","$","E","M","M","E","R","B",null,"M","M","?","M","M","E","M","E","T","M","E","?","E","M","R","B",null,"M","?","M","?","?","E","M","M","T","E","R","$","E","T","R","B","B",null,"R","$","E","B",null],"character_chosen":"THE_SILENT","items_purchased":["Medical Kit","TheAbacus","ClockworkSouvenir","Swift Potion"],"campfire_rested":0,"item_purchase_floors":[4,46,54,54],"current_hp_per_floor":[59,59,59,59,64,64,64,64,64,64,64,64,64,32,32,5,55,55,38,38,38,38,22,13,15,15,15,17,17,19,21,21,23,67,69,71,73,73,73,75,77,79,79,81,81,81,83,83,83,92,92,96,96,96,98,98],"gold":130,"neow_bonus":"THREE_ENEMY_KILL","is_prod":false,"is_daily":false,"chose_seed":false,"campfire_upgraded":6,"win_rate":0,"timestamp":1552455686,"path_taken":["M","?","?","$","?","R","E","R","T","?","E","?","M","E","R","BOSS","M","M","?","M","M","E","M","E","T","?","E","?","E","M","R","BOSS","M","?","M","?","?","E","M","?","T","E","R","?","E","?","R","BOSS","BOSS","R","$","E","BOSS"],"build_version":"2019-01-23","purchased_purges":2,"victory":true,"max_hp_per_floor":[66,66,66,66,71,71,71,71,71,71,71,71,71,71,71,71,71,71,71,71,71,71,71,71,73,73,73,75,75,77,79,79,81,81,83,85,87,87,87,89,91,93,93,95,95,95,97,97,97,97,97,97,97,97,99,99],"card_choices":[{"not_picked":["Dodge and Roll","Terror"],"picked":"Predator","floor":1.0},{"not_picked":["Prepared","Masterful Stab"],"picked":"Footwork","floor":7.0},{"not_picked":["Prepared","Blade Dance"],"picked":"Distraction","floor":11.0},{"not_picked":["Blade Dance","Dagger Spray"],"picked":"Terror","floor":12.0},{"not_picked":["Deflect","Dagger Spray"],"picked":"Acrobatics","floor":13.0},{"not_picked":["Poisoned Stab","Infinite Blades"],"picked":"Prepared","floor":14.0},{"not_picked":["Quick Slash","Deadly Poison","Riddle With Holes"],"picked":"SKIP","floor":18.0},{"not_picked":["Crippling Poison","Dagger Throw+1","Acrobatics"],"picked":"SKIP","floor":19.0},{"not_picked":["Riddle With Holes","Poisoned Stab","Blur"],"picked":"SKIP","floor":21.0},{"not_picked":["Infinite Blades+1","Predator","Malaise"],"picked":"SKIP","floor":22.0},{"not_picked":["PiercingWail","Dash"],"picked":"Concentrate","floor":23.0},{"not_picked":["Blade Dance","Deflect"],"picked":"Backflip+1","floor":24.0},{"not_picked":["Bane","Slice","Concentrate"],"picked":"Singing Bowl","floor":25.0},{"not_picked":["Bouncing Flask","Poisoned Stab"],"picked":"Adrenaline","floor":27.0},{"not_picked":["Distraction","Leg Sweep","Endless Agony"],"picked":"Singing Bowl","floor":28},{"not_picked":["Leg Sweep","Catalyst","Prepared"],"picked":"Singing Bowl","floor":30},{"not_picked":["Outmaneuver","Predator","Eviscerate"],"picked":"Singing Bowl","floor":31},{"not_picked":["Unload","Envenom","Malaise"],"picked":"Singing Bowl","floor":33},{"not_picked":["Endless Agony+1","Leg Sweep+1","Flying Knee"],"picked":"Singing Bowl","floor":35},{"not_picked":["Endless Agony","Prepared","Underhanded Strike"],"picked":"Singing Bowl","floor":36},{"not_picked":["Calculated Gamble","Slice+1","Infinite Blades"],"picked":"Singing Bowl","floor":37},{"not_picked":["Bullet Time","Choke+1","Dash"],"picked":"Singing Bowl","floor":40},{"not_picked":["Skewer","Cloak And Dagger","Dodge and Roll"],"picked":"Singing Bowl","floor":41},{"not_picked":["Underhanded Strike","Dagger Spray","Calculated Gamble+1"],"picked":"Singing Bowl","floor":42},{"not_picked":["Deadly Poison","Noxious Fumes","Crippling Poison"],"picked":"Singing Bowl","floor":44},{"not_picked":["Cloak And Dagger","Sucker Punch","Skewer"],"picked":"Singing Bowl","floor":47},{"not_picked":["Quick Slash","Dagger Spray","Bullet Time"],"picked":"Singing Bowl","floor":55}],"player_experience":3540627,"relics_obtained":[{"floor":7.0,"key":"War Paint"},{"floor":11.0,"key":"Vajra"},{"floor":14.0,"key":"Tough Bandages"},{"floor":23.0,"key":"Girya"},{"floor":25.0,"key":"Singing Bowl"},{"floor":26.0,"key":"FossilizedHelix"},{"floor":28,"key":"Anchor"},{"floor":30,"key":"Centennial Puzzle"},{"floor":36,"key":"Nunchaku"},{"floor":40,"key":"Kunai"},{"floor":43,"key":"Bronze Scales"},{"floor":44,"key":"Ancient Tea Set"},{"floor":47,"key":"Torii"},{"floor":48,"key":"Shuriken"},{"floor":55,"key":"Tingsha"}],"event_choices":[{"damage_healed":0.0,"max_hp_gain":0.0,"max_hp_loss":0.0,"gold_gain":0.0,"cards_transformed":["Strike_G"],"event_name":"Living Wall","player_choice":"Change","floor":2.0,"gold_loss":0.0,"damage_taken":0.0,"cards_obtained":["Tactician"]},{"damage_healed":0.0,"max_hp_gain":0.0,"max_hp_loss":0.0,"gold_gain":150.0,"event_name":"Liars Game","player_choice":"AGREE","floor":3.0,"gold_loss":0.0,"damage_taken":0.0,"cards_obtained":["Doubt"]},{"damage_healed":0.0,"max_hp_gain":5.0,"max_hp_loss":0.0,"gold_gain":0.0,"event_name":"Big Fish","player_choice":"Donut","floor":5.0,"gold_loss":0.0,"damage_taken":0.0},{"damage_healed":0.0,"max_hp_gain":0.0,"max_hp_loss":0.0,"gold_gain":0.0,"event_name":"Match and Keep!","player_choice":"1 cards matched","floor":20.0,"gold_loss":0.0,"damage_taken":0.0,"cards_obtained":["Malaise"]},{"damage_healed":0,"gold_gain":0,"player_choice":"Opened","damage_taken":0,"relics_obtained":["Lantern"],"max_hp_gain":0,"max_hp_loss":0,"event_name":"The Mausoleum","floor":29,"gold_loss":0,"cards_obtained":["Writhe"]},{"damage_healed":0,"gold_gain":0,"player_choice":"Fight","damage_taken":0,"max_hp_gain":0,"max_hp_loss":0,"event_name":"Mysterious Sphere","floor":36,"gold_loss":0},{"cards_removed":["Glass Knife"],"damage_healed":0,"gold_gain":0,"player_choice":"Removed Attack","damage_taken":0,"max_hp_gain":0,"max_hp_loss":0,"event_name":"Falling","floor":38,"gold_loss":0},{"damage_healed":0,"gold_gain":0,"player_choice":"Ignored","damage_taken":0,"max_hp_gain":0,"max_hp_loss":0,"event_name":"SecretPortal","floor":39,"gold_loss":0}],"is_beta":false,"boss_relics":[{"not_picked":["Sozu","HoveringKite"],"picked":"Pandora\u0027s Box"},{"not_picked":["WristBlade","Fusion Hammer"],"picked":"Runic Pyramid"}],"items_purged_floors":[46,54],"is_endless":false,"potions_floor_spawned":[7,14,16,19,23,24,25,27,30,35,36,37,44],"ascension_level":20}