{"gold_per_floor":[111,111,61,61,61,61,71,71,71,71,103,114,130,192,192,291,291,291,308,308,31,47,47,58,76,102,102,117,117,42,141,141,237,237,254,254,271,271,13,13,45,58,58,83,83,99,40,51,51,51],"floor_reached":51,"playtime":2660,"items_purged":[],"score":805,"play_id":"20a4e8c2-1406-4ba0-8bda-53332ee97f4f","local_time":"20181018133823","is_ascension_mode":false,"campfire_choices":[{"data":"Poisoned Stab","floor":6,"key":"SMITH"},{"data":"Neutralize","floor":8,"key":"SMITH"},{"data":"Survivor","floor":10,"key":"SMITH"},{"data":"Cloak And Dagger","floor":15,"key":"SMITH"},{"data":"Wraith Form v2","floor":23,"key":"SMITH"},{"data":"Accuracy","floor":27,"key":"SMITH"},{"data":"Accuracy","floor":29,"key":"SMITH"},{"data":"Blade Dance","floor":32,"key":"SMITH"},{"data":"Crippling Poison","floor":40,"key":"SMITH"},{"floor":45,"key":"REST"},{"floor":49,"key":"REST"}],"neow_cost":"NONE","seed_source_timestamp":15914474215017,"circlet_count":0,"master_deck":["Defend_G","Defend_G","Defend_G+1","Defend_G+1","Defend_G","Strike_G","Strike_G","Survivor+1","Neutralize+1","Poisoned Stab+1","Crippling Poison+1","PiercingWail","Infinite Blades","Cloak And Dagger+1","Wraith Form v2+1","Accuracy+1","Accuracy+1","Cloak And Dagger+1","Backflip","Blade Dance+1","Infinite Blades","Storm of Steel","Acrobatics+1","Expertise","Backstab+1","Leg Sweep+1","Reflex+1","Footwork","Acrobatics+1"],"special_seed":0,"relics":["Ring of the Snake","Potion Belt","Dead Branch","Snake Skull","Question Card","HoveringKite","OrangePellets","War Paint","Sozu","Dodecahedron","The Courier","Toxic Egg 2","Lantern"],"potions_floor_usage":[18,22,50,50],"damage_taken":[{"damage":0.0,"enemies":"Small Slimes","floor":1.0,"turns":4.0},{"damage":0,"enemies":"Cultist","floor":7,"turns":3},{"damage":5,"enemies":"3 Sentries","floor":11,"turns":8},{"damage":0,"enemies":"2 Louse","floor":12,"turns":2},{"damage":0,"enemies":"Looter","floor":13,"turns":3},{"damage":19,"enemies":"Gremlin Nob","floor":14,"turns":4},{"damage":7,"enemies":"The Guardian","floor":16,"turns":8},{"damage":0,"enemies":"2 Thieves","floor":18,"turns":1},{"damage":0,"enemies":"Chosen","floor":19,"turns":6},{"damage":5,"enemies":"Sentry and Sphere","floor":22,"turns":6},{"damage":1,"enemies":"Centurion and Healer","floor":24,"turns":8},{"damage":1,"enemies":"Snecko","floor":25,"turns":4},{"damage":0,"enemies":"Cultist and Chosen","floor":28,"turns":5},{"damage":4,"enemies":"Collector","floor":33,"turns":6},{"damage":0,"enemies":"Orb Walker","floor":35,"turns":3},{"damage":8,"enemies":"3 Shapes","floor":37,"turns":4},{"damage":0,"enemies":"Giant Head","floor":41,"turns":5},{"damage":0,"enemies":"Sphere and 2 Shapes","floor":42,"turns":4},{"damage":18,"enemies":"2 Orb Walkers","floor":44,"turns":5},{"damage":0,"enemies":"4 Shapes","floor":46,"turns":3},{"damage":1,"enemies":"Maw","floor":48,"turns":6},{"damage":0,"enemies":"Awakened One","floor":50,"turns":9}],"seed_played":"2595607839736889893","potions_obtained":[{"floor":4,"key":"Fire Potion"},{"floor":4,"key":"Swift Potion"},{"floor":4,"key":"FairyPotion"},{"floor":7,"key":"Dexterity Potion"},{"floor":13,"key":"SmokeBomb"},{"floor":14,"key":"Swift Potion"},{"floor":19,"key":"Strength Potion"},{"floor":25,"key":"Swift Potion"}],"is_trial":false,"path_per_floor":["M","?","?","?","$","R","M","R","T","R","E","M","M","?","R","B",null,"M","M","?","$","M","R","M","M","T","R","M","R","$","?","R","B",null,"M","?","M","?","$","R","E","M","T","E","R","M","$","M","R","B"],"character_chosen":"THE_SILENT","items_purchased":["OrangePellets","Accuracy","Infinite Blades","Dodecahedron","Footwork"],"campfire_rested":2,"item_purchase_floors":[21,21,30,39,47],"current_hp_per_floor":[70,70,70,70,70,70,70,70,70,70,65,65,65,46,46,39,70,70,70,70,70,65,65,64,63,63,63,63,63,63,63,63,59,70,70,70,62,62,62,62,62,62,62,44,65,65,65,64,70,70],"gold":51,"neow_bonus":"RANDOM_COMMON_RELIC","is_prod":false,"is_daily":false,"chose_seed":false,"campfire_upgraded":9,"win_rate":0,"timestamp":1539841103,"path_taken":["M","?","?","?","$","R","M","R","T","R","E","M","?","?","R","BOSS","M","M","?","?","M","R","M","M","T","R","M","R","$","?","R","BOSS","M","?","M","?","$","R","E","M","T","E","R","M","$","?","R","BOSS"],"build_version":"2018-10-11","purchased_purges":0,"victory":true,"max_hp_per_floor":[70,70,70,70,70,70,70,70,70,70,70,70,70,70,70,70,70,70,70,70,70,70,70,70,70,70,70,70,70,70,70,70,70,70,70,70,70,70,70,70,70,70,70,70,70,70,70,70,70,70],"card_choices":[{"not_picked":["Sucker Punch","Bane"],"picked":"Poisoned Stab","floor":1.0},{"not_picked":["Calculated Gamble","Dodge and Roll","Quick Slash"],"picked":"SKIP","floor":7},{"not_picked":["Deflect","Bullet Time"],"picked":"Crippling Poison","floor":11},{"not_picked":["Flying Knee","Acrobatics"],"picked":"PiercingWail","floor":12},{"not_picked":["Escape Plan","Quick Slash"],"picked":"Infinite Blades","floor":13},{"not_picked":["Bane","Underhanded Strike","Acrobatics"],"picked":"Cloak And Dagger","floor":14},{"not_picked":["Envenom","Phantasmal Killer","After Image"],"picked":"Wraith Form v2","floor":16},{"not_picked":["Flying Knee","Sucker Punch","Bane"],"picked":"Accuracy","floor":19},{"not_picked":["Deadly Poison","Distraction","Flying Knee","Dagger Spray"],"picked":"SKIP","floor":22},{"not_picked":["Deadly Poison","Distraction","Flying Knee","Dagger Spray"],"picked":"SKIP","floor":22},{"not_picked":["Skewer+1","Slice","Poisoned Stab"],"picked":"Cloak And Dagger+1","floor":24},{"not_picked":["Calculated Gamble","Choke","Dodge and Roll+1"],"picked":"Backflip","floor":25},{"not_picked":["Blur","Concentrate","Deflect+1"],"picked":"Blade Dance","floor":28},{"not_picked":["Tools of the Trade","Glass Knife","Bullet Time"],"picked":"Storm of Steel","floor":33},{"not_picked":["Catalyst","Dagger Throw","Quick Slash"],"picked":"Acrobatics+1","floor":35},{"not_picked":["Deflect","Quick Slash+1","Slice+1"],"picked":"Expertise","floor":37},{"not_picked":["PiercingWail+1","Outmaneuver+1","Skewer"],"picked":"Backstab+1","floor":41},{"not_picked":["Flying Knee","Poisoned Stab+1","Deadly Poison","Slice"],"picked":"SKIP","floor":42},{"not_picked":["Choke+1","Poisoned Stab","Concentrate+1"],"picked":"Leg Sweep+1","floor":44},{"not_picked":["Venomology+1","Flying Knee+1","PiercingWail+1"],"picked":"Reflex+1","floor":46},{"not_picked":["Flying Knee","Dodge and Roll+1","Poisoned Stab"],"picked":"Acrobatics+1","floor":48}],"player_experience":325710,"relics_obtained":[{"floor":9,"key":"Dead Branch"},{"floor":11,"key":"Snake Skull"},{"floor":26,"key":"War Paint"},{"floor":41,"key":"The Courier"},{"floor":43,"key":"Toxic Egg 2"},{"floor":44,"key":"Lantern"}],"event_choices":[{"event_name":"Purifier","player_choice":"One Purge","floor":2.0,"damage_taken":0.0},{"event_name":"The Cleric","player_choice":"Card Removal","floor":3.0,"damage_taken":0.0},{"event_name":"The Lab","player_choice":"Got Potions","floor":4,"damage_taken":0},{"event_name":"Dead Adventurer","player_choice":"Searched \u00273\u0027 times","floor":14,"damage_taken":0},{"event_name":"Vampires","player_choice":"Ignored","floor":20,"damage_taken":0},{"event_name":"Nest","player_choice":"Stole From Cult","floor":31,"damage_taken":0},{"event_name":"WeMeetAgain","player_choice":"Attack","floor":36,"damage_taken":0},{"event_name":"Falling","player_choice":"Removed Attack","floor":38,"damage_taken":0}],"is_beta":false,"boss_relics":[{"not_picked":["Ectoplasm","Velvet Choker"],"picked":"HoveringKite"},{"not_picked":["Cursed Key","Ring of the Serpent"],"picked":"Sozu"}],"items_purged_floors":[],"is_endless":false,"potions_floor_spawned":[7,13,14,19,25,28,41,46,48],"ascension_level":0}