{"gold_per_floor":[18,36,56,73,85,85,85,100,123,123,142,158,158,177,177,280,280,290,205,224,241,253,253,265,265,265,265,190,202,219,219,219,318,318,337,347,347,347,73,73,88,88,88,88,108,121,152,52,52,52],"floor_reached":51,"playtime":1617,"items_purged":["Strike_B","Defend_B"],"score":729,"play_id":"c74c4481-9e1e-47b1-bc9b-02cf409cf4a8","local_time":"20190611172445","is_ascension_mode":false,"campfire_choices":[{"data":"Loop","floor":6.0,"key":"SMITH"},{"data":"Loop","floor":10.0,"key":"SMITH"},{"data":"Darkness","floor":13.0,"key":"SMITH"},{"data":"Multi-Cast","floor":15.0,"key":"SMITH"},{"data":"Biased Cognition","floor":23,"key":"SMITH"},{"data":"Dualcast","floor":25,"key":"SMITH"},{"data":"Coolheaded","floor":27,"key":"SMITH"},{"data":"Capacitor","floor":32,"key":"SMITH"},{"data":"Biased Cognition","floor":40,"key":"SMITH"},{"data":"Heatsinks","floor":42,"key":"SMITH"},{"data":"Heatsinks","floor":44,"key":"SMITH"},{"data":"White Noise","floor":49,"key":"SMITH"}],"neow_cost":"NO_GOLD","seed_source_timestamp":23123053479611,"circlet_count":0,"master_deck":["Defend_B","Defend_B","Defend_B","Zap","Dualcast+1","Ball Lightning","Self Repair","Loop+1","Loop+1","Chill","Multi-Cast+1","White Noise+1","Darkness+1","Capacitor+1","Biased Cognition+1","Coolheaded+1","Double Energy+1","Heatsinks+1","Turbo+1","Self Repair","Heatsinks+1","Biased Cognition+1","Biased Cognition+1","Defragment+1","Creative AI"],"special_seed":0,"relics":["Du-Vu Doll","Happy Flower","Eternal Feather","Ginger","Bag of Marbles","Nloth\u0027s Gift","Coffee Dripper","DollysMirror","Toxic Egg 2","Centennial Puzzle"],"potions_floor_usage":[38,50,50,50],"damage_taken":[{"damage":1.0,"enemies":"Cultist","floor":1.0,"turns":3.0},{"damage":1.0,"enemies":"Jaw Worm","floor":2.0,"turns":3.0},{"damage":0.0,"enemies":"2 Louse","floor":3.0,"turns":1.0},{"damage":11.0,"enemies":"2 Fungi Beasts","floor":4.0,"turns":3.0},{"damage":21.0,"enemies":"Lots of Slimes","floor":5.0,"turns":4.0},{"damage":8.0,"enemies":"Red Slaver","floor":8.0,"turns":3.0},{"damage":14.0,"enemies":"Large Slime","floor":11.0,"turns":4.0},{"damage":2.0,"enemies":"2 Fungi Beasts","floor":12.0,"turns":4.0},{"damage":21.0,"enemies":"Exordium Thugs","floor":14.0,"turns":5.0},{"damage":28.0,"enemies":"Slime Boss","floor":16.0,"turns":5.0},{"damage":0,"enemies":"Chosen","floor":18,"turns":4},{"damage":7,"enemies":"2 Thieves","floor":20,"turns":5},{"damage":11,"enemies":"Centurion and Healer","floor":21,"turns":5},{"damage":10,"enemies":"Chosen and Byrds","floor":22,"turns":3},{"damage":21,"enemies":"Snake Plant","floor":24,"turns":4},{"damage":5,"enemies":"Centurion and Healer","floor":29,"turns":3},{"damage":12,"enemies":"Shelled Parasite and Fungi","floor":30,"turns":8},{"damage":63,"enemies":"Automaton","floor":33,"turns":9},{"damage":10,"enemies":"3 Darklings","floor":35,"turns":9},{"damage":20,"enemies":"Orb Walker","floor":36,"turns":4},{"damage":4,"enemies":"Sphere and 2 Shapes","floor":38,"turns":2},{"damage":3,"enemies":"Jaw Worm Horde","floor":41,"turns":4},{"damage":0,"enemies":"4 Shapes","floor":45,"turns":3},{"damage":31,"enemies":"Writhing Mass","floor":46,"turns":5},{"damage":26,"enemies":"Nemesis","floor":47,"turns":3},{"damage":15,"enemies":"Donu and Deca","floor":50,"turns":3}],"seed_played":"7428841605104773901","potions_obtained":[{"floor":2.0,"key":"PowerPotion"},{"floor":4.0,"key":"Strength Potion"},{"floor":8.0,"key":"SkillPotion"},{"floor":18,"key":"Energy Potion"},{"floor":21,"key":"SmokeBomb"},{"floor":41,"key":"Energy Potion"},{"floor":47,"key":"GamblersBrew"}],"is_trial":false,"path_per_floor":["M","M","M","M","M","R","?","M","T","R","M","M","R","M","R","B",null,"M","?","M","M","M","R","M","R","T","R","?","M","M","?","R","B",null,"M","M","?","M","$","R","M","R","T","R","M","M","E","$","R","B",null],"character_chosen":"DEFECT","items_purchased":["DollysMirror"],"campfire_rested":0,"item_purchase_floors":[39],"current_hp_per_floor":[74,73,73,69,55,55,55,47,47,47,40,45,45,31,31,10,75,75,75,68,64,54,66,52,64,64,75,75,70,72,72,75,26,75,75,62,62,65,65,75,75,75,75,75,75,58,39,39,54,53],"gold":52,"neow_bonus":"ONE_RARE_RELIC","is_prod":false,"is_daily":false,"chose_seed":false,"campfire_upgraded":12,"win_rate":0,"timestamp":1560245085,"path_taken":["M","M","M","?","M","R","?","M","T","R","M","M","R","M","R","BOSS","M","?","M","M","M","R","M","R","T","R","?","M","M","?","R","BOSS","M","?","?","?","$","R","M","R","T","R","M","M","E","$","R","BOSS"],"build_version":"2019-01-23","purchased_purges":2,"victory":true,"max_hp_per_floor":[75,75,75,75,75,75,75,75,75,75,75,75,75,75,75,75,75,75,75,75,75,75,75,75,75,75,75,75,75,75,75,75,75,75,75,75,75,75,75,75,75,75,75,75,75,75,75,75,75,75],"card_choices":[{"not_picked":["Rebound","Hologram"],"picked":"Ball Lightning","floor":1.0},{"not_picked":["Ball Lightning","Steam"],"picked":"Self Repair","floor":2.0},{"not_picked":["Coolheaded","Undo"],"picked":"Loop","floor":3.0},{"not_picked":["Coolheaded","Compile Driver"],"picked":"Loop","floor":4.0},{"not_picked":["Coolheaded","Rip and Tear"],"picked":"Chill","floor":5.0},{"not_picked":["Blizzard","Beam Cell","Ball Lightning"],"picked":"SKIP","floor":8.0},{"not_picked":["Barrage","Steam"],"picked":"White Noise","floor":11.0},{"not_picked":["Cold Snap","Go for the Eyes"],"picked":"Darkness","floor":12.0},{"not_picked":["Doom and Gloom","Stack"],"picked":"Capacitor","floor":14.0},{"not_picked":["Thunder Strike","Meteor Strike"],"picked":"Biased Cognition","floor":16.0},{"not_picked":["Beam Cell","Streamline"],"picked":"Coolheaded","floor":18},{"not_picked":["Conserve Battery","Streamline","Force Field+1"],"picked":"SKIP","floor":20},{"not_picked":["Compile Driver","Auto Shields"],"picked":"Double Energy+1","floor":21},{"not_picked":["Leap","Melter"],"picked":"Heatsinks","floor":22},{"not_picked":["Creative AI","Coolheaded"],"picked":"Turbo+1","floor":24},{"not_picked":["Reprogram","Stack"],"picked":"Self Repair","floor":29},{"not_picked":["Steam","Beam Cell+1"],"picked":"Heatsinks","floor":30},{"not_picked":["Thunder Strike","Meteor Strike"],"picked":"Biased Cognition","floor":33},{"not_picked":["Barrage+1","Beam Cell+1","Stack"],"picked":"SKIP","floor":35},{"not_picked":["Hello World","Steam+1","Rebound"],"picked":"SKIP","floor":36},{"not_picked":["Buffer","Cold Snap"],"picked":"Defragment+1","floor":41},{"not_picked":["Lockon","White Noise+1"],"picked":"Creative AI","floor":45},{"not_picked":["Sweeping Beam","All For One","Doom and Gloom+1"],"picked":"SKIP","floor":46},{"not_picked":["Go for the Eyes+1","Beam Cell+1","Core Surge"],"picked":"SKIP","floor":47}],"player_experience":5059230,"relics_obtained":[{"floor":9.0,"key":"Happy Flower"},{"floor":26,"key":"Bag of Marbles"},{"floor":43,"key":"Toxic Egg 2"},{"floor":47,"key":"Centennial Puzzle"}],"event_choices":[{"damage_healed":0.0,"max_hp_gain":0.0,"max_hp_loss":0.0,"gold_gain":0.0,"cards_transformed":["Strike_B"],"event_name":"Living Wall","player_choice":"Change","floor":7.0,"gold_loss":0.0,"damage_taken":0.0,"cards_obtained":["Multi-Cast"]},{"damage_healed":0,"gold_gain":0,"player_choice":"Obtained Relic","damage_taken":0,"relics_obtained":["Ginger"],"max_hp_gain":0,"max_hp_loss":0,"event_name":"Addict","floor":19,"gold_loss":85},{"cards_removed":["Strike_B"],"damage_healed":0,"gold_gain":0,"player_choice":"Gave Gold","damage_taken":0,"max_hp_gain":0,"max_hp_loss":0,"event_name":"Beggar","floor":28,"gold_loss":75},{"damage_healed":0,"gold_gain":0,"player_choice":"Traded Relic","damage_taken":0,"relics_obtained":["Nloth\u0027s Gift"],"max_hp_gain":0,"max_hp_loss":0,"event_name":"N\u0027loth","floor":31,"relics_lost":["Cracked Core"],"gold_loss":0},{"cards_removed":["Strike_B"],"damage_healed":0,"gold_gain":0,"player_choice":"Offered Basic","damage_taken":0,"max_hp_gain":0,"max_hp_loss":0,"event_name":"Bonfire Elementals","floor":37,"gold_loss":0}],"is_beta":false,"boss_relics":[{"not_picked":["Black Star","Calling Bell"],"picked":"Eternal Feather"},{"not_picked":["Busted Crown","Empty Cage"],"picked":"Coffee Dripper"}],"items_purged_floors":[39,48],"is_endless":false,"potions_floor_spawned":[2,4,8,12,14,18,21,30,33,41,45,47],"ascension_level":0}