{"gold_per_floor":[113,126,141,66,10,10,24,24,24,24,24,35,35,60,60,136,136,146,38,55,68,88,88],"floor_reached":23,"playtime":879,"items_purged":["Strike_G","Strike_G"],"score":386,"play_id":"d17822ec-8133-412e-aa13-81e1771d4133","local_time":"20181202214943","is_ascension_mode":true,"campfire_choices":[{"data":"Concentrate","floor":6.0,"key":"SMITH"},{"data":"Neutralize","floor":8.0,"key":"SMITH"},{"data":"Flechettes","floor":13.0,"key":"SMITH"},{"data":"Survivor","floor":15.0,"key":"SMITH"}],"neow_cost":"NONE","seed_source_timestamp":0,"circlet_count":0,"master_deck":["AscendersBane","Defend_G","Defend_G","Defend_G","Defend_G","Defend_G","Strike_G","Strike_G","Survivor+1","Neutralize+1","Concentrate+1","Flechettes+1","Backflip","Acrobatics+1"],"special_seed":0,"relics":["Runic Pyramid","Singing Bowl","Smiling Mask","Mercury Hourglass","Black Star"],"potions_floor_usage":[23],"damage_taken":[{"damage":3.0,"enemies":"2 Louse","floor":1.0,"turns":3.0},{"damage":0.0,"enemies":"Cultist","floor":2.0,"turns":4.0},{"damage":0.0,"enemies":"Small Slimes","floor":3.0,"turns":5.0},{"damage":22.0,"enemies":"Exordium Thugs","floor":7.0,"turns":10.0},{"damage":0.0,"enemies":"Large Slime","floor":12.0,"turns":9.0},{"damage":2.0,"enemies":"Lagavulin","floor":14.0,"turns":7.0},{"damage":10.0,"enemies":"The Guardian","floor":16.0,"turns":13.0},{"damage":17.0,"enemies":"2 Thieves","floor":18.0,"turns":4.0},{"damage":6.0,"enemies":"Shell Parasite","floor":20.0,"turns":6.0},{"damage":5.0,"enemies":"Shelled Parasite and Fungi","floor":21.0,"turns":6.0},{"damage":20,"enemies":"Cultist and Chosen","floor":22,"turns":7},{"damage":19,"enemies":"Slavers","floor":23,"turns":5}],"seed_played":"-5381460304111676931","potions_obtained":[{"floor":12.0,"key":"FairyPotion"},{"floor":14.0,"key":"EssenceOfSteel"},{"floor":21.0,"key":"GamblersBrew"}],"is_trial":false,"path_per_floor":["M","M","M","$","?","R","M","R","T","?","$","M","R","E","R","B",null,"M","$","M","M","M","E"],"character_chosen":"THE_SILENT","items_purchased":["Backflip"],"campfire_rested":0,"item_purchase_floors":[19],"current_hp_per_floor":[56,56,56,56,56,56,36,36,36,36,36,38,38,38,38,30,63,48,48,44,41,21,2],"gold":88,"neow_bonus":"BOSS_RELIC","is_prod":false,"is_daily":false,"chose_seed":false,"campfire_upgraded":4,"win_rate":0,"timestamp":1543758583,"path_taken":["M","M","M","$","?","R","?","R","T","?","?","M","R","E","R","BOSS","M","$","M","M","M","E"],"build_version":"2018-11-15","purchased_purges":2,"victory":false,"max_hp_per_floor":[66,66,66,66,66,66,68,68,68,68,68,70,70,72,72,74,74,76,76,78,80,80,80],"card_choices":[{"not_picked":["Blade Dance","Slice","Dagger Spray"],"picked":"SKIP","floor":1.0},{"not_picked":["Dagger Throw","Infinite Blades","Blade Dance"],"picked":"SKIP","floor":2.0},{"not_picked":["Dash","Dagger Spray"],"picked":"Concentrate","floor":3.0},{"not_picked":["Dodge and Roll","Poisoned Stab","Riddle With Holes"],"picked":"Singing Bowl","floor":7.0},{"not_picked":["Dagger Throw","Blade Dance","Calculated Gamble"],"picked":"Singing Bowl","floor":12.0},{"not_picked":["Cloak And Dagger","Burst","Terror"],"picked":"Singing Bowl","floor":14.0},{"not_picked":["Venomology","After Image","Phantasmal Killer"],"picked":"Singing Bowl","floor":16.0},{"not_picked":["Prepared","Dagger Spray","Infinite Blades"],"picked":"Singing Bowl","floor":18.0},{"not_picked":["Flying Knee","Infinite Blades","Backflip"],"picked":"Singing Bowl","floor":20.0},{"not_picked":["Blade Dance","Distraction","Dagger Throw"],"picked":"Singing Bowl","floor":21.0},{"not_picked":["Deflect","Outmaneuver"],"picked":"Acrobatics+1","floor":22}],"player_experience":1189234,"relics_obtained":[{"floor":9.0,"key":"Smiling Mask"},{"floor":14.0,"key":"Mercury Hourglass"}],"event_choices":[{"damage_healed":0.0,"max_hp_gain":0.0,"max_hp_loss":0.0,"gold_gain":0.0,"event_name":"WeMeetAgain","player_choice":"Paid Gold","floor":5.0,"gold_loss":56.0,"damage_taken":0.0,"relics_obtained":["Singing Bowl"]},{"damage_healed":0.0,"max_hp_gain":0.0,"max_hp_loss":0.0,"gold_gain":0.0,"cards_transformed":["Strike_G"],"event_name":"Transmorgrifier","player_choice":"Transformed","floor":10.0,"gold_loss":0.0,"damage_taken":0.0,"cards_obtained":["Flechettes"]}],"is_beta":true,"boss_relics":[{"not_picked":["WristBlade","Lizard Tail"],"picked":"Black Star"}],"items_purged_floors":[4,19],"is_endless":false,"potions_floor_spawned":[12,14,21,22],"killed_by":"Slavers","ascension_level":20}