{"gold_per_floor":[119,119,139,64,64,64,83,99,144,144,164,164,178,60,60,131,131,143,68,79,79,79,106,106,106],"floor_reached":25,"playtime":681,"items_purged":["Strike_G"],"score":522,"play_id":"c0cb94b2-9cf3-481b-8957-a80f5deab386","local_time":"20181226210139","is_ascension_mode":true,"campfire_choices":[{"data":"Neutralize","floor":6.0,"key":"SMITH"},{"data":"Deadly Poison","floor":10.0,"key":"SMITH"},{"data":"Deadly Poison","floor":12.0,"key":"SMITH"},{"data":"Well Laid Plans","floor":15.0,"key":"SMITH"},{"floor":24,"key":"REST"}],"neow_cost":"NONE","seed_source_timestamp":31800133765418,"circlet_count":0,"master_deck":["AscendersBane","Defend_G","Defend_G","Defend_G","Defend_G","Strike_G","Strike_G","Survivor","Neutralize+1","Endless Agony","Deadly Poison+1","Predator","Deadly Poison+1","Well Laid Plans+1","Night Terror"],"special_seed":0,"relics":["Snake Skull","Velvet Choker","Nloth\u0027s Gift","Bronze Scales"],"potions_floor_usage":[18,20,25],"damage_taken":[{"damage":4.0,"enemies":"2 Louse","floor":1.0,"turns":3.0},{"damage":2.0,"enemies":"Small Slimes","floor":3.0,"turns":4.0},{"damage":2.0,"enemies":"Jaw Worm","floor":7.0,"turns":4.0},{"damage":7.0,"enemies":"2 Fungi Beasts","floor":8.0,"turns":5.0},{"damage":5.0,"enemies":"Gremlin Gang","floor":11.0,"turns":4.0},{"damage":2.0,"enemies":"Large Slime","floor":13.0,"turns":5.0},{"damage":0.0,"enemies":"The Guardian","floor":16.0,"turns":8.0},{"damage":1,"enemies":"Chosen","floor":18,"turns":4},{"damage":9,"enemies":"Spheric Guardian","floor":20,"turns":4},{"damage":44,"enemies":"Gremlin Leader","floor":23,"turns":7},{"damage":29,"enemies":"Slavers","floor":25,"turns":1}],"seed_played":"-1528216390958850796","potions_obtained":[{"floor":3.0,"key":"SpeedPotion"},{"floor":7.0,"key":"Ancient Potion"},{"floor":18,"key":"Strength Potion"}],"is_trial":false,"path_per_floor":["M","?","M","?","$","R","M","M","T","R","M","R","M","$","R","B",null,"M","?","M","$","?","E","R","E"],"character_chosen":"THE_SILENT","items_purchased":["Well Laid Plans"],"campfire_rested":1,"item_purchase_floors":[14],"current_hp_per_floor":[55,55,53,53,53,53,51,44,44,44,39,39,37,37,37,37,59,58,58,49,49,49,5,24,0],"gold":106,"neow_bonus":"BOSS_RELIC","is_prod":false,"is_daily":false,"chose_seed":false,"campfire_upgraded":4,"win_rate":0,"timestamp":1545829299,"path_taken":["M","?","M","?","$","R","M","M","T","R","M","R","M","$","R","BOSS","M","?","M","$","?","E","R","E"],"build_version":"2018-12-20","purchased_purges":1,"victory":false,"max_hp_per_floor":[66,66,66,66,66,66,66,66,66,66,66,66,66,66,66,66,66,66,66,66,66,66,66,66,66],"card_choices":[{"not_picked":["Deflect"],"picked":"SKIP","floor":1.0},{"not_picked":["Dodge and Roll"],"picked":"SKIP","floor":3.0},{"not_picked":[],"picked":"Deadly Poison","floor":7.0},{"not_picked":[],"picked":"Predator","floor":8.0},{"not_picked":[],"picked":"Deadly Poison","floor":11.0},{"not_picked":["Infinite Blades"],"picked":"SKIP","floor":13.0},{"not_picked":[],"picked":"Night Terror","floor":16.0},{"not_picked":["Setup"],"picked":"SKIP","floor":18},{"not_picked":["Choke"],"picked":"SKIP","floor":20},{"not_picked":["Deflect","Dodge and Roll","Underhanded Strike"],"picked":"SKIP","floor":23}],"player_experience":1501323,"relics_obtained":[{"floor":9.0,"key":"Snake Skull"},{"floor":23,"key":"Bronze Scales"}],"event_choices":[{"damage_healed":0.0,"max_hp_gain":0.0,"max_hp_loss":0.0,"gold_gain":0.0,"cards_transformed":["Strike_G"],"event_name":"Living Wall","player_choice":"Change","floor":2.0,"gold_loss":0.0,"damage_taken":0.0,"cards_obtained":["Endless Agony"]},{"cards_removed":["Strike_G"],"damage_healed":0.0,"max_hp_gain":0.0,"max_hp_loss":0.0,"gold_gain":0.0,"event_name":"The Cleric","player_choice":"Card Removal","floor":4.0,"gold_loss":75.0,"damage_taken":0.0},{"cards_removed":["Defend_G"],"damage_healed":0,"gold_gain":0,"player_choice":"Gave Gold","damage_taken":0,"max_hp_gain":0,"max_hp_loss":0,"event_name":"Beggar","floor":19,"gold_loss":75},{"damage_healed":0,"gold_gain":0,"player_choice":"Traded Relic","damage_taken":0,"relics_obtained":["Nloth\u0027s Gift"],"max_hp_gain":0,"max_hp_loss":0,"event_name":"N\u0027loth","floor":22,"relics_lost":["Busted Crown"],"gold_loss":0}],"is_beta":false,"boss_relics":[{"not_picked":["Ectoplasm","Orrery"],"picked":"Velvet Choker"}],"items_purged_floors":[14],"is_endless":false,"potions_floor_spawned":[3,7,13,18],"killed_by":"Slavers","ascension_level":20}