{"gold_per_floor":[118,128,53,53,100,134,151,170,170,184,184,41,59,59,59,135,135,146,161,86,4,4,39,39,39,39,70,70,98,113,125,125,125],"floor_reached":33,"playtime":880,"items_purged":["Strike_G","Strike_G"],"score":578,"play_id":"3b7dbabc-870e-416f-bbcd-09bb633a3ee7","local_time":"20190214221328","is_ascension_mode":true,"campfire_choices":[{"data":"Noxious Fumes","floor":11,"key":"SMITH"},{"data":"Accuracy","floor":15,"key":"SMITH"},{"data":"Terror","floor":24,"key":"SMITH"},{"floor":32,"key":"REST"}],"neow_cost":"NONE","seed_source_timestamp":183500806797512,"circlet_count":0,"master_deck":["AscendersBane","Defend_G","Defend_G","Defend_G","Defend_G","Defend_G","Strike_G+1","Strike_G","Survivor","Neutralize","Blade Dance+1","Noxious Fumes+1","Accuracy+1","Cloak And Dagger","Adrenaline","Terror+1","Footwork","Backflip","Calculated Gamble"],"relics":["Ring of the Snake","NeowsBlessing","Oddly Smooth Stone","Pen Nib","The Courier","Black Star","Dodecahedron","Snake Skull","Paper Crane","Lantern","Mango","Bag of Marbles","Bottled Flame"],"potions_floor_usage":[27,27,29,33],"damage_taken":[{"damage":0,"enemies":"Jaw Worm","floor":1,"turns":1},{"damage":0,"enemies":"Cultist","floor":2,"turns":1},{"damage":0,"enemies":"Lagavulin","floor":6,"turns":1},{"damage":0,"enemies":"Small Slimes","floor":7,"turns":2},{"damage":3,"enemies":"Red Slaver","floor":8,"turns":4},{"damage":0,"enemies":"Large Slime","floor":10,"turns":4},{"damage":0,"enemies":"Looter","floor":13,"turns":4},{"damage":13,"enemies":"The Guardian","floor":16,"turns":11},{"damage":8,"enemies":"Spheric Guardian","floor":18,"turns":4},{"damage":0,"enemies":"Chosen","floor":19,"turns":4},{"damage":18,"enemies":"Book of Stabbing","floor":23,"turns":7},{"damage":23,"enemies":"Gremlin Leader","floor":27,"turns":7},{"damage":16,"enemies":"Book of Stabbing","floor":29,"turns":6},{"damage":0,"enemies":"Centurion and Healer","floor":30,"turns":6},{"damage":0,"enemies":"Snecko","floor":31,"turns":3},{"damage":39,"enemies":"Automaton","floor":33,"turns":6}],"seed_played":"-1848733730231761827","potions_obtained":[{"floor":2,"key":"SteroidPotion"},{"floor":6,"key":"Ancient Potion"},{"floor":8,"key":"GhostInAJar"},{"floor":27,"key":"EssenceOfSteel"},{"floor":31,"key":"SkillPotion"}],"is_trial":false,"path_per_floor":["M","M","$","?","T","E","M","M","T","M","R","$","M","?","R","B",null,"M","M","?","$","?","E","R","?","T","E","?","E","M","M","R","B"],"character_chosen":"THE_SILENT","items_purchased":["Accuracy","Cloak And Dagger","Footwork","Backflip"],"campfire_rested":1,"item_purchase_floors":[12,12,21,21],"current_hp_per_floor":[59,59,59,39,39,39,39,36,36,36,36,36,36,32,32,19,54,46,46,46,46,46,28,28,28,28,19,19,3,3,3,27,0],"gold":125,"neow_bonus":"THREE_ENEMY_KILL","is_prod":false,"is_daily":false,"chose_seed":false,"campfire_upgraded":3,"win_rate":0,"timestamp":1550153608,"path_taken":["M","M","$","?","?","E","M","M","T","M","R","$","?","?","R","BOSS","M","M","?","$","?","E","R","?","T","E","?","E","M","M","R","BOSS"],"build_version":"2019-01-23","purchased_purges":2,"victory":false,"max_hp_per_floor":[66,66,66,66,66,66,66,66,66,66,66,66,66,66,66,66,66,66,66,66,66,66,66,66,66,66,80,80,80,80,80,80,80],"card_choices":[{"not_picked":["Outmaneuver","Deadly Poison"],"picked":"Blade Dance","floor":1},{"not_picked":["Poisoned Stab","PiercingWail","Night Terror"],"picked":"SKIP","floor":2},{"not_picked":["PiercingWail","Catalyst"],"picked":"Noxious Fumes","floor":6},{"not_picked":["Bane","Poisoned Stab","Dash"],"picked":"SKIP","floor":7},{"not_picked":["Acrobatics","Night Terror","Quick Slash"],"picked":"SKIP","floor":8},{"not_picked":["Sucker Punch","Deflect","Concentrate"],"picked":"SKIP","floor":10},{"not_picked":["Endless Agony","Poisoned Stab","Blade Dance"],"picked":"SKIP","floor":13},{"not_picked":["Phantasmal Killer","Grand Finale"],"picked":"Adrenaline","floor":16},{"not_picked":["Dagger Spray","Sucker Punch","Choke"],"picked":"SKIP","floor":18},{"not_picked":["Acrobatics","Skewer+1"],"picked":"Terror","floor":19},{"not_picked":["Blur","Blade Dance","Dagger Throw"],"picked":"SKIP","floor":23},{"not_picked":["Tactician","Dagger Spray","Slice"],"picked":"SKIP","floor":27},{"not_picked":["Doppelganger","Bane","Flying Knee"],"picked":"SKIP","floor":29},{"not_picked":["Caltrops","Prepared"],"picked":"Calculated Gamble","floor":30},{"not_picked":["Sucker Punch","Setup","Acrobatics"],"picked":"SKIP","floor":31}],"player_experience":751536,"relics_obtained":[{"floor":5,"key":"Oddly Smooth Stone"},{"floor":6,"key":"Pen Nib"},{"floor":9,"key":"The Courier"},{"floor":23,"key":"Dodecahedron"},{"floor":23,"key":"Snake Skull"},{"floor":26,"key":"Paper Crane"},{"floor":27,"key":"Lantern"},{"floor":27,"key":"Mango"},{"floor":29,"key":"Bag of Marbles"},{"floor":29,"key":"Bottled Flame"}],"event_choices":[{"damage_healed":0,"gold_gain":0,"player_choice":"Entered Light","damage_taken":20,"max_hp_gain":0,"max_hp_loss":0,"event_name":"Shining Light","floor":4,"gold_loss":0,"cards_upgraded":["Strike_G","Blade Dance"]},{"damage_healed":0,"gold_gain":0,"player_choice":"Bought 0 Potions","damage_taken":0,"max_hp_gain":0,"max_hp_loss":0,"event_name":"The Woman in Blue","floor":14,"gold_loss":0},{"cards_removed":["Strike_G"],"damage_healed":0,"gold_gain":0,"player_choice":"Gave Gold","damage_taken":0,"max_hp_gain":0,"max_hp_loss":0,"event_name":"Beggar","floor":20,"gold_loss":75},{"damage_healed":0,"gold_gain":0,"player_choice":"Ignored","damage_taken":0,"max_hp_gain":0,"max_hp_loss":0,"event_name":"Ghosts","floor":22,"gold_loss":0},{"damage_healed":0,"gold_gain":0,"player_choice":"Ignored","damage_taken":0,"max_hp_gain":0,"max_hp_loss":0,"event_name":"The Mausoleum","floor":25,"gold_loss":0},{"damage_healed":0,"gold_gain":0,"player_choice":"Ignored","damage_taken":0,"max_hp_gain":0,"max_hp_loss":0,"event_name":"Vampires","floor":28,"gold_loss":0}],"is_beta":false,"boss_relics":[{"not_picked":["White Beast Statue","Runic Dome"],"picked":"Black Star"}],"items_purged_floors":[3,12],"is_endless":false,"potions_floor_spawned":[2,6,8,13,18,23,27,31],"killed_by":"Automaton","ascension_level":15}