{"gold_per_floor":[110,110,124,199,213,213,247,247,277,309,309,61,73,88,88,160,160,171,96,123,13,30,56,56,74,123,155,173,202,213,213,213,290,290,300,300,317,217,228,262,362,392,462,462,472,186,213,231,231,231,231,231,231,25,57,57],"floor_reached":57,"playtime":6243,"items_purged":["Sucker Punch","Poisoned Stab","Dash","Dagger Throw"],"score":4170,"play_id":"22d33828-7323-429c-b19f-0bb2685e278a","local_time":"20190729171929","is_ascension_mode":true,"campfire_choices":[{"floor":6,"key":"REST"},{"data":"Acrobatics","floor":8,"key":"SMITH"},{"floor":15,"key":"REST"},{"data":"Adrenaline","floor":24,"key":"SMITH"},{"floor":32,"key":"RECALL"},{"data":"Venomology","floor":44,"key":"SMITH"},{"data":"Dodge and Roll","floor":49,"key":"SMITH"},{"data":"Survivor","floor":53,"key":"SMITH"}],"neow_cost":"NONE","seed_source_timestamp":0,"circlet_count":0,"master_deck":["AscendersBane","Survivor+1","Neutralize","Malaise+1","Grand Finale+1","Prepared+1","Venomology+1","Backstab","Acrobatics+1","Dodge and Roll+1","Adrenaline+1","Noxious Fumes+1","Flash of Steel","Adrenaline+1","Expertise+1","Crippling Poison","Acrobatics","Acrobatics+1","Acrobatics","Backflip+1","Deflect+1","Footwork+1","Concentrate+1"],"special_seed":0,"relics":["Pandora\u0027s Box","Question Card","Tiny Chest","Frozen Egg 2","Runic Pyramid","Potion Belt","Pantograph","War Paint","FossilizedHelix","Juzu Bracelet","MutagenicStrength","Busted Crown","PreservedInsect","Pocketwatch","Centennial Puzzle","Anchor","Bronze Scales","Vajra"],"potions_floor_usage":[7,7,7,14,18,22,25,25,27,33,39,40,41,42,45,47,50,51,56,56,56,56,56,56,56],"damage_taken":[{"damage":0.0,"enemies":"2 Louse","floor":1.0,"turns":2.0},{"damage":7.0,"enemies":"Jaw Worm","floor":3.0,"turns":2.0},{"damage":0.0,"enemies":"Cultist","floor":5.0,"turns":2.0},{"damage":12,"enemies":"3 Sentries","floor":7,"turns":3},{"damage":32,"enemies":"Gremlin Nob","floor":10,"turns":4},{"damage":2,"enemies":"Exordium Thugs","floor":13,"turns":3},{"damage":0,"enemies":"Looter","floor":14,"turns":2},{"damage":2,"enemies":"Slime Boss","floor":16,"turns":5},{"damage":1,"enemies":"Shell Parasite","floor":18,"turns":2},{"damage":0,"enemies":"Spheric Guardian","floor":22,"turns":1},{"damage":0,"enemies":"Gremlin Leader","floor":23,"turns":2},{"damage":3,"enemies":"Snecko","floor":25,"turns":5},{"damage":7,"enemies":"Book of Stabbing","floor":27,"turns":4},{"damage":0,"enemies":"3 Cultists","floor":28,"turns":2},{"damage":0,"enemies":"Gremlin Leader","floor":29,"turns":2},{"damage":0,"enemies":"Cultist and Chosen","floor":30,"turns":2},{"damage":0,"enemies":"Automaton","floor":33,"turns":5},{"damage":0,"enemies":"3 Shapes","floor":35,"turns":7},{"damage":0,"enemies":"Orb Walker","floor":37,"turns":2},{"damage":0,"enemies":"4 Shapes","floor":39,"turns":7},{"damage":0,"enemies":"Giant Head","floor":40,"turns":3},{"damage":0,"enemies":"Mind Bloom Boss Battle","floor":41,"turns":1},{"damage":0,"enemies":"Nemesis","floor":42,"turns":7},{"damage":0,"enemies":"Spire Growth","floor":45,"turns":3},{"damage":0,"enemies":"Giant Head","floor":47,"turns":2},{"damage":0,"enemies":"Writhing Mass","floor":48,"turns":3},{"damage":0,"enemies":"Awakened One","floor":50,"turns":3},{"damage":0,"enemies":"Time Eater","floor":51,"turns":8},{"damage":0,"enemies":"Shield and Spear","floor":55,"turns":1},{"damage":0,"enemies":"The Heart","floor":56,"turns":7}],"seed_played":"378901877421855281","potions_obtained":[{"floor":5,"key":"EntropicBrew"},{"floor":10,"key":"AttackPotion"},{"floor":13,"key":"Block Potion"},{"floor":14,"key":"Block Potion"},{"floor":22,"key":"Fruit Juice"},{"floor":25,"key":"Explosive Potion"}],"is_trial":false,"path_per_floor":["M","?","M","?","M","R","E","R","T","E","?","$","M","M","R","B",null,"M","?","T","?","M","E","R","M","T","E","M","E","M","?","R","B",null,"M","?","M","$","M","E","?","E","T","R","M","$","E","M","R","B","B",null,"R","$","E","B",null],"character_chosen":"THE_SILENT","items_purchased":["Noxious Fumes+1","Flash of Steel","Anchor","Block Potion"],"campfire_rested":2,"item_purchase_floors":[12,12,46,54],"current_hp_per_floor":[59,52,45,34,34,53,41,41,41,9,9,9,7,7,26,24,56,55,55,55,55,60,60,60,57,57,50,50,50,50,50,50,71,71,71,71,71,71,71,71,71,71,71,71,71,71,71,71,71,71,71,71,71,71,71,71],"gold":57,"neow_bonus":"BOSS_RELIC","is_prod":false,"is_daily":false,"chose_seed":false,"campfire_upgraded":5,"win_rate":0,"timestamp":1564413569,"path_taken":["M","?","M","?","M","R","E","R","T","E","?","$","M","?","R","BOSS","M","?","?","?","?","E","R","M","T","E","M","E","M","?","R","BOSS","M","?","M","$","M","E","?","E","T","R","M","?","E","M","R","BOSS","BOSS","R","$","E","BOSS"],"build_version":"2019-07-17","purchased_purges":4,"victory":true,"max_hp_per_floor":[66,66,66,66,66,66,66,66,66,66,66,66,66,66,66,66,66,66,66,66,66,71,71,71,71,71,71,71,71,71,71,71,71,71,71,71,71,71,71,71,71,71,71,71,71,71,71,71,71,71,71,71,71,71,71,71],"card_choices":[{"not_picked":["Outmaneuver","Reflex","Flying Knee"],"picked":"SKIP","floor":1.0},{"not_picked":["Terror","Expertise"],"picked":"Backstab","floor":3.0},{"not_picked":["Deadly Poison","PiercingWail"],"picked":"Acrobatics","floor":5},{"not_picked":["Blur","Choke"],"picked":"Dodge and Roll","floor":7},{"not_picked":["Bouncing Flask","Dagger Spray","Deflect"],"picked":"Adrenaline","floor":10},{"not_picked":["Underhanded Strike","Slice","Dodge and Roll"],"picked":"Dash","floor":13},{"not_picked":["Distraction","Underhanded Strike","Dagger Spray"],"picked":"Dagger Throw","floor":14},{"not_picked":["Grand Finale","Bullet Time","Phantasmal Killer"],"picked":"Adrenaline","floor":16},{"not_picked":["Noxious Fumes+1","Eviscerate","Poisoned Stab+1"],"picked":"Expertise+1","floor":18},{"not_picked":["Blade Dance","Quick Slash","Cloak And Dagger"],"picked":"Crippling Poison","floor":22},{"not_picked":["Slice","Deflect","Poisoned Stab"],"picked":"Acrobatics","floor":23},{"not_picked":["Flechettes","Poisoned Stab+1","Backflip"],"picked":"Acrobatics+1","floor":25},{"not_picked":["Calculated Gamble","Accuracy+1","Catalyst","Envenom+1"],"picked":"SKIP","floor":27},{"not_picked":["Quick Slash","Dagger Throw","Dagger Spray"],"picked":"Acrobatics","floor":28},{"not_picked":["Slice","Dagger Throw+1","Cloak And Dagger"],"picked":"Backflip+1","floor":29},{"not_picked":["Bane","Setup","Dagger Throw","Catalyst"],"picked":"SKIP","floor":30},{"not_picked":["Bane","Setup","Dagger Throw","Catalyst"],"picked":"SKIP","floor":30},{"not_picked":["Deflect+1","Blade Dance"],"picked":"SKIP","floor":35},{"not_picked":["Blade Dance"],"picked":"Deflect+1","floor":35},{"not_picked":["Bouncing Flask+1","Flying Knee"],"picked":"SKIP","floor":37},{"not_picked":["Terror"],"picked":"Footwork+1","floor":39},{"not_picked":["Distraction+1"],"picked":"Concentrate+1","floor":40},{"not_picked":["Dagger Spray","Noxious Fumes+1"],"picked":"SKIP","floor":42},{"not_picked":["Dagger Spray","Noxious Fumes+1"],"picked":"SKIP","floor":42},{"not_picked":["Backstab+1","Flying Knee"],"picked":"SKIP","floor":45},{"not_picked":["Accuracy+1","Slice"],"picked":"SKIP","floor":47},{"not_picked":["All Out Attack","Acrobatics"],"picked":"SKIP","floor":48},{"not_picked":["Blur","Flechettes"],"picked":"SKIP","floor":55}],"player_experience":787683,"relics_obtained":[{"floor":7,"key":"Question Card"},{"floor":9,"key":"Tiny Chest"},{"floor":10,"key":"Frozen Egg 2"},{"floor":20,"key":"Potion Belt"},{"floor":23,"key":"Pantograph"},{"floor":26,"key":"War Paint"},{"floor":27,"key":"FossilizedHelix"},{"floor":29,"key":"Juzu Bracelet"},{"floor":40,"key":"PreservedInsect"},{"floor":41,"key":"Pocketwatch"},{"floor":42,"key":"Centennial Puzzle"},{"floor":47,"key":"Bronze Scales"},{"floor":55,"key":"Vajra"}],"event_choices":[{"cards_removed":["Outmaneuver"],"damage_healed":0.0,"max_hp_gain":0.0,"max_hp_loss":0.0,"gold_gain":0.0,"event_name":"Golden Wing","player_choice":"Card Removal","floor":2.0,"gold_loss":0.0,"damage_taken":7.0},{"damage_healed":0.0,"max_hp_gain":0.0,"max_hp_loss":0.0,"gold_gain":75.0,"event_name":"World of Goop","player_choice":"Gather Gold","floor":4.0,"gold_loss":0.0,"damage_taken":11.0},{"damage_healed":0,"gold_gain":0,"player_choice":"Upgraded","damage_taken":0,"max_hp_gain":0,"max_hp_loss":0,"event_name":"Upgrade Shrine","floor":11,"gold_loss":0,"cards_upgraded":["Prepared"]},{"cards_removed":["Masterful Stab"],"damage_healed":0,"gold_gain":0,"player_choice":"Gave Gold","damage_taken":0,"max_hp_gain":0,"max_hp_loss":0,"event_name":"Beggar","floor":19,"gold_loss":75},{"cards_removed":["Underhanded Strike"],"damage_healed":0,"gold_gain":0,"player_choice":"Upgrade and Remove","damage_taken":0,"max_hp_gain":0,"max_hp_loss":0,"event_name":"Designer","floor":21,"gold_loss":110,"cards_upgraded":["Grand Finale"]},{"damage_healed":0,"gold_gain":0,"player_choice":"Inject Mutagens","damage_taken":0,"relics_obtained":["MutagenicStrength"],"max_hp_gain":0,"max_hp_loss":0,"event_name":"Drug Dealer","floor":31,"gold_loss":0},{"cards_removed":["Backstab"],"damage_healed":0,"gold_gain":0,"player_choice":"Removed Attack","damage_taken":0,"max_hp_gain":0,"max_hp_loss":0,"event_name":"Falling","floor":36,"gold_loss":0},{"damage_healed":0,"gold_gain":0,"player_choice":"Fight","damage_taken":0,"max_hp_gain":0,"max_hp_loss":0,"event_name":"MindBloom","floor":41,"gold_loss":0}],"is_beta":false,"boss_relics":[{"not_picked":["WristBlade","Eternal Feather"],"picked":"Runic Pyramid"},{"not_picked":["Philosopher\u0027s Stone","Cursed Key"],"picked":"Busted Crown"}],"items_purged_floors":[12,38,46,54],"is_endless":false,"potions_floor_spawned":[5,10,13,14,22,25,28,30,33,37,39,47,55],"ascension_level":20}