{"gold_per_floor":[119,119,78,3,18,53,53,78,78,104,104,139,139,139,139,216,216,234,0,0,0,0,0,17,17,44,44,73,73,73],"floor_reached":30,"playtime":1699,"items_purged":["Strike_B"],"score":686,"play_id":"4b90abea-ae1f-474e-be57-e845cc3c8405","local_time":"20190314122305","is_ascension_mode":true,"campfire_choices":[{"data":"Defragment","floor":7.0,"key":"SMITH"},{"floor":11.0,"key":"REST"},{"data":"Redo","floor":15.0,"key":"SMITH"},{"data":"Consume","floor":23.0,"key":"SMITH"},{"floor":25.0,"key":"REST"},{"data":"Creative AI","floor":27.0,"key":"SMITH"},{"floor":29.0,"key":"REST"}],"neow_cost":"NONE","seed_source_timestamp":14209601942807,"circlet_count":0,"master_deck":["AscendersBane","Strike_B","Strike_B","Defend_B","Defend_B","Defend_B","Defend_B","Zap","Dualcast","Doom and Gloom+1","Defragment+1","Glacier","Redo+1","Capacitor","Double Energy","Turbo","Creative AI+1","Consume+1","Capacitor","Writhe"],"special_seed":0,"relics":["Cracked Core","NeowsBlessing","Blue Candle","Incense Burner","Potion Belt","Ornamental Fan","Cursed Key","Enchiridion","Ancient Tea Set","Pear"],"potions_floor_usage":[30],"damage_taken":[{"damage":0.0,"enemies":"Small Slimes","floor":1.0,"turns":1.0},{"damage":0.0,"enemies":"Cultist","floor":5.0,"turns":1.0},{"damage":0.0,"enemies":"Gremlin Nob","floor":6.0,"turns":1.0},{"damage":8.0,"enemies":"Lagavulin","floor":8.0,"turns":7.0},{"damage":54.0,"enemies":"Gremlin Nob","floor":10.0,"turns":4.0},{"damage":5.0,"enemies":"Lagavulin","floor":12.0,"turns":5.0},{"damage":0.0,"enemies":"Slime Boss","floor":16.0,"turns":8.0},{"damage":33.0,"enemies":"Chosen","floor":18.0,"turns":8.0},{"damage":7.0,"enemies":"3 Byrds","floor":24.0,"turns":3.0},{"damage":18.0,"enemies":"Gremlin Leader","floor":28.0,"turns":5.0},{"damage":45,"enemies":"Book of Stabbing","floor":30,"turns":5}],"seed_played":"1493241148594754946","potions_obtained":[{"floor":1.0,"key":"FearPotion"},{"floor":8.0,"key":"SkillPotion"},{"floor":18.0,"key":"EssenceOfSteel"},{"floor":24.0,"key":"FearPotion"}],"is_trial":false,"path_per_floor":["M","?","$","$","M","E","R","E","T","E","R","E","?","?","R","B",null,"M","?","?","$","?","R","M","R","T","R","E","R","E"],"character_chosen":"DEFECT","items_purchased":["Defragment"],"campfire_rested":3,"item_purchase_floors":[3],"current_hp_per_floor":[64,64,64,64,64,64,64,56,56,2,23,18,41,41,41,41,64,31,31,31,31,10,10,3,24,24,24,16,40,0],"gold":73,"neow_bonus":"THREE_ENEMY_KILL","is_prod":false,"is_daily":false,"chose_seed":false,"campfire_upgraded":4,"win_rate":0,"timestamp":1552537385,"path_taken":["M","?","?","$","?","E","R","E","T","E","R","E","?","?","R","BOSS","M","?","?","?","?","R","M","R","T","R","E","R","E"],"build_version":"2019-01-23","purchased_purges":1,"victory":false,"max_hp_per_floor":[71,71,71,71,71,71,71,71,71,71,71,71,71,71,71,71,71,71,71,71,71,71,71,71,71,71,71,81,81,81],"card_choices":[{"not_picked":["Hologram","Go for the Eyes"],"picked":"Doom and Gloom","floor":1.0},{"not_picked":["Beam Cell","Conserve Battery","Steam"],"picked":"SKIP","floor":5.0},{"not_picked":["Compile Driver","Lockon"],"picked":"Glacier","floor":6.0},{"not_picked":["Redo","Machine Learning","Streamline"],"picked":"SKIP","floor":8.0},{"not_picked":["Machine Learning","Streamline"],"picked":"Redo","floor":8.0},{"not_picked":["Redo","Rebound"],"picked":"Capacitor","floor":10.0},{"not_picked":["Steam","Conserve Battery"],"picked":"Double Energy","floor":12.0},{"not_picked":["Amplify","Rainbow"],"picked":"Creative AI","floor":16.0},{"not_picked":["Steam+1","Redo","Go for the Eyes"],"picked":"SKIP","floor":18.0},{"not_picked":["Rip and Tear","BootSequence"],"picked":"Capacitor","floor":24.0},{"not_picked":["BootSequence","FTL","Storm"],"picked":"SKIP","floor":28.0}],"player_experience":3577320,"relics_obtained":[{"floor":6.0,"key":"Blue Candle"},{"floor":8.0,"key":"Incense Burner"},{"floor":10.0,"key":"Potion Belt"},{"floor":12.0,"key":"Ornamental Fan"},{"floor":22.0,"key":"Enchiridion"},{"floor":26.0,"key":"Ancient Tea Set"},{"floor":28.0,"key":"Pear"}],"event_choices":[{"damage_healed":0.0,"max_hp_gain":0.0,"max_hp_loss":0.0,"gold_gain":0.0,"event_name":"Upgrade Shrine","player_choice":"Upgraded","floor":2.0,"gold_loss":0.0,"damage_taken":0.0,"cards_upgraded":["Doom and Gloom"]},{"damage_healed":23.0,"max_hp_gain":0.0,"max_hp_loss":0.0,"gold_gain":0.0,"event_name":"Big Fish","player_choice":"Banana","floor":13.0,"gold_loss":0.0,"damage_taken":0.0},{"damage_healed":0.0,"max_hp_gain":0.0,"max_hp_loss":0.0,"gold_gain":0.0,"cards_transformed":["Strike_B"],"event_name":"Living Wall","player_choice":"Change","floor":14.0,"gold_loss":0.0,"damage_taken":0.0,"cards_obtained":["Turbo"]},{"damage_healed":0.0,"max_hp_gain":0.0,"max_hp_loss":0.0,"gold_gain":0.0,"event_name":"Masked Bandits","player_choice":"Paid Fearfully","floor":19.0,"gold_loss":234.0,"damage_taken":0.0},{"damage_healed":0.0,"max_hp_gain":0.0,"max_hp_loss":0.0,"gold_gain":0.0,"event_name":"The Library","player_choice":"Read","floor":20.0,"gold_loss":0.0,"damage_taken":0.0,"cards_obtained":["Consume"]},{"damage_healed":0.0,"max_hp_gain":0.0,"max_hp_loss":0.0,"gold_gain":0.0,"event_name":"Cursed Tome","player_choice":"Obtained Book","floor":22.0,"gold_loss":0.0,"damage_taken":21.0}],"is_beta":false,"boss_relics":[{"not_picked":["Orrery","Velvet Choker"],"picked":"Cursed Key"}],"items_purged_floors":[4],"is_endless":false,"potions_floor_spawned":[1,8,18,24],"killed_by":"Book of Stabbing","ascension_level":20}