{"gold_per_floor":[117,42,42,42,42,42,77,77,127,127,152,152,166,178,178,178],"floor_reached":16,"playtime":131,"items_purged":["Strike_G"],"score":312,"play_id":"9ffbc380-45f2-4f88-8af4-6de1d15aaf40","local_time":"20190322124850","is_ascension_mode":true,"campfire_choices":[{"data":"Poisoned Stab","floor":6,"key":"SMITH"},{"data":"Neutralize","floor":8,"key":"SMITH"},{"data":"Survivor","floor":10,"key":"SMITH"},{"floor":15,"key":"RECALL"}],"neow_cost":"NONE","seed_source_timestamp":13895605217675,"circlet_count":0,"master_deck":["AscendersBane","Defend_G","Defend_G","Defend_G","Defend_G","Defend_G","Strike_G","Strike_G","Strike_G","Survivor+1","Neutralize+1","Poisoned Stab+1","Backstab","Doppelganger"],"special_seed":0,"relics":["Ring of the Snake","NeowsBlessing","PreservedInsect","Bag of Marbles","Pen Nib","Anchor"],"potions_floor_usage":[],"damage_taken":[{"damage":0.0,"enemies":"2 Louse","floor":1.0,"turns":1.0},{"damage":0,"enemies":"Lagavulin","floor":7,"turns":1},{"damage":0,"enemies":"3 Sentries","floor":11,"turns":1},{"damage":0,"enemies":"Small Slimes","floor":13,"turns":2},{"damage":0,"enemies":"Jaw Worm","floor":14,"turns":2},{"damage":0,"enemies":"Slime Boss","floor":16,"turns":1}],"seed_played":"-731641297349849446","potions_obtained":[{"floor":7,"key":"SteroidPotion"}],"is_trial":false,"path_per_floor":["M","$","?","?","$","R","E","R","T","R","E","?","M","M","R","B"],"character_chosen":"THE_SILENT","items_purchased":[],"campfire_rested":0,"item_purchase_floors":[],"current_hp_per_floor":[59,59,59,41,41,41,41,41,41,41,41,46,46,46,46,46],"gold":178,"neow_bonus":"THREE_ENEMY_KILL","is_prod":false,"is_daily":false,"chose_seed":false,"campfire_upgraded":3,"win_rate":0,"timestamp":1553230130,"path_taken":["M","$","?","?","$","R","E","R","T","R","E","?","M","M","R","BOSS"],"build_version":"2019-01-23","purchased_purges":1,"victory":false,"max_hp_per_floor":[66,66,66,66,66,66,66,66,66,66,66,71,71,71,71,71],"card_choices":[{"not_picked":["PiercingWail","Acrobatics"],"picked":"Poisoned Stab","floor":1.0},{"not_picked":["Skewer","Prepared"],"picked":"Backstab","floor":7},{"not_picked":["Bane","Terror"],"picked":"Doppelganger","floor":11},{"not_picked":["Acrobatics","PiercingWail","Leg Sweep"],"picked":"SKIP","floor":13},{"not_picked":["Sucker Punch","Blade Dance","PiercingWail"],"picked":"SKIP","floor":14}],"player_experience":3796235,"relics_obtained":[{"floor":7,"key":"Bag of Marbles"},{"floor":9,"key":"Pen Nib"},{"floor":11,"key":"Anchor"}],"event_choices":[{"cards_removed":["Strike_G"],"damage_healed":0,"gold_gain":0,"player_choice":"Forget","damage_taken":0,"max_hp_gain":0,"max_hp_loss":0,"event_name":"Living Wall","floor":3,"gold_loss":0},{"damage_healed":0,"gold_gain":0,"player_choice":"Success","damage_taken":18,"relics_obtained":["PreservedInsect"],"max_hp_gain":0,"max_hp_loss":0,"event_name":"Scrap Ooze","floor":4,"gold_loss":0},{"damage_healed":0,"gold_gain":0,"player_choice":"Donut","damage_taken":0,"max_hp_gain":5,"max_hp_loss":0,"event_name":"Big Fish","floor":12,"gold_loss":0}],"is_beta":false,"boss_relics":[],"items_purged_floors":[2],"is_endless":false,"potions_floor_spawned":[7],"killed_by":"Slime Boss","ascension_level":20}