{"gold_per_floor":[110,110,128,128,128,128,159,159,159,175,175,191,191,38,38,134,134,151,151,250,175,194,194,194,206,232,157,157,174,200,210,210,312,312,322,322,76,94,94,94,94,146,146,146,46,46,61,92,92,92],"floor_reached":51,"playtime":1555,"items_purged":["Strike_B","Melter+1"],"score":891,"play_id":"fd0b2daf-5f1e-4269-8a98-d2b4078c60b9","local_time":"20190614134906","is_ascension_mode":false,"campfire_choices":[{"data":"Biased Cognition","floor":6.0,"key":"SMITH"},{"data":"Dualcast","floor":8.0,"key":"SMITH"},{"data":"Blizzard","floor":11.0,"key":"SMITH"},{"data":"Zap","floor":13.0,"key":"SMITH"},{"data":"Cold Snap","floor":15.0,"key":"SMITH"},{"floor":23.0,"key":"REST"},{"floor":28.0,"key":"REST"},{"floor":32.0,"key":"REST"},{"floor":40,"key":"REST"},{"floor":44,"key":"REST"},{"floor":49,"key":"REST"}],"neow_cost":"NONE","seed_source_timestamp":11206408121512,"circlet_count":0,"master_deck":["Zap+1","Dualcast+1","Biased Cognition+1","Cold Snap+1","Blizzard+1","Sunder+1","Cold Snap+1","Rainbow+1","Coolheaded+1","FTL+1","Ghostly+1","Ghostly+1","Ghostly+1","Ghostly+1","Ghostly+1","Coolheaded+1","Biased Cognition+1","Core Surge+1","Conserve Battery+1","Storm+1","Steam+1","Coolheaded+1","Hologram+1","Panacea+1","Impatience+1","Impatience+1","Trip+1","Heatsinks+1","Storm+1","Hologram+1"],"special_seed":0,"relics":["Cracked Core","Dream Catcher","Anchor","Blue Candle","Molten Egg 2","PreservedInsect","Pen Nib","Fusion Hammer","Ancient Tea Set","War Paint","Pandora\u0027s Box","DataDisk","Mark of the Bloom","Pocketwatch","Frozen Egg 2","Bag of Preparation"],"potions_floor_usage":[46,50,50],"damage_taken":[{"damage":2.0,"enemies":"2 Louse","floor":1.0,"turns":2.0},{"damage":0.0,"enemies":"Cultist","floor":3.0,"turns":2.0},{"damage":13.0,"enemies":"Gremlin Nob","floor":7.0,"turns":4.0},{"damage":0.0,"enemies":"Small Slimes","floor":10.0,"turns":2.0},{"damage":6.0,"enemies":"Looter","floor":12.0,"turns":3.0},{"damage":0.0,"enemies":"Slime Boss","floor":16.0,"turns":6.0},{"damage":1.0,"enemies":"3 Byrds","floor":18.0,"turns":5.0},{"damage":0.0,"enemies":"2 Thieves","floor":22.0,"turns":3.0},{"damage":0.0,"enemies":"Centurion and Healer","floor":25.0,"turns":7.0},{"damage":0.0,"enemies":"3 Cultists","floor":29.0,"turns":6.0},{"damage":0.0,"enemies":"Book of Stabbing","floor":30.0,"turns":3.0},{"damage":0.0,"enemies":"Snake Plant","floor":31.0,"turns":4.0},{"damage":32.0,"enemies":"Automaton","floor":33.0,"turns":11.0},{"damage":0.0,"enemies":"Orb Walker","floor":35.0,"turns":3.0},{"damage":0.0,"enemies":"3 Shapes","floor":38.0,"turns":5.0},{"damage":0,"enemies":"2 Orb Walkers","floor":42,"turns":3},{"damage":0,"enemies":"Maw","floor":46,"turns":5},{"damage":0,"enemies":"Writhing Mass","floor":47,"turns":4},{"damage":0,"enemies":"Reptomancer","floor":48,"turns":5},{"damage":0,"enemies":"Awakened One","floor":50,"turns":10}],"seed_played":"7500797407090357863","potions_obtained":[{"floor":1.0,"key":"PowerPotion"},{"floor":7.0,"key":"Poison Potion"},{"floor":10.0,"key":"SkillPotion"},{"floor":12.0,"key":"Dexterity Potion"},{"floor":22.0,"key":"SmokeBomb"},{"floor":33.0,"key":"Ancient Potion"}],"is_trial":false,"path_per_floor":["M","?","M","T","?","R","E","R","T","M","R","M","R","$","R","B",null,"M","?","?","$","M","R","?","M","T","?","R","M","E","M","R","B",null,"M","?","$","M","?","R","?","?","T","R","$","M","M","E","R","B",null],"character_chosen":"DEFECT","items_purchased":["Pen Nib","DataDisk","Panacea"],"campfire_rested":6,"item_purchase_floors":[14,37,37],"current_hp_per_floor":[73,73,73,73,55,55,42,42,42,42,42,36,36,36,36,36,75,74,74,74,74,74,75,37,37,37,37,37,37,37,37,37,5,37,37,35,35,35,25,35,35,35,35,35,35,35,35,35,35,35],"gold":92,"neow_bonus":"ONE_RANDOM_RARE_CARD","is_prod":false,"is_daily":false,"chose_seed":false,"campfire_upgraded":5,"win_rate":0,"timestamp":1560491346,"path_taken":["M","?","?","?","?","R","E","R","T","M","R","M","R","$","R","BOSS","M","?","?","$","M","R","?","M","T","?","R","M","E","M","R","BOSS","M","?","$","M","?","R","?","?","T","R","$","M","M","E","R","BOSS"],"build_version":"2019-01-23","purchased_purges":2,"victory":true,"max_hp_per_floor":[75,75,75,75,75,75,75,75,75,75,75,75,75,75,75,75,75,75,75,75,75,75,75,37,37,37,37,37,37,37,37,37,37,37,37,35,35,35,35,35,35,35,35,35,35,35,35,35,35,35],"card_choices":[{"not_picked":["Beam Cell","FTL"],"picked":"Cold Snap","floor":1.0},{"not_picked":["Scrape","Sweeping Beam"],"picked":"Blizzard","floor":3.0},{"not_picked":["FTL","Coolheaded"],"picked":"Sunder","floor":7.0},{"not_picked":["Consume","Hologram"],"picked":"Cold Snap+1","floor":10.0},{"not_picked":["Gash+1","Redo","Conserve Battery"],"picked":"SKIP","floor":12.0},{"not_picked":["Echo Form","Amplify"],"picked":"Rainbow","floor":16.0},{"not_picked":["Reprogram+1","Steam"],"picked":"Coolheaded","floor":18.0},{"not_picked":["Redo","Genetic Algorithm+1","Steam"],"picked":"SKIP","floor":22.0},{"not_picked":["Stack","Leap","Turbo"],"picked":"SKIP","floor":25.0},{"not_picked":["Streamline+1","Beam Cell+1"],"picked":"Coolheaded","floor":28.0},{"not_picked":["Go for the Eyes+1","Fusion","Rebound+1"],"picked":"SKIP","floor":29.0},{"not_picked":["Rebound+1","Lockon+1","Redo"],"picked":"SKIP","floor":30.0},{"not_picked":["Go for the Eyes+1","Conserve Battery+1","Tempest"],"picked":"SKIP","floor":31.0},{"not_picked":["Go for the Eyes+1","Redo"],"picked":"Biased Cognition","floor":32.0},{"not_picked":["Fission","Buffer"],"picked":"Core Surge+1","floor":33.0},{"not_picked":["BootSequence","Barrage+1"],"picked":"Hologram+1","floor":35.0},{"not_picked":["Beam Cell+1","Barrage+1","Aggregate+1"],"picked":"SKIP","floor":38.0},{"not_picked":["Forethought","Deep Breath"],"picked":"Impatience","floor":39},{"not_picked":["Master of Strategy","Trip"],"picked":"Impatience","floor":39},{"not_picked":["Violence","Transmutation"],"picked":"Trip","floor":39},{"not_picked":["Steam","Gash+1"],"picked":"Heatsinks+1","floor":42},{"not_picked":["Sweeping Beam+1","Double Energy","Leap+1"],"picked":"SKIP","floor":47},{"not_picked":["Sweeping Beam+1","Multi-Cast"],"picked":"Storm+1","floor":48},{"not_picked":["Leap","Scrape+1"],"picked":"Hologram+1","floor":49}],"player_experience":5190281,"relics_obtained":[{"floor":4.0,"key":"Anchor"},{"floor":7.0,"key":"Molten Egg 2"},{"floor":9.0,"key":"PreservedInsect"},{"floor":26.0,"key":"Ancient Tea Set"},{"floor":30.0,"key":"War Paint"},{"floor":42,"key":"Pocketwatch"},{"floor":43,"key":"Frozen Egg 2"},{"floor":48,"key":"Bag of Preparation"}],"event_choices":[{"damage_healed":0.0,"max_hp_gain":0.0,"max_hp_loss":0.0,"gold_gain":0.0,"event_name":"WeMeetAgain","player_choice":"Gave Potion","floor":2.0,"gold_loss":0.0,"damage_taken":0.0,"relics_obtained":["Dream Catcher"]},{"damage_healed":0.0,"max_hp_gain":0.0,"max_hp_loss":0.0,"gold_gain":0.0,"event_name":"Scrap Ooze","player_choice":"Success","floor":5.0,"gold_loss":0.0,"damage_taken":18.0,"relics_obtained":["Blue Candle"]},{"damage_healed":0.0,"max_hp_gain":0.0,"max_hp_loss":0.0,"gold_gain":0.0,"cards_transformed":["Strike_B","Strike_B"],"event_name":"Drug Dealer","player_choice":"Became Test Subject","floor":19.0,"gold_loss":0.0,"damage_taken":0.0,"cards_obtained":["FTL","Melter"]},{"damage_healed":0.0,"max_hp_gain":0.0,"max_hp_loss":0.0,"gold_gain":99.0,"event_name":"Nest","player_choice":"Stole From Cult","floor":20.0,"gold_loss":0.0,"damage_taken":0.0},{"damage_healed":0.0,"max_hp_gain":0.0,"max_hp_loss":38.0,"gold_gain":0.0,"event_name":"Ghosts","player_choice":"Became a Ghost","floor":24.0,"gold_loss":0.0,"damage_taken":0.0,"cards_obtained":["Ghostly","Ghostly","Ghostly","Ghostly","Ghostly"]},{"cards_removed":["Strike_B"],"damage_healed":0.0,"max_hp_gain":0.0,"max_hp_loss":0.0,"gold_gain":0.0,"event_name":"Beggar","player_choice":"Gave Gold","floor":27.0,"gold_loss":75.0,"damage_taken":0.0},{"damage_healed":0.0,"max_hp_gain":0.0,"max_hp_loss":2.0,"gold_gain":0.0,"event_name":"Winding Halls","player_choice":"Max HP","floor":36.0,"gold_loss":0.0,"damage_taken":0.0},{"damage_healed":0,"gold_gain":0,"player_choice":"Memory 3","damage_taken":10,"max_hp_gain":0,"max_hp_loss":0,"event_name":"SensoryStone","floor":39,"gold_loss":0},{"damage_healed":0,"gold_gain":0,"player_choice":"Upgrade","damage_taken":0,"relics_obtained":["Mark of the Bloom"],"max_hp_gain":0,"max_hp_loss":0,"event_name":"MindBloom","floor":41,"gold_loss":0,"cards_upgraded":["Rainbow","Coolheaded","Ghostly","Ghostly","Ghostly","Ghostly","Coolheaded","Biased Cognition","Conserve Battery","Storm","Steam","Coolheaded","Panacea","Impatience","Impatience","Trip"]},{"damage_healed":0,"gold_gain":0,"player_choice":"Fight","damage_taken":0,"max_hp_gain":0,"max_hp_loss":0,"event_name":"Mysterious Sphere","floor":42,"gold_loss":0}],"is_beta":false,"boss_relics":[{"not_picked":["Eternal Feather","White Beast Statue"],"picked":"Fusion Hammer"},{"not_picked":["Inserter","Calling Bell"],"picked":"Pandora\u0027s Box"}],"items_purged_floors":[21,45],"is_endless":false,"potions_floor_spawned":[1,7,10,12,22,29,33,42,46],"ascension_level":0}