{"gold_per_floor":[113,129,40,60,60,135,148,159,237,237,32,32,51,68,68,146,146,163,26,44,62,76,76,76,76,76,96,96],"floor_reached":28,"playtime":735,"items_purged":["Strike_G","Strike_G"],"score":428,"play_id":"f1017082-2ccb-4803-b81e-c92e901ee35d","local_time":"20181117122243","is_ascension_mode":true,"campfire_choices":[{"data":"Deadly Poison","floor":10,"key":"SMITH"},{"data":"Neutralize","floor":12,"key":"SMITH"},{"data":"Deadly Poison","floor":15,"key":"SMITH"},{"data":"Tactician","floor":23,"key":"SMITH"},{"floor":25,"key":"REST"}],"neow_cost":"NONE","seed_source_timestamp":5576253854854,"circlet_count":0,"master_deck":["AscendersBane","Defend_G","Defend_G","Defend_G","Defend_G","Defend_G","Strike_G","Strike_G","Strike_G","Survivor","Neutralize+1","Deadly Poison+1","Acrobatics","Well Laid Plans","Escape Plan","Masterful Stab","Blur","Deadly Poison+1","PiercingWail","Grand Finale","Tactician+1","Backflip","Prepared"],"relics":["Ring of the Snake","NeowsBlessing","Matryoshka","Runic Dome","Gremlin Horn","Kunai"],"potions_floor_usage":[16,27,28],"damage_taken":[{"damage":0,"enemies":"Cultist","floor":1,"turns":1},{"damage":0,"enemies":"Small Slimes","floor":2,"turns":1},{"damage":0,"enemies":"Jaw Worm","floor":4,"turns":1},{"damage":12,"enemies":"Looter","floor":7,"turns":4},{"damage":8,"enemies":"2 Fungi Beasts","floor":8,"turns":6},{"damage":0,"enemies":"Blue Slaver","floor":13,"turns":5},{"damage":14,"enemies":"Large Slime","floor":14,"turns":7},{"damage":11,"enemies":"Hexaghost","floor":16,"turns":10},{"damage":14,"enemies":"Shell Parasite","floor":18,"turns":4},{"damage":12,"enemies":"Spheric Guardian","floor":20,"turns":5},{"damage":6,"enemies":"Snake Plant","floor":21,"turns":3},{"damage":5,"enemies":"Shelled Parasite and Fungi","floor":22,"turns":3},{"damage":23,"enemies":"Snecko","floor":27,"turns":5},{"damage":12,"enemies":"Gremlin Leader","floor":28,"turns":2}],"seed_played":"-8613159328531868195","potions_obtained":[{"floor":4,"key":"SpeedPotion"},{"floor":8,"key":"Energy Potion"},{"floor":14,"key":"Weak Potion"},{"floor":16,"key":"Ancient Potion"},{"floor":22,"key":"Block Potion"},{"floor":27,"key":"Explosive Potion"}],"is_trial":false,"path_per_floor":["M","M","$","M","?","?","M","M","T","R","$","R","M","M","R","B",null,"M","$","M","M","M","R","?","R","T","M","E"],"character_chosen":"THE_SILENT","items_purchased":["Well Laid Plans","Masterful Stab","Blur","Tactician"],"campfire_rested":1,"item_purchase_floors":[3,11,11,19],"current_hp_per_floor":[59,59,59,59,59,48,36,28,28,28,28,28,28,14,14,3,50,36,36,24,18,13,13,13,32,32,9,0],"gold":96,"neow_bonus":"THREE_ENEMY_KILL","is_prod":false,"is_daily":false,"chose_seed":false,"campfire_upgraded":4,"win_rate":0,"timestamp":1542428563,"path_taken":["M","?","$","M","?","?","M","M","T","R","$","R","M","M","R","BOSS","M","$","M","M","M","R","?","R","T","M","E"],"build_version":"2018-11-15","purchased_purges":2,"victory":false,"max_hp_per_floor":[66,66,66,66,66,66,66,66,66,66,66,66,66,66,66,66,66,66,66,66,66,66,66,66,66,66,66,66],"card_choices":[{"not_picked":["Dagger Throw","Dodge and Roll"],"picked":"Deadly Poison","floor":1},{"not_picked":["Dagger Throw","Heel Hook"],"picked":"Acrobatics","floor":2},{"not_picked":["Outmaneuver","Underhanded Strike","Slice"],"picked":"SKIP","floor":4},{"not_picked":["Choke","Flying Knee","Wraith Form v2"],"picked":"SKIP","floor":7},{"not_picked":["Acrobatics","Slice"],"picked":"Escape Plan","floor":8},{"not_picked":["Terror","Bane"],"picked":"Deadly Poison","floor":13},{"not_picked":["Flechettes","Acrobatics"],"picked":"PiercingWail","floor":14},{"not_picked":["Corpse Explosion","A Thousand Cuts"],"picked":"Grand Finale","floor":16},{"not_picked":["Poisoned Stab+1","Well Laid Plans","Underhanded Strike"],"picked":"SKIP","floor":18},{"not_picked":["PiercingWail","Blade Dance"],"picked":"Backflip","floor":20},{"not_picked":["Bane","Choke","Dodge and Roll"],"picked":"SKIP","floor":21},{"not_picked":["Endless Agony","Slice","Cloak And Dagger"],"picked":"SKIP","floor":22},{"not_picked":["Quick Slash","Dagger Throw"],"picked":"Prepared","floor":27}],"player_experience":1089933,"relics_obtained":[{"floor":9,"key":"Matryoshka"},{"floor":26,"key":"Gremlin Horn"},{"floor":26,"key":"Kunai"}],"event_choices":[{"damage_healed":0,"gold_gain":0,"player_choice":"Leave","damage_taken":0,"max_hp_gain":0,"max_hp_loss":0,"event_name":"The Cleric","floor":5,"gold_loss":0},{"damage_healed":0,"gold_gain":75,"player_choice":"Gather Gold","damage_taken":11,"max_hp_gain":0,"max_hp_loss":0,"event_name":"World of Goop","floor":6,"gold_loss":0},{"damage_healed":0,"gold_gain":0,"player_choice":"Ignored","damage_taken":0,"max_hp_gain":0,"max_hp_loss":0,"event_name":"Cursed Tome","floor":24,"gold_loss":0}],"is_beta":true,"boss_relics":[{"not_picked":["Calling Bell","Velvet Choker"],"picked":"Runic Dome"}],"items_purged_floors":[11,19],"is_endless":false,"potions_floor_spawned":[4,8,13,14,16,20,22,27],"killed_by":"Gremlin Leader","ascension_level":20}