{"gold_per_floor":[116,116,135,153,21,21,32,32,32,32,32,52,62,76,76,151,151,102,26,76,76,76],"floor_reached":22,"playtime":573,"items_purged":["Pain"],"score":452,"play_id":"f8b0d832-07fe-49d7-b6c7-d4c766b696b6","local_time":"20190224013441","is_ascension_mode":true,"campfire_choices":[{"data":"Coolheaded","floor":6.0,"key":"SMITH"},{"data":"Hologram","floor":8.0,"key":"SMITH"},{"data":"Go for the Eyes","floor":11.0,"key":"SMITH"},{"data":"Loop","floor":15.0,"key":"SMITH"}],"neow_cost":"NONE","seed_source_timestamp":538541809177436,"circlet_count":0,"master_deck":["AscendersBane","Strike_B","Strike_B","Strike_B","Strike_B","Defend_B","Defend_B","Defend_B","Defend_B","Zap","Dualcast","Beam Cell","Coolheaded+1","Go for the Eyes+1","Hologram+1","Leap","Clumsy","Coolheaded","Ball Lightning","Loop+1","Fission","White Noise","Self Repair"],"special_seed":0,"relics":["Cursed Key","WarpedTongs","Kunai","Inserter"],"potions_floor_usage":[],"damage_taken":[{"damage":6.0,"enemies":"Cultist","floor":1.0,"turns":4.0},{"damage":11.0,"enemies":"2 Louse","floor":3.0,"turns":3.0},{"damage":9.0,"enemies":"Jaw Worm","floor":4.0,"turns":4.0},{"damage":0.0,"enemies":"Exordium Thugs","floor":7.0,"turns":4.0},{"damage":0.0,"enemies":"Blue Slaver","floor":12.0,"turns":4.0},{"damage":5.0,"enemies":"Lots of Slimes","floor":13.0,"turns":5.0},{"damage":0.0,"enemies":"2 Fungi Beasts","floor":14.0,"turns":3.0},{"damage":0.0,"enemies":"Slime Boss","floor":16.0,"turns":9.0},{"damage":19.0,"enemies":"2 Thieves","floor":18.0,"turns":5.0},{"damage":13,"enemies":"3 Byrds","floor":22,"turns":2}],"seed_played":"7118023526254235834","potions_obtained":[{"floor":4.0,"key":"Weak Potion"},{"floor":7.0,"key":"FearPotion"},{"floor":16.0,"key":"Explosive Potion"},{"floor":18.0,"key":"SpeedPotion"}],"is_trial":false,"path_per_floor":["M","?","M","M","$","R","M","R","T","?","R","M","M","M","R","B",null,"M","$","?","T","M"],"character_chosen":"DEFECT","items_purchased":["Hologram","Self Repair"],"campfire_rested":0,"item_purchase_floors":[5,19],"current_hp_per_floor":[58,58,47,38,38,38,38,38,38,43,43,43,38,38,38,38,67,48,48,48,48,35],"gold":76,"neow_bonus":"BOSS_RELIC","is_prod":false,"is_daily":false,"chose_seed":false,"campfire_upgraded":4,"win_rate":0,"timestamp":1550943281,"path_taken":["M","?","M","M","?","R","M","R","T","?","R","M","M","M","R","BOSS","M","$","?","?","?"],"build_version":"2019-01-23","purchased_purges":1,"victory":false,"max_hp_per_floor":[71,71,71,71,71,71,71,71,71,76,76,76,76,76,76,76,76,76,76,76,76,76],"card_choices":[{"not_picked":["Streamline","Rebound"],"picked":"Beam Cell","floor":1.0},{"not_picked":["Barrage","Streamline"],"picked":"Coolheaded","floor":3.0},{"not_picked":["Chill","Turbo"],"picked":"Go for the Eyes","floor":4.0},{"not_picked":["Meteor Strike","Hologram"],"picked":"Leap","floor":7.0},{"not_picked":["Sweeping Beam","Rip and Tear"],"picked":"Coolheaded","floor":12.0},{"not_picked":["Leap","Compile Driver"],"picked":"Ball Lightning","floor":13.0},{"not_picked":["Coolheaded","Beam Cell"],"picked":"Loop","floor":14.0},{"not_picked":["Reboot","Buffer"],"picked":"Fission","floor":16.0},{"not_picked":["Stack","Streamline"],"picked":"White Noise","floor":18.0}],"player_experience":959864,"relics_obtained":[{"floor":9.0,"key":"Kunai"}],"event_choices":[{"damage_healed":0.0,"max_hp_gain":0.0,"max_hp_loss":0.0,"gold_gain":0.0,"event_name":"Accursed Blacksmith","player_choice":"Rummage","floor":2.0,"gold_loss":0.0,"damage_taken":0.0,"relics_obtained":["WarpedTongs"],"cards_obtained":["Pain"]},{"damage_healed":0.0,"max_hp_gain":5.0,"max_hp_loss":0.0,"gold_gain":0.0,"event_name":"Big Fish","player_choice":"Donut","floor":10.0,"gold_loss":0.0,"damage_taken":0.0},{"damage_healed":0.0,"max_hp_gain":0.0,"max_hp_loss":0.0,"gold_gain":50.0,"event_name":"Nest","player_choice":"Stole From Cult","floor":20.0,"gold_loss":0.0,"damage_taken":0.0}],"is_beta":false,"boss_relics":[{"not_picked":["Pandora\u0027s Box","Orrery"],"picked":"Inserter"}],"items_purged_floors":[5],"is_endless":false,"potions_floor_spawned":[4,7,16,18],"killed_by":"3 Byrds","ascension_level":20}