{"gold_per_floor":[112,112,23,173,98,98,129,149,203,203,217,236,256,267,267,344,344,360,275,293,11,11,11,68,87,87,104,104,118,153,78,78,154,154,173,183,183,193,211,211,226,126,126,126,1,1,1,18,18,18,18,18,18,18,48,48],"floor_reached":57,"playtime":2409,"items_purged":["Doubt","Scrape+1","Shame"],"score":2713,"play_id":"34e4b294-935c-4725-baef-80388153d275","local_time":"20190110152807","is_ascension_mode":true,"campfire_choices":[{"data":"Static Discharge","floor":6.0,"key":"SMITH"},{"data":"Double Energy","floor":10.0,"key":"SMITH"},{"data":"Defragment","floor":15.0,"key":"SMITH"},{"data":"Hologram","floor":23.0,"key":"SMITH"},{"data":"Reinforced Body","floor":28.0,"key":"SMITH"},{"floor":32.0,"key":"REST"},{"data":"Turbo","floor":40.0,"key":"SMITH"},{"floor":47.0,"key":"RECALL"},{"data":"Tempest","floor":49.0,"key":"SMITH"},{"data":"Undo","floor":53,"key":"SMITH"}],"neow_cost":"NONE","seed_source_timestamp":10521012055694,"circlet_count":0,"master_deck":["AscendersBane","Zap","Dualcast","Conserve Battery+1","Storm","Electrodynamics","Tempest+1","Undo+1","Static Discharge+1","Double Energy+1","Thunder Strike","Defragment+1","Reinforced Body+1","Electrodynamics","Hologram+1","Thunder Strike","Thunder Strike","Turbo+1","Seek","Thunder Strike","Hologram+1","Undo+1","Storm"],"special_seed":0,"relics":["Pandora\u0027s Box","Torii","Potion Belt","Cursed Key","Anchor","Pantograph","Tiny Chest","Gambling Chip","Snecko Eye","Blood Vial"],"potions_floor_usage":[51,56,56],"damage_taken":[{"damage":11.0,"enemies":"Small Slimes","floor":1.0,"turns":2.0},{"damage":0.0,"enemies":"Lagavulin","floor":7.0,"turns":6.0},{"damage":1.0,"enemies":"2 Louse","floor":8.0,"turns":2.0},{"damage":0.0,"enemies":"Cultist","floor":11.0,"turns":3.0},{"damage":6.0,"enemies":"2 Fungi Beasts","floor":12.0,"turns":3.0},{"damage":1.0,"enemies":"Looter","floor":13.0,"turns":3.0},{"damage":1.0,"enemies":"Red Slaver","floor":14.0,"turns":2.0},{"damage":0.0,"enemies":"Slime Boss","floor":16.0,"turns":5.0},{"damage":2.0,"enemies":"Shell Parasite","floor":18.0,"turns":4.0},{"damage":0.0,"enemies":"Chosen","floor":20.0,"turns":3.0},{"damage":2.0,"enemies":"Book of Stabbing","floor":24.0,"turns":4.0},{"damage":15.0,"enemies":"Snake Plant","floor":25.0,"turns":4.0},{"damage":0.0,"enemies":"3 Cultists","floor":27.0,"turns":2.0},{"damage":12.0,"enemies":"Shelled Parasite and Fungi","floor":29.0,"turns":3.0},{"damage":23.0,"enemies":"Slavers","floor":30.0,"turns":3.0},{"damage":16.0,"enemies":"Automaton","floor":33.0,"turns":6.0},{"damage":1.0,"enemies":"3 Darklings","floor":35.0,"turns":2.0},{"damage":0.0,"enemies":"3 Shapes","floor":36.0,"turns":3.0},{"damage":0.0,"enemies":"Maw","floor":38.0,"turns":4.0},{"damage":0.0,"enemies":"Spire Growth","floor":39.0,"turns":3.0},{"damage":0.0,"enemies":"4 Shapes","floor":41.0,"turns":2.0},{"damage":0.0,"enemies":"Transient","floor":48.0,"turns":6.0},{"damage":2.0,"enemies":"Donu and Deca","floor":50.0,"turns":4.0},{"damage":49,"enemies":"Awakened One","floor":51,"turns":4},{"damage":13,"enemies":"Shield and Spear","floor":55,"turns":2},{"damage":50,"enemies":"The Heart","floor":56,"turns":7}],"seed_played":"-696442226610617848","potions_obtained":[{"floor":11.0,"key":"Explosive Potion"},{"floor":13.0,"key":"SkillPotion"},{"floor":14.0,"key":"Energy Potion"},{"floor":16.0,"key":"FocusPotion"},{"floor":20.0,"key":"LiquidBronze"},{"floor":27.0,"key":"Fruit Juice"},{"floor":30.0,"key":"Weak Potion"},{"floor":33.0,"key":"PowerPotion"},{"floor":36.0,"key":"Dexterity Potion"},{"floor":37.0,"key":"SkillPotion"},{"floor":37.0,"key":"FearPotion"}],"is_trial":false,"path_per_floor":["M","?","$","?","$","R","E","M","T","R","M","M","M","M","R","B",null,"M","?","M","$","?","R","E","M","T","M","R","M","E","?","R","B",null,"M","M","?","M","M","R","M","$","T","?","$","T","R","M","R","B","B",null,"R","$","E","B",null],"character_chosen":"DEFECT","items_purchased":["Thunder Strike","Pantograph"],"campfire_rested":1,"item_purchase_floors":[3,21],"current_hp_per_floor":[53,32,32,32,32,32,32,31,31,31,31,25,24,23,23,23,59,57,57,57,57,57,57,55,40,40,40,40,33,10,10,32,41,67,66,66,66,66,66,66,66,66,66,62,62,62,62,62,62,74,27,64,64,64,51,26],"gold":48,"neow_bonus":"BOSS_RELIC","is_prod":false,"is_daily":false,"chose_seed":false,"campfire_upgraded":8,"win_rate":0,"timestamp":1547105287,"path_taken":["M","?","$","?","$","R","E","M","T","R","M","M","M","M","R","BOSS","M","?","M","$","?","R","E","M","T","M","R","?","E","?","R","BOSS","M","M","?","?","M","R","M","$","T","?","$","?","R","M","R","BOSS","BOSS","R","$","E","BOSS"],"build_version":"2019-01-03v4","purchased_purges":3,"victory":true,"max_hp_per_floor":[71,71,71,71,71,71,71,71,71,71,71,71,71,71,71,71,71,71,71,71,71,71,71,71,71,71,71,71,76,76,76,76,76,76,76,76,76,76,76,76,76,76,76,76,76,76,76,76,76,76,76,76,76,76,76,76],"card_choices":[{"not_picked":["Steam","Leap"],"picked":"Double Energy","floor":1.0},{"not_picked":["Steam Power","Storm"],"picked":"Defragment","floor":7.0},{"not_picked":["Steam","Coolheaded"],"picked":"Reinforced Body","floor":8.0},{"not_picked":["Go for the Eyes","Ball Lightning","Compile Driver"],"picked":"SKIP","floor":11.0},{"not_picked":["Gash","Streamline"],"picked":"Electrodynamics","floor":12.0},{"not_picked":["Go for the Eyes","Sunder","Cold Snap"],"picked":"SKIP","floor":13.0},{"not_picked":["Genetic Algorithm","Conserve Battery"],"picked":"Hologram","floor":14.0},{"not_picked":["Rainbow","Buffer"],"picked":"Thunder Strike","floor":16.0},{"not_picked":["Conserve Battery","Hologram","Auto Shields"],"picked":"SKIP","floor":18.0},{"not_picked":["Coolheaded","Leap","Gash"],"picked":"SKIP","floor":20.0},{"not_picked":["Compile Driver","BootSequence","Machine Learning"],"picked":"SKIP","floor":24.0},{"not_picked":["Rebound","Barrage","Redo"],"picked":"SKIP","floor":25.0},{"not_picked":["Genetic Algorithm","Conserve Battery"],"picked":"Turbo","floor":27.0},{"not_picked":["Sunder+1","Conserve Battery","Chill"],"picked":"SKIP","floor":29.0},{"not_picked":["Melter","Stack"],"picked":"Seek","floor":30.0},{"not_picked":["Creative AI","Buffer"],"picked":"Thunder Strike","floor":33.0},{"not_picked":["BootSequence","Turbo+1"],"picked":"Hologram+1","floor":35.0},{"not_picked":["Streamline","Rebound","Beam Cell"],"picked":"SKIP","floor":36.0},{"not_picked":["Redo+1","Hologram"],"picked":"Undo+1","floor":38.0},{"not_picked":["Barrage","Loop","Rip and Tear"],"picked":"SKIP","floor":39.0},{"not_picked":["Stack+1","Beam Cell+1","Hyperbeam"],"picked":"SKIP","floor":41.0},{"not_picked":["Genetic Algorithm","Gash+1","Go for the Eyes"],"picked":"SKIP","floor":48.0},{"not_picked":["Genetic Algorithm","Gash+1","Go for the Eyes"],"picked":"SKIP","floor":48.0},{"not_picked":["Beam Cell","Undo"],"picked":"Storm","floor":55}],"player_experience":1908293,"relics_obtained":[{"floor":7.0,"key":"Torii"},{"floor":9.0,"key":"Potion Belt"},{"floor":24.0,"key":"Tiny Chest"},{"floor":30.0,"key":"Gambling Chip"},{"floor":55,"key":"Blood Vial"}],"event_choices":[{"damage_healed":0.0,"max_hp_gain":0.0,"max_hp_loss":0.0,"gold_gain":0.0,"event_name":"Shining Light","player_choice":"Entered Light","floor":2.0,"gold_loss":0.0,"damage_taken":21.0,"cards_upgraded":["Conserve Battery","Scrape"]},{"damage_healed":0.0,"max_hp_gain":0.0,"max_hp_loss":0.0,"gold_gain":150.0,"event_name":"Liars Game","player_choice":"AGREE","floor":4.0,"gold_loss":0.0,"damage_taken":0.0,"cards_obtained":["Doubt"]},{"damage_healed":0.0,"max_hp_gain":0.0,"max_hp_loss":0.0,"gold_gain":0.0,"event_name":"Addict","player_choice":"Obtained Relic","floor":19.0,"gold_loss":85.0,"damage_taken":0.0,"relics_obtained":["Anchor"]},{"damage_healed":0.0,"max_hp_gain":0.0,"max_hp_loss":0.0,"gold_gain":0.0,"event_name":"Duplicator","player_choice":"Copied","floor":22.0,"gold_loss":0.0,"damage_taken":0.0,"cards_obtained":["Thunder Strike"]},{"cards_removed":["Sweeping Beam"],"damage_healed":0.0,"max_hp_gain":0.0,"max_hp_loss":0.0,"gold_gain":0.0,"event_name":"Beggar","player_choice":"Gave Gold","floor":31.0,"gold_loss":75.0,"damage_taken":0.0},{"damage_healed":0.0,"max_hp_gain":0.0,"max_hp_loss":0.0,"gold_gain":0.0,"event_name":"Lab","player_choice":"Got Potions","floor":37.0,"gold_loss":0.0,"damage_taken":0.0},{"damage_healed":0.0,"max_hp_gain":0.0,"max_hp_loss":0.0,"gold_gain":0.0,"event_name":"The Woman in Blue","player_choice":"Bought 0 Potions","floor":44.0,"gold_loss":0.0,"damage_taken":0.0}],"is_beta":false,"boss_relics":[{"not_picked":["Lizard Tail","Orrery"],"picked":"Cursed Key"},{"not_picked":["Sozu","Eternal Feather"],"picked":"Snecko Eye"}],"items_purged_floors":[5,42,45],"is_endless":false,"potions_floor_spawned":[11,13,14,16,20,27,30,33,36,38],"ascension_level":20}