{"path_per_floor":["M","M","?","?","M","E","?","R","T","?","M","$","M","E","R","B",null],"character_chosen":"IRONCLAD","items_purchased":[],"gold_per_floor":[109,124,199,199,223,254,330,330,381,381,401,326,350,389,389,510,510,510],"floor_reached":18,"campfire_rested":1,"playtime":712,"current_hp_per_floor":[80,80,69,49,51,18,19,43,43,49,44,44,41,67,67,16,86,55],"items_purged":["Defend_R"],"gold":510,"score":170,"play_id":"3ed35ba7-6339-4032-81f8-17cb0d7d199a","local_time":"20180328153017","is_prod":false,"is_daily":false,"is_ascension_mode":false,"campfire_upgraded":1,"timestamp":1522243817,"path_taken":["M","M","?","?","M","E","?","R","T","?","?","$","M","E","R","BOSS","M"],"build_version":"2018-03-22v2","purchased_purges":1,"victory":false,"master_deck":["Strike_R","Strike_R","Strike_R","Strike_R","Strike_R","Defend_R","Defend_R","Defend_R","Bash","Body Slam","Body Slam","Reaper","Seeing Red+1","Regret","Warcry","Heavy Blade","Warcry","Exhume"],"max_hp_per_floor":[80,80,80,80,80,80,80,80,80,86,86,86,86,86,86,86,86,86],"relics":["Black Blood","Golden Idol","Red Skull","Ancient Tea Set","Orichalcum","Darkstone Periapt","Kunai"],"card_choices":[{"not_picked":["Anger","Intimidate"],"picked":"Body Slam","floor":1.0},{"not_picked":["Sword Boomerang","Pummel"],"picked":"Body Slam","floor":5.0},{"not_picked":["Perfected Strike","Clothesline"],"picked":"Reaper","floor":6.0},{"not_picked":["Perfected Strike","Clothesline"],"picked":"Seeing Red","floor":7.0},{"not_picked":["Flex","Sentinel"],"picked":"Warcry","floor":11.0},{"not_picked":["Clothesline","Pommel Strike"],"picked":"Heavy Blade","floor":13.0},{"not_picked":["Combust","Clothesline"],"picked":"Warcry","floor":14.0},{"not_picked":["Dark Embrace","Brutality"],"picked":"Exhume","floor":16}],"player_experience":198662,"potions_floor_usage":[16],"damage_taken":[{"damage":0.0,"enemies":"2 Louse","floor":1.0,"turns":3.0},{"damage":0.0,"enemies":"Small Slimes","floor":2.0,"turns":4.0},{"damage":4.0,"enemies":"Cultist","floor":5.0,"turns":4.0},{"damage":39.0,"enemies":"Gremlin Nob","floor":6.0,"turns":6.0},{"damage":15.0,"enemies":"Gremlin Nob","floor":7.0,"turns":4.0},{"damage":15.0,"enemies":"Looter","floor":11.0,"turns":4.0},{"damage":13.0,"enemies":"Blue Slaver","floor":13.0,"turns":4.0},{"damage":10.0,"enemies":"3 Sentries","floor":14.0,"turns":6.0},{"damage":64,"enemies":"Hexaghost","floor":16,"turns":11},{"damage":37,"enemies":"3 Byrds","floor":18,"turns":5}],"event_choices":[{"event_name":"World of Goop","player_choice":"Gather Gold","floor":3.0,"damage_taken":0.0},{"event_name":"Golden Idol","player_choice":"Take Damage","floor":4.0,"damage_taken":0.0},{"event_name":"Dead Adventurer","player_choice":"Searched \u00271\u0027 times","floor":7.0,"damage_taken":0.0},{"event_name":"Big Fish","player_choice":"Box","floor":10.0,"damage_taken":0.0}],"boss_relics":[{"not_picked":["White Beast Statue","Runic Pyramid"],"picked":"Black Blood"}],"potions_floor_spawned":[2,5,7,13],"seed_played":"-4426966626525384849","killed_by":"3 Byrds","ascension_level":0,"is_trial":false}