{"gold_per_floor":[210,230,249,249,90,90,106,106,159,159,159,159,175,210,210,287,287,299,299,23,36,50,85,85,85],"floor_reached":25,"playtime":1277,"items_purged":["Strike_B"],"score":492,"play_id":"37972a87-492e-4c51-adec-40918a19f583","local_time":"20190222123001","is_ascension_mode":true,"campfire_choices":[{"data":"Sunder","floor":6.0,"key":"SMITH"},{"data":"Capacitor","floor":8.0,"key":"SMITH"},{"data":"Dualcast","floor":10.0,"key":"SMITH"},{"data":"Zap","floor":12.0,"key":"SMITH"},{"data":"Skim","floor":15.0,"key":"SMITH"},{"floor":24.0,"key":"RECALL"}],"neow_cost":"NONE","seed_source_timestamp":6733806799732,"circlet_count":0,"master_deck":["AscendersBane","Strike_B","Strike_B","Defend_B","Defend_B","Defend_B","Defend_B","Zap+1","Dualcast+1","Sunder+1","Glacier","Ball Lightning","Capacitor+1","Skim+1","Creative AI","Heatsinks","Ghostly","Ghostly","Ghostly","Genetic Algorithm+1","Undo+1","Coolheaded+1"],"special_seed":0,"relics":["Cracked Core","Bronze Scales","Vajra","Fusion Hammer","Toxic Egg 2","Molten Egg 2"],"potions_floor_usage":[],"damage_taken":[{"damage":0.0,"enemies":"2 Louse","floor":1.0,"turns":2.0},{"damage":0.0,"enemies":"Small Slimes","floor":2.0,"turns":3.0},{"damage":0.0,"enemies":"Jaw Worm","floor":3.0,"turns":3.0},{"damage":3.0,"enemies":"3 Louse","floor":7.0,"turns":2.0},{"damage":2.0,"enemies":"Large Slime","floor":13.0,"turns":3.0},{"damage":4.0,"enemies":"Gremlin Nob","floor":14.0,"turns":3.0},{"damage":20.0,"enemies":"The Guardian","floor":16.0,"turns":9.0},{"damage":11.0,"enemies":"Spheric Guardian","floor":18.0,"turns":3.0},{"damage":0.0,"enemies":"2 Thieves","floor":21.0,"turns":3.0},{"damage":0.0,"enemies":"Snecko","floor":22.0,"turns":6.0},{"damage":0.0,"enemies":"Gremlin Leader","floor":23.0,"turns":8.0},{"damage":25,"enemies":"Book of Stabbing","floor":25,"turns":5}],"seed_played":"1777109015196326839","potions_obtained":[{"floor":2.0,"key":"AttackPotion"},{"floor":13.0,"key":"Fire Potion"},{"floor":18.0,"key":"GamblersBrew"},{"floor":23.0,"key":"Strength Potion"}],"is_trial":false,"path_per_floor":["M","M","M","?","$","R","M","R","T","R","?","R","M","E","R","B",null,"M","?","$","M","M","E","R","E"],"character_chosen":"DEFECT","items_purchased":["Capacitor","Toxic Egg 2"],"campfire_rested":0,"item_purchase_floors":[5,20],"current_hp_per_floor":[64,64,64,57,57,57,54,54,54,54,59,59,57,53,53,33,65,54,38,38,38,38,38,38,13],"gold":85,"neow_bonus":"HUNDRED_GOLD","is_prod":false,"is_daily":false,"chose_seed":false,"campfire_upgraded":5,"win_rate":0,"timestamp":1550809801,"path_taken":["M","M","M","?","$","R","M","R","T","R","?","R","M","E","R","BOSS","M","?","$","M","M","E","R","E"],"build_version":"2019-01-23","purchased_purges":1,"victory":false,"max_hp_per_floor":[71,71,71,71,71,71,71,71,71,71,76,76,76,76,76,76,76,76,38,38,38,38,38,38,38],"card_choices":[{"not_picked":["Ball Lightning","Cold Snap"],"picked":"Sunder","floor":1.0},{"not_picked":["Consume","Steam"],"picked":"Glacier","floor":2.0},{"not_picked":["Skim","Static Discharge"],"picked":"Ball Lightning","floor":3.0},{"not_picked":["Turbo","Conserve Battery"],"picked":"Skim","floor":7.0},{"not_picked":["Conserve Battery","Scrape","Streamline"],"picked":"SKIP","floor":13.0},{"not_picked":["Rip and Tear","Go for the Eyes","Beam Cell"],"picked":"SKIP","floor":14.0},{"not_picked":["Seek","Echo Form"],"picked":"Creative AI","floor":16.0},{"not_picked":["Steam","Cold Snap"],"picked":"Heatsinks","floor":18.0},{"not_picked":["Leap+1","Rip and Tear+1"],"picked":"Genetic Algorithm+1","floor":21.0},{"not_picked":["Redo+1","Turbo+1"],"picked":"Undo+1","floor":22.0},{"not_picked":["Steam+1","Barrage"],"picked":"Coolheaded+1","floor":23.0}],"player_experience":3030406,"relics_obtained":[{"floor":9.0,"key":"Bronze Scales"},{"floor":14.0,"key":"Vajra"},{"floor":23.0,"key":"Molten Egg 2"}],"event_choices":[{"cards_removed":["Strike_B"],"damage_healed":0.0,"max_hp_gain":0.0,"max_hp_loss":0.0,"gold_gain":0.0,"event_name":"Golden Wing","player_choice":"Card Removal","floor":4.0,"gold_loss":0.0,"damage_taken":7.0},{"damage_healed":0.0,"max_hp_gain":5.0,"max_hp_loss":0.0,"gold_gain":0.0,"event_name":"Big Fish","player_choice":"Donut","floor":11.0,"gold_loss":0.0,"damage_taken":0.0},{"damage_healed":0.0,"max_hp_gain":0.0,"max_hp_loss":38.0,"gold_gain":0.0,"event_name":"Ghosts","player_choice":"Became a Ghost","floor":19.0,"gold_loss":0.0,"damage_taken":0.0,"cards_obtained":["Ghostly","Ghostly","Ghostly"]}],"is_beta":false,"boss_relics":[{"not_picked":["Orrery","Eternal Feather"],"picked":"Fusion Hammer"}],"items_purged_floors":[5],"is_endless":false,"potions_floor_spawned":[2,13,18,23],"killed_by":"Book of Stabbing","ascension_level":20}