{"gold_per_floor":[113,130,130,148,73,108,108,134,134,134,95,95,114,128,128,206,206,223,239,239,139,159,159,192,192,192,203,220,251,251,284,284,356,356,368,381,256,275,56,56,71,86,86,105,124,153,153,169,169,169,169,169,169,2,36,36],"floor_reached":57,"playtime":4454,"items_purged":["Defend_R","Dropkick","Defend_R"],"score":3312,"play_id":"5c7f3238-02d7-4deb-89b3-9ab421fc1f40","local_time":"20190109133715","is_ascension_mode":true,"campfire_choices":[{"data":"Bash","floor":7,"key":"SMITH"},{"data":"Burning Pact","floor":10,"key":"SMITH"},{"data":"Disarm","floor":12,"key":"SMITH"},{"data":"Corruption","floor":15,"key":"SMITH"},{"floor":23,"key":"RECALL"},{"data":"Offering","floor":25,"key":"SMITH"},{"data":"Corruption","floor":32,"key":"SMITH"},{"data":"Fiend Fire","floor":40,"key":"SMITH"},{"data":"Barricade","floor":49,"key":"SMITH"},{"data":"Fiend Fire","floor":53,"key":"SMITH"}],"neow_cost":"TEN_PERCENT_HP_LOSS","seed_source_timestamp":1443749878625,"circlet_count":0,"master_deck":["AscendersBane","Defend_R+1","Bash+1","Offering+1","Double Tap","Burning Pact+1","Disarm+1","Corruption+1","True Grit","Fiend Fire+1","Reaper+1","Sentinel+1","Bloodletting+1","Disarm+1","Fiend Fire+1","Flame Barrier+1","Corruption+1","True Grit","Havoc","Ghostly","Ghostly","Ghostly","Power Through","Impervious","Battle Trance","Shrug It Off+1","Ghostly Armor","Dual Wield","Barricade+1","Sentinel","Armaments","Havoc"],"relics":["Burning Blood","Question Card","Dead Branch","FossilizedHelix","Astrolabe","Anchor","War Paint","Blood Vial","Empty Cage","Membership Card","Mercury Hourglass","The Courier","NlothsMask","Medical Kit","Bag of Preparation","Paper Frog"],"potions_floor_usage":[6,56],"damage_taken":[{"damage":7,"enemies":"Small Slimes","floor":1,"turns":6},{"damage":6,"enemies":"2 Louse","floor":2,"turns":3},{"damage":6,"enemies":"Cultist","floor":4,"turns":3},{"damage":6,"enemies":"Gremlin Nob","floor":6,"turns":2},{"damage":29,"enemies":"Lagavulin","floor":8,"turns":6},{"damage":12,"enemies":"Looter","floor":13,"turns":2},{"damage":0,"enemies":"2 Fungi Beasts","floor":14,"turns":4},{"damage":0,"enemies":"Hexaghost","floor":16,"turns":6},{"damage":0,"enemies":"Chosen","floor":18,"turns":3},{"damage":3,"enemies":"Spheric Guardian","floor":19,"turns":2},{"damage":3,"enemies":"Snake Plant","floor":22,"turns":1},{"damage":14,"enemies":"Book of Stabbing","floor":24,"turns":3},{"damage":9,"enemies":"Shelled Parasite and Fungi","floor":27,"turns":2},{"damage":0,"enemies":"Sentry and Sphere","floor":28,"turns":2},{"damage":31,"enemies":"Slavers","floor":29,"turns":4},{"damage":1,"enemies":"Gremlin Leader","floor":31,"turns":1},{"damage":1,"enemies":"Collector","floor":33,"turns":4},{"damage":2,"enemies":"3 Shapes","floor":35,"turns":3},{"damage":2,"enemies":"Orb Walker","floor":36,"turns":1},{"damage":0,"enemies":"Jaw Worm Horde","floor":38,"turns":1},{"damage":3,"enemies":"Transient","floor":41,"turns":6},{"damage":2,"enemies":"Maw","floor":42,"turns":5},{"damage":1,"enemies":"Writhing Mass","floor":44,"turns":2},{"damage":2,"enemies":"4 Shapes","floor":45,"turns":5},{"damage":7,"enemies":"Nemesis","floor":46,"turns":1},{"damage":3,"enemies":"Sphere and 2 Shapes","floor":48,"turns":4},{"damage":9,"enemies":"Donu and Deca","floor":50,"turns":6},{"damage":21,"enemies":"Awakened One","floor":51,"turns":7},{"damage":1,"enemies":"Shield and Spear","floor":55,"turns":2},{"damage":43,"enemies":"The Heart","floor":56,"turns":5}],"seed_played":"5753642888486984599","potions_obtained":[{"floor":2,"key":"Fire Potion"},{"floor":4,"key":"SteroidPotion"},{"floor":8,"key":"SkillPotion"}],"is_trial":false,"path_per_floor":["M","M","?","M","$","E","R","E","T","R","$","R","M","M","R","B",null,"M","M","?","$","M","R","E","R","T","M","M","E","?","E","R","B",null,"M","M","$","M","$","R","M","M","T","M","M","E","?","M","R","B","B",null,"R","$","E","B",null],"character_chosen":"IRONCLAD","items_purchased":["Disarm","Membership Card","Medical Kit","Bag of Preparation","Armaments"],"campfire_rested":0,"item_purchase_floors":[11,39,54,54,54],"current_hp_per_floor":[67,67,60,60,60,60,60,37,37,37,37,37,31,37,37,43,62,68,68,68,68,68,68,60,60,60,57,63,46,34,34,34,34,34,34,34,34,34,34,34,34,34,34,34,34,33,33,34,34,31,29,33,33,33,34,21],"gold":36,"neow_bonus":"TRANSFORM_TWO_CARDS","is_prod":false,"is_daily":false,"chose_seed":false,"campfire_upgraded":9,"win_rate":0,"timestamp":1547012235,"path_taken":["M","M","?","M","$","E","R","E","T","R","$","R","M","M","R","BOSS","M","M","?","$","?","R","E","R","T","M","M","E","?","E","R","BOSS","M","M","$","M","$","R","M","M","T","M","M","E","?","?","R","BOSS","BOSS","R","$","E","BOSS"],"build_version":"2019-01-03v4","purchased_purges":3,"victory":true,"max_hp_per_floor":[68,68,68,68,68,68,68,68,68,68,68,68,68,68,68,68,68,68,68,68,68,68,68,68,68,68,68,68,68,34,34,34,34,34,34,34,34,34,34,34,34,34,34,34,34,34,34,34,34,34,34,34,34,34,34,34],"card_choices":[{"not_picked":["Heavy Blade","Entrench","Havoc"],"picked":"SKIP","floor":1},{"not_picked":["Iron Wave","Cleave"],"picked":"Dropkick","floor":2},{"not_picked":["Shrug It Off","Twin Strike"],"picked":"Double Tap","floor":4},{"not_picked":["Pommel Strike","Thunderclap"],"picked":"Metallicize","floor":6},{"not_picked":["Iron Wave","Impervious","Sword Boomerang"],"picked":"Burning Pact","floor":8},{"not_picked":["Evolve","Pommel Strike","Clash"],"picked":"Corruption","floor":13},{"not_picked":["Thunderclap","Heavy Blade","Reckless Charge"],"picked":"True Grit","floor":14},{"not_picked":["Impervious","Immolate","Berserk"],"picked":"Fiend Fire","floor":16},{"not_picked":["Twin Strike","Thunderclap","Dual Wield","Reckless Charge"],"picked":"SKIP","floor":18},{"not_picked":["Evolve","Hemokinesis","Reckless Charge+1"],"picked":"Disarm","floor":19},{"not_picked":["Pommel Strike","True Grit","Sword Boomerang"],"picked":"Flame Barrier+1","floor":22},{"not_picked":["Anger","Heavy Blade","Entrench","Pommel Strike"],"picked":"SKIP","floor":24},{"not_picked":["Clothesline+1","Armaments","Wild Strike"],"picked":"Corruption","floor":27},{"not_picked":["Headbutt","Cleave","Dark Embrace"],"picked":"True Grit","floor":28},{"not_picked":["Twin Strike+1","Flex","Battle Trance"],"picked":"Havoc","floor":29},{"not_picked":["Iron Wave","Clash+1","Inflame"],"picked":"Power Through","floor":31},{"not_picked":["Double Tap","Immolate","Demon Form"],"picked":"Impervious","floor":33},{"not_picked":["Metallicize","Pommel Strike+1","Sword Boomerang","Thunderclap"],"picked":"SKIP","floor":35},{"not_picked":["Flex","Hemokinesis","Heavy Blade"],"picked":"Battle Trance","floor":36},{"not_picked":["Clash","Heavy Blade","Hemokinesis","Anger"],"picked":"SKIP","floor":38},{"not_picked":["Immolate","Clothesline","Thunderclap"],"picked":"Shrug It Off+1","floor":41},{"not_picked":["Sword Boomerang","Headbutt","Thunderclap"],"picked":"Ghostly Armor","floor":42},{"not_picked":["Cleave+1","Flex","Twin Strike"],"picked":"Dual Wield","floor":44},{"not_picked":["Clothesline","Reckless Charge","Headbutt","Thunderclap"],"picked":"SKIP","floor":45},{"not_picked":["Anger","Headbutt","Carnage"],"picked":"Barricade","floor":46},{"not_picked":["Shrug It Off","Wild Strike+1","Clothesline"],"picked":"Sentinel","floor":48},{"not_picked":["Uppercut+1","Rupture","Pommel Strike"],"picked":"Havoc","floor":55}],"player_experience":1873442,"relics_obtained":[{"floor":6,"key":"Question Card"},{"floor":8,"key":"Dead Branch"},{"floor":9,"key":"FossilizedHelix"},{"floor":24,"key":"Anchor"},{"floor":29,"key":"War Paint"},{"floor":31,"key":"Blood Vial"},{"floor":43,"key":"Mercury Hourglass"},{"floor":46,"key":"The Courier"},{"floor":55,"key":"Paper Frog"}],"event_choices":[{"cards_removed":["Strike_R"],"damage_healed":0,"gold_gain":0,"player_choice":"Card Removal","damage_taken":7,"max_hp_gain":0,"max_hp_loss":0,"event_name":"Golden Wing","floor":3,"gold_loss":0},{"damage_healed":0,"gold_gain":0,"player_choice":"Copied","damage_taken":0,"max_hp_gain":0,"max_hp_loss":0,"event_name":"Duplicator","floor":20,"gold_loss":0,"cards_obtained":["Fiend Fire"]},{"damage_healed":0,"gold_gain":0,"player_choice":"Became a Ghost","damage_taken":0,"max_hp_gain":0,"max_hp_loss":34,"event_name":"Ghosts","floor":30,"gold_loss":0,"cards_obtained":["Ghostly","Ghostly","Ghostly"]},{"damage_healed":0,"gold_gain":0,"player_choice":"Trade","damage_taken":0,"relics_obtained":["NlothsMask"],"max_hp_gain":0,"max_hp_loss":0,"event_name":"FaceTrader","floor":47,"gold_loss":0}],"is_beta":false,"boss_relics":[{"not_picked":["Calling Bell","Velvet Choker"],"picked":"Astrolabe"},{"not_picked":["Black Blood","Runic Cube"],"picked":"Empty Cage"}],"items_purged_floors":[5,21,37],"is_endless":false,"potions_floor_spawned":[2,4,8,16,27,28,29,33,36,41,44,45],"ascension_level":20}