{"gold_per_floor":[117,3,22,39,39,39,39,54,108,108,108],"floor_reached":11,"playtime":153,"items_purged":["Strike_G"],"score":130,"play_id":"6f0abfff-6e6c-4931-9a9e-3ef327c2d31a","local_time":"20190109141307","is_ascension_mode":true,"campfire_choices":[{"data":"Calculated Gamble","floor":6,"key":"SMITH"},{"data":"Noxious Fumes","floor":10,"key":"SMITH"}],"neow_cost":"NONE","seed_source_timestamp":7914749274009,"circlet_count":0,"master_deck":["AscendersBane","Defend_G","Defend_G","Defend_G","Defend_G","Defend_G","Strike_G","Strike_G","Strike_G","Survivor","Neutralize","Tactician","Calculated Gamble+1","Calculated Gamble","Noxious Fumes+1","Calculated Gamble"],"relics":["Ring of the Snake","NeowsBlessing","Bronze Scales"],"potions_floor_usage":[5],"damage_taken":[{"damage":0,"enemies":"Jaw Worm","floor":1,"turns":1},{"damage":0,"enemies":"Small Slimes","floor":3,"turns":1},{"damage":0,"enemies":"2 Louse","floor":4,"turns":1},{"damage":0,"enemies":"Exordium Wildlife","floor":5,"turns":1},{"damage":10,"enemies":"2 Fungi Beasts","floor":8,"turns":5},{"damage":0,"enemies":"Gremlin Nob","floor":11,"turns":1}],"seed_played":"-2108599086820858670","potions_obtained":[{"floor":1,"key":"SmokeBomb"},{"floor":4,"key":"Regen Potion"}],"is_trial":false,"path_per_floor":["M","$","M","M","M","R","?","M","T","R","E"],"character_chosen":"THE_SILENT","items_purchased":["Calculated Gamble"],"campfire_rested":0,"item_purchase_floors":[2],"current_hp_per_floor":[59,59,59,59,59,59,59,49,49,49,49],"gold":108,"neow_bonus":"THREE_ENEMY_KILL","is_prod":false,"is_daily":false,"chose_seed":false,"campfire_upgraded":2,"win_rate":0,"timestamp":1547014387,"path_taken":["M","$","M","M","M","R","?","M","T","R","E"],"build_version":"2019-01-03v4","purchased_purges":1,"victory":false,"max_hp_per_floor":[66,66,66,66,66,66,66,66,66,66,66],"card_choices":[{"not_picked":["Reflex","Backflip"],"picked":"Tactician","floor":1},{"not_picked":["Choke","Flying Knee"],"picked":"Calculated Gamble","floor":3},{"not_picked":["Slice","Prepared","Blur"],"picked":"SKIP","floor":4},{"not_picked":["Acrobatics","Slice"],"picked":"Calculated Gamble","floor":8}],"player_experience":1879496,"relics_obtained":[{"floor":9,"key":"Bronze Scales"}],"event_choices":[{"damage_healed":0,"gold_gain":0,"cards_transformed":["Strike_G"],"player_choice":"Change","damage_taken":0,"max_hp_gain":0,"max_hp_loss":0,"event_name":"Living Wall","floor":7,"gold_loss":0,"cards_obtained":["Noxious Fumes"]}],"is_beta":false,"boss_relics":[],"items_purged_floors":[2],"is_endless":false,"potions_floor_spawned":[1,4,5],"killed_by":"Gremlin Nob","ascension_level":20}