{"gold_per_floor":[119,131,144,144,62,97,107,107,160,172,184,224,250,280,292,378,390,414,440,32,51,21,21,32,32,79,79,46,79,79,96,96,96,96,107,1106,129,129,146,175,175,186,231,231],"floor_reached":44,"playtime":1420,"items_purged":["Strike_G","Strike_G"],"score":1088,"play_id":"4162c10e-0300-493c-a75a-494926da0f08","local_time":"20190219142714","is_ascension_mode":true,"campfire_choices":[{"data":"Neutralize","floor":8.0,"key":"SMITH"},{"data":"Blade Dance","floor":10.0,"key":"SMITH"},{"data":"Cloak And Dagger","floor":15.0,"key":"SMITH"},{"data":"Finisher","floor":23.0,"key":"SMITH"},{"data":"Well Laid Plans","floor":25.0,"key":"SMITH"},{"data":"Glass Knife","floor":27.0,"key":"SMITH"},{"data":"Cloak And Dagger","floor":32.0,"key":"SMITH"},{"data":"Accuracy","floor":41,"key":"SMITH"}],"neow_cost":"NONE","seed_source_timestamp":151872577678522,"circlet_count":0,"master_deck":["AscendersBane","Defend_G","Defend_G","Defend_G","Defend_G","Defend_G","Strike_G","Strike_G","Survivor","Neutralize+1","Infinite Blades","Outmaneuver","Well Laid Plans+1","Blade Dance+1","Escape Plan","Finisher+1","Cloak And Dagger+1","Glass Knife+1","Backflip","Accuracy+1","Cloak And Dagger+1","Terror","Footwork+1","Cloak And Dagger+1","Cloak And Dagger+1"],"special_seed":0,"relics":["Ring of the Snake","Pen Nib","The Courier","MawBank","Anchor","Coffee Dripper","Omamori","Nunchaku","Vajra","Frozen Egg 2","Black Star","Ice Cream","PreservedInsect","DollysMirror","Gremlin Horn","Ancient Tea Set","Oddly Smooth Stone","Snake Skull"],"potions_floor_usage":[33,33,33,33,40,40,40],"damage_taken":[{"damage":0.0,"enemies":"Cultist","floor":1.0,"turns":4.0},{"damage":2.0,"enemies":"2 Louse","floor":2.0,"turns":4.0},{"damage":0.0,"enemies":"Small Slimes","floor":3.0,"turns":5.0},{"damage":29.0,"enemies":"Gremlin Nob","floor":6.0,"turns":5.0},{"damage":11.0,"enemies":"Blue Slaver","floor":7.0,"turns":5.0},{"damage":14.0,"enemies":"Lagavulin","floor":12.0,"turns":8.0},{"damage":0.0,"enemies":"2 Fungi Beasts","floor":13.0,"turns":4.0},{"damage":10.0,"enemies":"3 Louse","floor":14.0,"turns":4.0},{"damage":0.0,"enemies":"The Guardian","floor":16.0,"turns":11.0},{"damage":0.0,"enemies":"Chosen","floor":18.0,"turns":4.0},{"damage":22.0,"enemies":"Spheric Guardian","floor":19.0,"turns":4.0},{"damage":0.0,"enemies":"3 Cultists","floor":21.0,"turns":6.0},{"damage":18.0,"enemies":"Shelled Parasite and Fungi","floor":24.0,"turns":5.0},{"damage":9.0,"enemies":"Slavers","floor":29.0,"turns":5.0},{"damage":6.0,"enemies":"Snecko","floor":31.0,"turns":3.0},{"damage":0,"enemies":"Collector","floor":33,"turns":5},{"damage":27,"enemies":"Orb Walker","floor":35,"turns":4},{"damage":0,"enemies":"3 Shapes","floor":39,"turns":2},{"damage":0,"enemies":"Reptomancer","floor":40,"turns":2},{"damage":18,"enemies":"Maw","floor":42,"turns":5},{"damage":8,"enemies":"3 Darklings","floor":44,"turns":4}],"seed_played":"-713072186228323653","potions_obtained":[{"floor":3.0,"key":"AttackPotion"},{"floor":6.0,"key":"Regen Potion"},{"floor":12.0,"key":"Swift Potion"},{"floor":13.0,"key":"Swift Potion"},{"floor":19.0,"key":"Fire Potion"},{"floor":22.0,"key":"Regen Potion"},{"floor":22.0,"key":"EntropicBrew"},{"floor":31.0,"key":"EntropicBrew"},{"floor":39,"key":"EntropicBrew"}],"is_trial":false,"path_per_floor":["M","M","M","?","$","E","M","R","T","R","?","E","M","M","R","B",null,"M","M","$","M","?","R","M","R","T","R","$","E","?","M","R","B",null,"M","?","$","?","M","E","R","M","T","M"],"character_chosen":"THE_SILENT","items_purchased":["Well Laid Plans","Omamori","Nunchaku","Accuracy","Ice Cream","PreservedInsect","DollysMirror","Gremlin Horn","Strength Potion","Ancient Tea Set"],"campfire_rested":0,"item_purchase_floors":[5,20,20,28,37,37,37,37,37,37],"current_hp_per_floor":[59,57,57,50,50,21,10,10,10,10,10,11,11,1,1,1,50,50,28,28,28,28,28,22,22,22,22,22,13,13,7,7,7,51,24,24,24,24,24,24,24,6,6,0],"gold":231,"neow_bonus":"RANDOM_COMMON_RELIC","is_prod":false,"is_daily":false,"chose_seed":false,"campfire_upgraded":8,"win_rate":0,"timestamp":1550557634,"path_taken":["M","M","M","?","$","E","M","R","T","R","?","E","M","M","R","BOSS","M","M","$","M","?","R","?","R","T","R","$","E","?","M","R","BOSS","M","?","$","?","M","E","R","M","T","M"],"build_version":"2019-01-23","purchased_purges":2,"victory":false,"max_hp_per_floor":[66,66,66,66,66,66,66,66,66,66,66,66,66,66,66,66,66,66,66,66,66,66,66,66,66,66,66,66,66,66,66,66,66,66,66,66,66,63,63,63,63,63,63,63],"card_choices":[{"not_picked":["Bane","Eviscerate","Blur"],"picked":"SKIP","floor":1.0},{"not_picked":["Prepared","Poisoned Stab"],"picked":"Infinite Blades","floor":2.0},{"not_picked":["Cloak And Dagger","Backstab"],"picked":"Outmaneuver","floor":3.0},{"not_picked":["All Out Attack","Riddle With Holes"],"picked":"Blade Dance","floor":6.0},{"not_picked":["Outmaneuver","Underhanded Strike"],"picked":"Escape Plan","floor":7.0},{"not_picked":["Footwork","Deadly Poison"],"picked":"Finisher","floor":12.0},{"not_picked":["Flechettes","Flying Knee","Blade Dance"],"picked":"SKIP","floor":13.0},{"not_picked":["Expertise","Crippling Poison"],"picked":"Cloak And Dagger","floor":14.0},{"not_picked":["Bullet Time","Doppelganger"],"picked":"Glass Knife","floor":16.0},{"not_picked":["Dagger Throw","Cloak And Dagger","PiercingWail"],"picked":"SKIP","floor":18.0},{"not_picked":["Quick Slash","Infinite Blades","Cloak And Dagger"],"picked":"SKIP","floor":19.0},{"not_picked":["Eviscerate","Dagger Throw","Caltrops"],"picked":"SKIP","floor":21.0},{"not_picked":["Bouncing Flask","Underhanded Strike"],"picked":"Backflip","floor":24.0},{"not_picked":["Backstab","Dodge and Roll","Predator"],"picked":"SKIP","floor":29.0},{"not_picked":["Backflip+1","Prepared"],"picked":"Terror","floor":31.0},{"not_picked":["Dash","Catalyst"],"picked":"Footwork+1","floor":35},{"not_picked":["Predator","Underhanded Strike","Crippling Poison"],"picked":"SKIP","floor":39},{"not_picked":["Noxious Fumes+1","Escape Plan"],"picked":"Cloak And Dagger+1","floor":40},{"not_picked":["Heel Hook","Slice+1","Prepared"],"picked":"SKIP","floor":42}],"player_experience":839049,"relics_obtained":[{"floor":6.0,"key":"The Courier"},{"floor":9.0,"key":"MawBank"},{"floor":12.0,"key":"Anchor"},{"floor":26.0,"key":"Vajra"},{"floor":29.0,"key":"Frozen Egg 2"},{"floor":40,"key":"Oddly Smooth Stone"},{"floor":40,"key":"Snake Skull"}],"event_choices":[{"cards_removed":["Strike_G"],"damage_healed":0.0,"max_hp_gain":0.0,"max_hp_loss":0.0,"gold_gain":0.0,"event_name":"Golden Wing","player_choice":"Card Removal","floor":4.0,"gold_loss":0.0,"damage_taken":7.0},{"damage_healed":0.0,"max_hp_gain":0.0,"max_hp_loss":0.0,"gold_gain":0.0,"event_name":"Liars Game","player_choice":"Ignored","floor":11.0,"gold_loss":0.0,"damage_taken":0.0},{"damage_healed":0.0,"max_hp_gain":0.0,"max_hp_loss":0.0,"gold_gain":0.0,"event_name":"The Woman in Blue","player_choice":"Bought 2 Potions","floor":22.0,"gold_loss":0.0,"damage_taken":0.0},{"damage_healed":0.0,"max_hp_gain":0.0,"max_hp_loss":0.0,"gold_gain":0.0,"event_name":"The Library","player_choice":"Read","floor":30.0,"gold_loss":0.0,"damage_taken":0.0,"cards_obtained":["Cloak And Dagger"]},{"damage_healed":0,"gold_gain":999,"player_choice":"Gold","damage_taken":0,"max_hp_gain":0,"max_hp_loss":0,"event_name":"MindBloom","floor":36,"gold_loss":0,"cards_obtained":["Normality","Normality"]},{"damage_healed":0,"gold_gain":0,"player_choice":"Max HP","damage_taken":0,"max_hp_gain":0,"max_hp_loss":3,"event_name":"Winding Halls","floor":38,"gold_loss":0}],"is_beta":false,"boss_relics":[{"not_picked":["HoveringKite","Tiny House"],"picked":"Coffee Dripper"},{"not_picked":["Philosopher\u0027s Stone","Calling Bell"],"picked":"Black Star"}],"items_purged_floors":[20,37],"is_endless":false,"potions_floor_spawned":[3,6,12,13,19,31,33,39],"killed_by":"3 Darklings","ascension_level":15}