{"gold_per_floor":[13,31,31,46,57,57,74,74,100,118,118,118,43,67,67,67],"floor_reached":16,"playtime":985,"items_purged":["Strike_G"],"score":184,"play_id":"02468d77-de50-4a99-9cd1-acc9b46a8dfe","local_time":"20190121154958","is_ascension_mode":true,"campfire_choices":[{"data":"Acrobatics","floor":6.0,"key":"SMITH"},{"data":"Tactician","floor":8.0,"key":"SMITH"},{"data":"Grand Finale","floor":11.0,"key":"SMITH"},{"data":"Neutralize","floor":15.0,"key":"SMITH"}],"neow_cost":"NO_GOLD","seed_source_timestamp":17099687280053,"circlet_count":0,"master_deck":["AscendersBane","Defend_G","Defend_G","Defend_G","Defend_G","Defend_G","Strike_G","Strike_G","Strike_G","Strike_G","Survivor","Neutralize+1","Grand Finale+1","Acrobatics+1","Terror","Tactician+1","Escape Plan"],"special_seed":0,"relics":["Ring of the Snake","Centennial Puzzle","Art of War"],"potions_floor_usage":[16],"damage_taken":[{"damage":5.0,"enemies":"Small Slimes","floor":1.0,"turns":6.0},{"damage":7.0,"enemies":"Cultist","floor":2.0,"turns":5.0},{"damage":6.0,"enemies":"2 Louse","floor":4.0,"turns":4.0},{"damage":0.0,"enemies":"Exordium Wildlife","floor":5.0,"turns":5.0},{"damage":10.0,"enemies":"Large Slime","floor":7.0,"turns":6.0},{"damage":1.0,"enemies":"Looter","floor":10.0,"turns":4.0},{"damage":20,"enemies":"Slime Boss","floor":16,"turns":6}],"seed_played":"-2273757705725975978","potions_obtained":[{"floor":1.0,"key":"Fire Potion"},{"floor":5.0,"key":"Swift Potion"},{"floor":7.0,"key":"SteroidPotion"}],"is_trial":false,"path_per_floor":["M","M","?","M","M","R","M","R","T","M","R","?","$","T","R","B"],"character_chosen":"THE_SILENT","items_purchased":[],"campfire_rested":0,"item_purchase_floors":[],"current_hp_per_floor":[54,47,47,41,41,41,31,31,31,30,30,30,30,30,30,10],"gold":67,"neow_bonus":"THREE_RARE_CARDS","is_prod":false,"is_daily":false,"chose_seed":false,"campfire_upgraded":4,"win_rate":0,"timestamp":1548056998,"path_taken":["M","M","?","M","M","R","?","R","T","M","R","?","$","?","R","BOSS"],"build_version":"2019-01-17v2","purchased_purges":1,"victory":false,"max_hp_per_floor":[66,66,66,66,66,66,66,66,66,66,66,66,66,66,66,66],"card_choices":[{"not_picked":["Venomology","After Image"],"picked":"Grand Finale","floor":0.0},{"not_picked":["Distraction","Flying Knee"],"picked":"Acrobatics","floor":1.0},{"not_picked":["Underhanded Strike","Terror","Poisoned Stab"],"picked":"SKIP","floor":2.0},{"not_picked":["Underhanded Strike","PiercingWail"],"picked":"Terror","floor":4.0},{"not_picked":["Bane","Deadly Poison"],"picked":"Tactician","floor":5.0},{"not_picked":["Backflip","Bane"],"picked":"Escape Plan","floor":7.0},{"not_picked":["Slice","Poisoned Stab","Cloak And Dagger"],"picked":"SKIP","floor":10.0}],"player_experience":2104396,"relics_obtained":[{"floor":9.0,"key":"Centennial Puzzle"},{"floor":14.0,"key":"Art of War"}],"event_choices":[{"damage_healed":0.0,"max_hp_gain":0.0,"max_hp_loss":0.0,"gold_gain":0.0,"event_name":"Wheel of Change","player_choice":"Cursed","floor":3.0,"gold_loss":0.0,"damage_taken":0.0,"cards_obtained":["Decay"]},{"cards_removed":["Decay"],"damage_healed":0.0,"max_hp_gain":0.0,"max_hp_loss":0.0,"gold_gain":0.0,"event_name":"Living Wall","player_choice":"Forget","floor":12.0,"gold_loss":0.0,"damage_taken":0.0}],"is_beta":false,"boss_relics":[],"items_purged_floors":[13],"is_endless":false,"potions_floor_spawned":[1,5,7],"killed_by":"Slime Boss","ascension_level":20}