{"gold_per_floor":[117,137,212,229,229,229,247,247,247,102,115,115,115,15,15,108,108,133,183,101,101,116,116,136,65,65,65,65,65,65,65],"floor_reached":31,"playtime":831,"items_purged":["Injury","Strike_B"],"score":376,"play_id":"7c9680b0-7357-4ea9-ae3a-f5ca53b44b10","local_time":"20181215205533","is_ascension_mode":true,"campfire_choices":[{"data":"Zap","floor":6,"key":"SMITH"},{"data":"Dualcast","floor":8,"key":"SMITH"},{"data":"Loop","floor":13,"key":"SMITH"},{"data":"Consume","floor":15,"key":"SMITH"},{"data":"Capacitor","floor":23,"key":"SMITH"},{"floor":29,"key":"REST"}],"neow_cost":"NONE","seed_source_timestamp":3212897597490,"circlet_count":0,"master_deck":["AscendersBane","Strike_B","Strike_B","Defend_B","Defend_B","Defend_B","Defend_B","Zap+1","Dualcast+1","Gash","Coolheaded","Cold Snap","Melter","Consume+1","Loop+1","Core Surge","Capacitor+1","Ball Lightning","Ball Lightning","Core Surge","Conserve Battery","Capacitor","Echo Form"],"relics":["Cracked Core","Golden Idol","Nloth\u0027s Gift","Sundial"],"potions_floor_usage":[18,24,24,31],"damage_taken":[{"damage":5,"enemies":"Small Slimes","floor":1,"turns":3},{"damage":7,"enemies":"Jaw Worm","floor":2,"turns":3},{"damage":0,"enemies":"Cultist","floor":4,"turns":3},{"damage":1,"enemies":"Looter","floor":7,"turns":3},{"damage":8,"enemies":"Gremlin Gang","floor":11,"turns":6},{"damage":17,"enemies":"Slime Boss","floor":16,"turns":15},{"damage":6,"enemies":"Chosen","floor":18,"turns":6},{"damage":30,"enemies":"Shell Parasite","floor":22,"turns":4},{"damage":27,"enemies":"Shelled Parasite and Fungi","floor":24,"turns":6},{"damage":26,"enemies":"Snecko","floor":31,"turns":5}],"seed_played":"-7959196485101582001","potions_obtained":[{"floor":2,"key":"EssenceOfSteel"},{"floor":11,"key":"FocusPotion"},{"floor":18,"key":"GamblersBrew"},{"floor":24,"key":"EssenceOfSteel"}],"is_trial":false,"path_per_floor":["M","M","?","M","?","R","M","R","T","$","M","$","R","$","R","B",null,"M","?","$","?","M","R","M","$","T","?","$","R","?","M"],"character_chosen":"DEFECT","items_purchased":["Consume","Core Surge","Capacitor"],"campfire_rested":1,"item_purchase_floors":[10,20,25],"current_hp_per_floor":[66,59,48,48,48,48,47,47,47,47,39,39,39,39,39,22,64,58,58,58,58,28,28,1,1,1,1,1,24,24,0],"gold":65,"neow_bonus":"TEN_PERCENT_HP_BONUS","is_prod":false,"is_daily":false,"chose_seed":false,"campfire_upgraded":5,"win_rate":0,"timestamp":1544878533,"path_taken":["M","M","?","M","?","R","M","R","T","$","M","$","R","$","R","BOSS","M","?","?","?","M","R","?","$","T","?","?","R","?","M"],"build_version":"2018-12-13","purchased_purges":2,"victory":false,"max_hp_per_floor":[78,78,78,78,78,78,78,78,78,78,78,78,78,78,78,78,78,78,78,78,78,78,78,78,78,78,78,78,78,78,78],"card_choices":[{"not_picked":["Beam Cell","Sweeping Beam"],"picked":"Gash","floor":1},{"not_picked":["Conserve Battery","Rip and Tear"],"picked":"Coolheaded","floor":2},{"not_picked":["Stack","Go for the Eyes"],"picked":"Cold Snap","floor":4},{"not_picked":["Beam Cell","Fusion"],"picked":"Melter","floor":7},{"not_picked":["Barrage","Hologram"],"picked":"Loop","floor":11},{"not_picked":["Fission","Echo Form"],"picked":"Core Surge","floor":16},{"not_picked":["Doom and Gloom","Compile Driver"],"picked":"Capacitor","floor":17},{"not_picked":["Turbo","Genetic Algorithm"],"picked":"Ball Lightning","floor":17},{"not_picked":["Streamline","Sweeping Beam"],"picked":"Ball Lightning","floor":17},{"not_picked":["Rip and Tear","Skim","Force Field+1"],"picked":"SKIP","floor":18},{"not_picked":["Double Energy","Reprogram","Beam Cell"],"picked":"SKIP","floor":22},{"not_picked":["Gash+1","Streamline"],"picked":"Conserve Battery","floor":24}],"player_experience":1271095,"relics_obtained":[{"floor":26,"key":"Sundial"}],"event_choices":[{"damage_healed":0,"gold_gain":75,"player_choice":"Gather Gold","damage_taken":11,"max_hp_gain":0,"max_hp_loss":0,"event_name":"World of Goop","floor":3,"gold_loss":0},{"damage_healed":0,"gold_gain":0,"player_choice":"Take Wound","damage_taken":0,"relics_obtained":["Golden Idol"],"max_hp_gain":0,"max_hp_loss":0,"event_name":"Golden Idol","floor":5,"gold_loss":0,"cards_obtained":["Injury"]},{"damage_healed":0,"gold_gain":100,"player_choice":"Bet on Murderer","damage_taken":0,"max_hp_gain":0,"max_hp_loss":0,"event_name":"The Joust","floor":19,"gold_loss":50},{"damage_healed":0,"gold_gain":0,"player_choice":"Traded Relic","damage_taken":0,"relics_obtained":["Nloth\u0027s Gift"],"max_hp_gain":0,"max_hp_loss":0,"event_name":"N\u0027loth","floor":21,"relics_lost":["Orrery"],"gold_loss":0},{"damage_healed":0,"gold_gain":0,"player_choice":"1 cards matched","damage_taken":0,"max_hp_gain":0,"max_hp_loss":0,"event_name":"Match and Keep!","floor":27,"gold_loss":0,"cards_obtained":["Echo Form"]},{"cards_removed":["Strike_B"],"damage_healed":0,"gold_gain":0,"player_choice":"Purged","damage_taken":0,"max_hp_gain":0,"max_hp_loss":0,"event_name":"Purifier","floor":30,"gold_loss":0}],"is_beta":false,"boss_relics":[{"not_picked":["FrozenCore","Lizard Tail"],"picked":"Orrery"}],"items_purged_floors":[10,14],"is_endless":false,"potions_floor_spawned":[2,11,16,18,24],"killed_by":"Snecko","ascension_level":14}