{"gold_per_floor":[119,135,135,135,8,8,8,20,43,62,62,87,87,102,102,206,206,224,224,68,68,68,68,84,84,84,84,97,97,113,28,28,128,128,147,147,147,147,31,31,43,58,58,27,27,27,27,27,27,27],"floor_reached":51,"playtime":2026,"items_purged":["Zap"],"score":754,"play_id":"7b069ffa-6e8c-421f-ad2c-be6fc5e34584","local_time":"20190717124757","is_ascension_mode":false,"campfire_choices":[{"data":"Defragment","floor":6,"key":"SMITH"},{"data":"Defragment","floor":11,"key":"SMITH"},{"data":"Coolheaded","floor":15,"key":"SMITH"},{"data":"Recycle","floor":23,"key":"SMITH"},{"data":"Dualcast","floor":25,"key":"SMITH"},{"data":"Double Energy","floor":27,"key":"SMITH"},{"data":"Heatsinks","floor":32,"key":"SMITH"},{"data":"Deep Breath","floor":40,"key":"SMITH"},{"data":"Defragment","floor":45,"key":"SMITH"},{"floor":49,"key":"RECALL"}],"neow_cost":"NONE","seed_source_timestamp":12557634065825,"circlet_count":0,"master_deck":["Defend_B+1","Dualcast+1","BootSequence+1","Defragment+1","Defragment+1","Coolheaded+1","Recycle+1","Creative AI+1","White Noise+1","Core Surge+1","Heatsinks+1","Double Energy+1","Creative AI+1","Reboot+1","Go for the Eyes+1","Self Repair+1","Buffer+1","Deep Breath+1","Flash of Steel+1","Thinking Ahead+1","Turbo+1","Defragment+1"],"relics":["Cracked Core","Pear","Juzu Bracelet","Odd Mushroom","Runic Pyramid","Cables","The Courier","Astrolabe","DataDisk","Bottled Tornado","Mark of the Bloom"],"potions_floor_usage":[50,50,50],"damage_taken":[{"damage":0,"enemies":"2 Louse","floor":1,"turns":2},{"damage":1,"enemies":"Jaw Worm","floor":2,"turns":3},{"damage":0,"enemies":"Small Slimes","floor":8,"turns":2},{"damage":2,"enemies":"Blue Slaver","floor":10,"turns":3},{"damage":14,"enemies":"The Mushroom Lair","floor":12,"turns":5},{"damage":0,"enemies":"Large Slime","floor":14,"turns":4},{"damage":7,"enemies":"The Guardian","floor":16,"turns":8},{"damage":0,"enemies":"Spheric Guardian","floor":18,"turns":8},{"damage":0,"enemies":"Shell Parasite","floor":24,"turns":6},{"damage":10,"enemies":"Snake Plant","floor":28,"turns":4},{"damage":0,"enemies":"Cultist and Chosen","floor":30,"turns":7},{"damage":20,"enemies":"Champ","floor":33,"turns":7},{"damage":0,"enemies":"3 Shapes","floor":35,"turns":5},{"damage":0,"enemies":"Orb Walker","floor":41,"turns":2},{"damage":0,"enemies":"Transient","floor":42,"turns":5},{"damage":0,"enemies":"Awakened One","floor":50,"turns":3}],"seed_played":"-2088362835682903094","potions_obtained":[{"floor":10,"key":"SteroidPotion"},{"floor":12,"key":"Fire Potion"},{"floor":14,"key":"Block Potion"},{"floor":18,"key":"FocusPotion"},{"floor":28,"key":"Ancient Potion"}],"is_trial":false,"path_per_floor":["M","M","?","?","$","R","?","M","T","M","R","?","?","M","R","B",null,"M","?","$","?","?","R","M","R","T","R","M","?","M","?","R","B",null,"M","?","?","?","$","R","M","M","T","$","R","?","$","?","R","B",null],"character_chosen":"DEFECT","items_purchased":["Defragment","Coolheaded","Heatsinks","DataDisk","Defragment"],"campfire_rested":0,"item_purchase_floors":[5,5,20,39,44],"current_hp_per_floor":[75,74,79,72,72,72,70,70,70,68,68,54,54,54,54,47,90,90,90,90,90,90,90,90,90,90,90,80,80,80,80,80,60,90,90,80,80,80,80,80,90,90,90,90,90,90,90,90,90,90],"gold":27,"neow_bonus":"TRANSFORM_CARD","is_prod":false,"is_daily":false,"chose_seed":false,"campfire_upgraded":9,"win_rate":0,"timestamp":1563338877,"path_taken":["M","M","?","?","$","R","?","M","T","M","R","?","?","M","R","BOSS","M","?","$","?","?","R","M","R","T","R","M","?","M","?","R","BOSS","M","?","?","?","$","R","M","M","T","$","R","?","?","?","R","BOSS"],"build_version":"2019-07-05","purchased_purges":1,"victory":true,"max_hp_per_floor":[75,75,80,80,80,80,90,90,90,90,90,90,90,90,90,90,90,90,90,90,90,90,90,90,90,90,90,90,90,90,90,90,90,90,90,90,90,90,90,90,90,90,90,90,90,90,90,90,90,90],"card_choices":[{"not_picked":["Compile Driver","Gash"],"picked":"Ball Lightning","floor":1},{"not_picked":["Redo","Steam Power"],"picked":"Defragment","floor":2},{"not_picked":["Redo","Reprogram"],"picked":"Recycle","floor":8},{"not_picked":["Melter","Aggregate","Hologram"],"picked":"SKIP","floor":10},{"not_picked":["Steam","Melter"],"picked":"White Noise","floor":14},{"not_picked":["Hyperbeam","Creative AI"],"picked":"Core Surge","floor":16},{"not_picked":["Reprogram","Blizzard","Redo"],"picked":"SKIP","floor":18},{"not_picked":["Doom and Gloom","Turbo"],"picked":"Double Energy","floor":24},{"not_picked":["Go for the Eyes","Turbo","Lockon"],"picked":"SKIP","floor":28},{"not_picked":["Redo","Tempest","Cold Snap"],"picked":"SKIP","floor":30},{"not_picked":["Hyperbeam","Thunder Strike"],"picked":"Reboot","floor":33},{"not_picked":["Cold Snap","Tempest","Ball Lightning"],"picked":"SKIP","floor":35},{"not_picked":["The Bomb","Metamorphosis"],"picked":"Deep Breath","floor":36},{"not_picked":["Purity","Dark Shackles"],"picked":"Flash of Steel","floor":36},{"not_picked":["Swift Strike","Purity"],"picked":"Thinking Ahead","floor":36},{"not_picked":["Undo","Compile Driver+1"],"picked":"Turbo+1","floor":41},{"not_picked":["Rebound+1","Conserve Battery+1","Ball Lightning+1"],"picked":"SKIP","floor":42}],"player_experience":5746802,"relics_obtained":[{"floor":9,"key":"Juzu Bracelet"},{"floor":12,"key":"Odd Mushroom"},{"floor":26,"key":"Cables"},{"floor":43,"key":"Bottled Tornado"}],"event_choices":[{"damage_healed":0,"gold_gain":0,"player_choice":"Donut","damage_taken":0,"max_hp_gain":5,"max_hp_loss":0,"event_name":"Big Fish","floor":3,"gold_loss":0},{"cards_removed":["Strike_B"],"damage_healed":0,"gold_gain":0,"player_choice":"Card Removal","damage_taken":7,"max_hp_gain":0,"max_hp_loss":0,"event_name":"Golden Wing","floor":4,"gold_loss":0},{"damage_healed":0,"gold_gain":0,"player_choice":"Success","damage_taken":12,"relics_obtained":["Pear"],"max_hp_gain":0,"max_hp_loss":0,"event_name":"Scrap Ooze","floor":7,"gold_loss":0},{"damage_healed":0,"gold_gain":0,"player_choice":"Fought Mushrooms","damage_taken":0,"max_hp_gain":0,"max_hp_loss":0,"event_name":"Mushrooms","floor":12,"gold_loss":0},{"damage_healed":0,"gold_gain":0,"cards_transformed":["Strike_B"],"player_choice":"Transformed","damage_taken":0,"max_hp_gain":0,"max_hp_loss":0,"event_name":"Transmorgrifier","floor":13,"gold_loss":0,"cards_obtained":["Creative AI"]},{"cards_removed":["Strike_B"],"damage_healed":0,"gold_gain":0,"player_choice":"Elegance","damage_taken":0,"max_hp_gain":0,"max_hp_loss":0,"event_name":"Back to Basics","floor":19,"gold_loss":0},{"damage_healed":0,"gold_gain":0,"player_choice":"Ignored","damage_taken":0,"max_hp_gain":0,"max_hp_loss":0,"event_name":"Vampires","floor":21,"gold_loss":0},{"damage_healed":0,"gold_gain":0,"player_choice":"Ignored","damage_taken":0,"max_hp_gain":0,"max_hp_loss":0,"event_name":"NoteForYourself","floor":22,"gold_loss":0},{"damage_healed":0,"gold_gain":0,"player_choice":"Copied","damage_taken":0,"max_hp_gain":0,"max_hp_loss":0,"event_name":"Duplicator","floor":29,"gold_loss":0,"cards_obtained":["Creative AI"]},{"damage_healed":0,"gold_gain":0,"player_choice":"Obtained Relic","damage_taken":0,"relics_obtained":["The Courier"],"max_hp_gain":0,"max_hp_loss":0,"event_name":"Addict","floor":31,"gold_loss":85},{"damage_healed":0,"gold_gain":0,"player_choice":"Memory 3","damage_taken":10,"max_hp_gain":0,"max_hp_loss":0,"event_name":"SensoryStone","floor":36,"gold_loss":0},{"cards_removed":["Ball Lightning"],"damage_healed":0,"gold_gain":0,"player_choice":"Removed Attack","damage_taken":0,"max_hp_gain":0,"max_hp_loss":0,"event_name":"Falling","floor":37,"gold_loss":0},{"damage_healed":0,"gold_gain":0,"player_choice":"Ignored","damage_taken":0,"max_hp_gain":0,"max_hp_loss":0,"event_name":"Tomb of Lord Red Mask","floor":38,"gold_loss":0},{"damage_healed":0,"gold_gain":0,"player_choice":"Ignored","damage_taken":0,"max_hp_gain":0,"max_hp_loss":0,"event_name":"Mysterious Sphere","floor":46,"gold_loss":0},{"damage_healed":0,"gold_gain":0,"player_choice":"Upgrade","damage_taken":0,"relics_obtained":["Mark of the Bloom"],"max_hp_gain":0,"max_hp_loss":0,"event_name":"MindBloom","floor":48,"gold_loss":0,"cards_upgraded":["Defend_B","BootSequence","Creative AI","White Noise","Core Surge","Creative AI","Reboot","Flash of Steel","Thinking Ahead"]}],"is_beta":false,"boss_relics":[{"not_picked":["Black Star","White Beast Statue"],"picked":"Runic Pyramid"},{"not_picked":["Snecko Eye","Runic Dome"],"picked":"Astrolabe"}],"items_purged_floors":[20],"is_endless":false,"potions_floor_spawned":[10,12,14,18,24,28,41],"ascension_level":0}