{"gold_per_floor":[218,230,241,15,15,15,90,120,143,143,162,176,192,17,17,94,94,113,113,124,142,42,142,172,198,198,214,230,230,265,281,281,353,353,373,373,390,265,285,300,300,319,319,319,339,339,339,353,353,353,353,353,353,16,44,44],"floor_reached":57,"playtime":4615,"items_purged":["Strike_G","Strike_G","Strike_G","Strike_G"],"score":2846,"play_id":"eacbdebe-77e8-4cf6-a543-4029afd3e3db","local_time":"20190514235153","is_ascension_mode":true,"campfire_choices":[{"data":"Predator","floor":6.0,"key":"SMITH"},{"data":"Neutralize","floor":10.0,"key":"SMITH"},{"data":"Bouncing Flask","floor":15.0,"key":"SMITH"},{"floor":24.0,"key":"DIG"},{"floor":29.0,"key":"DIG"},{"floor":32.0,"key":"DIG"},{"floor":41.0,"key":"DIG"},{"floor":44.0,"key":"RECALL"},{"floor":47.0,"key":"DIG"},{"floor":49.0,"key":"DIG"},{"floor":53.0,"key":"DIG"}],"neow_cost":"NONE","seed_source_timestamp":50420073081113,"circlet_count":0,"master_deck":["AscendersBane","Defend_G","Defend_G","Defend_G","Defend_G","Defend_G","Survivor","Neutralize+1","Acrobatics","Predator+1","Stack","Bouncing Flask+1","Purity","Apotheosis","Undo","Adrenaline","Body Slam","Sunder","Leg Sweep","Uppercut","Burst","Chill","Phantasmal Killer","Spot Weakness","Leap+1","Pommel Strike","Fusion","Terror+1","Footwork","Discovery+1","PiercingWail","Perfected Strike"],"special_seed":0,"relics":["Ring of the Snake","PrismaticShard","Snake Skull","Lantern","Fusion Hammer","Shovel","Paper Crane","Tiny Chest","Bronze Scales","Prayer Wheel","Bottled Lightning","Pen Nib","Potion Belt","Velvet Choker","Turnip","Blood Vial","Pear","Pantograph","Vajra","Gambling Chip"],"potions_floor_usage":[56,56,56,56],"damage_taken":[{"damage":0.0,"enemies":"Cultist","floor":1.0,"turns":4.0},{"damage":4.0,"enemies":"Small Slimes","floor":2.0,"turns":6.0},{"damage":0.0,"enemies":"Jaw Worm","floor":3.0,"turns":7.0},{"damage":14.0,"enemies":"Lagavulin","floor":8.0,"turns":5.0},{"damage":7.0,"enemies":"Lots of Slimes","floor":11.0,"turns":6.0},{"damage":1.0,"enemies":"Exordium Wildlife","floor":12.0,"turns":6.0},{"damage":10.0,"enemies":"Exordium Thugs","floor":13.0,"turns":5.0},{"damage":5.0,"enemies":"The Guardian","floor":16.0,"turns":8.0},{"damage":0.0,"enemies":"3 Byrds","floor":18.0,"turns":6.0},{"damage":0.0,"enemies":"Spheric Guardian","floor":20.0,"turns":3.0},{"damage":0.0,"enemies":"Centurion and Healer","floor":21.0,"turns":12.0},{"damage":7.0,"enemies":"Colosseum Slavers","floor":23.0,"turns":6.0},{"damage":2.0,"enemies":"Colosseum Nobs","floor":23.0,"turns":4.0},{"damage":0.0,"enemies":"Gremlin Leader","floor":25.0,"turns":6.0},{"damage":2.0,"enemies":"Snecko","floor":27.0,"turns":3.0},{"damage":0.0,"enemies":"Snake Plant","floor":28.0,"turns":2.0},{"damage":0.0,"enemies":"Slavers","floor":30.0,"turns":5.0},{"damage":0.0,"enemies":"Sentry and Sphere","floor":31.0,"turns":3.0},{"damage":2.0,"enemies":"Collector","floor":33.0,"turns":8.0},{"damage":4.0,"enemies":"3 Darklings","floor":35.0,"turns":5.0},{"damage":0.0,"enemies":"3 Shapes","floor":37.0,"turns":4.0},{"damage":1.0,"enemies":"3 Darklings","floor":39.0,"turns":5.0},{"damage":0.0,"enemies":"Jaw Worm Horde","floor":40.0,"turns":6.0},{"damage":1.0,"enemies":"4 Shapes","floor":42.0,"turns":5.0},{"damage":0.0,"enemies":"Transient","floor":45.0,"turns":6.0},{"damage":1.0,"enemies":"Sphere and 2 Shapes","floor":48.0,"turns":5.0},{"damage":65.0,"enemies":"Donu and Deca","floor":50.0,"turns":14.0},{"damage":0.0,"enemies":"Awakened One","floor":51.0,"turns":14.0},{"damage":35.0,"enemies":"Shield and Spear","floor":55.0,"turns":8.0},{"damage":48,"enemies":"The Heart","floor":56,"turns":14}],"seed_played":"-6840577335525584199","potions_obtained":[{"floor":1.0,"key":"SkillPotion"},{"floor":8.0,"key":"Block Potion"},{"floor":11.0,"key":"Energy Potion"},{"floor":13.0,"key":"GamblersBrew"},{"floor":20.0,"key":"SpeedPotion"},{"floor":23.0,"key":"SteroidPotion"},{"floor":30.0,"key":"Regen Potion"},{"floor":33.0,"key":"Strength Potion"},{"floor":35.0,"key":"SpeedPotion"},{"floor":36.0,"key":"PowerPotion"},{"floor":36.0,"key":"Dexterity Potion"},{"floor":37.0,"key":"Swift Potion"},{"floor":39.0,"key":"Energy Potion"},{"floor":48.0,"key":"Poison Potion"}],"is_trial":false,"path_per_floor":["M","M","M","$","$","R","?","E","T","R","M","M","M","$","R","B",null,"M","?","M","M","$","?","R","E","T","M","M","R","E","M","R","B",null,"M","?","M","$","M","M","R","M","T","R","M","T","R","M","R","B","B",null,"R","$","E","B",null],"character_chosen":"THE_SILENT","items_purchased":["PrismaticShard","Purity","Vajra","PiercingWail"],"campfire_rested":0,"item_purchase_floors":[4,14,54,54],"current_hp_per_floor":[59,55,55,55,55,55,44,30,30,30,23,22,12,12,12,7,51,51,51,51,51,51,42,42,42,42,40,40,40,40,40,40,38,59,55,55,66,66,65,65,65,64,64,64,64,64,64,65,75,11,13,60,60,60,27,6],"gold":44,"neow_bonus":"HUNDRED_GOLD","is_prod":false,"is_daily":false,"chose_seed":false,"campfire_upgraded":3,"win_rate":0,"timestamp":1557849113,"path_taken":["M","M","M","?","$","R","?","E","T","R","M","M","M","$","R","BOSS","M","?","?","M","$","?","R","E","T","M","M","R","E","M","R","BOSS","M","?","M","$","M","M","R","M","T","R","?","?","R","M","R","BOSS","BOSS","R","$","E","BOSS"],"build_version":"2019-01-23","purchased_purges":4,"victory":true,"max_hp_per_floor":[66,66,66,66,66,66,66,66,66,66,66,66,66,66,66,66,66,66,66,66,66,66,66,66,66,66,66,66,66,66,66,66,66,66,66,66,66,66,66,66,66,66,66,66,66,66,66,66,76,76,76,76,76,76,76,76],"card_choices":[{"not_picked":["Dodge and Roll","Flying Knee","Sucker Punch"],"picked":"SKIP","floor":1.0},{"not_picked":["Prepared","Flying Knee"],"picked":"Acrobatics","floor":2.0},{"not_picked":["Eviscerate","Backflip"],"picked":"Predator","floor":3.0},{"not_picked":["Iron Wave","Dodge and Roll","Steam"],"picked":"SKIP","floor":8.0},{"not_picked":["Heavy Blade","Barrage"],"picked":"Stack","floor":11.0},{"not_picked":["Cold Snap","Ghostly Armor"],"picked":"Bouncing Flask","floor":12.0},{"not_picked":["Backstab","Combust","Dodge and Roll"],"picked":"SKIP","floor":13.0},{"not_picked":["All For One","HandOfGreed"],"picked":"Apotheosis","floor":16.0},{"not_picked":["Prepared","Go for the Eyes"],"picked":"Undo","floor":18.0},{"not_picked":["Bandage Up","Conserve Battery"],"picked":"Body Slam","floor":20.0},{"not_picked":["Quick Slash","Dagger Spray"],"picked":"Sunder","floor":21.0},{"not_picked":["Rebound","Heavy Blade+1","Sucker Punch"],"picked":"SKIP","floor":25.0},{"not_picked":["Sever Soul+1","Wild Strike"],"picked":"Leg Sweep","floor":27.0},{"not_picked":["Clothesline","Streamline","The Bomb"],"picked":"SKIP","floor":27.0},{"not_picked":["Iron Wave","Whirlwind","BootSequence"],"picked":"SKIP","floor":28.0},{"not_picked":["Body Slam","Concentrate","Blade Dance"],"picked":"SKIP","floor":28.0},{"not_picked":["Rampage","Rip and Tear"],"picked":"Uppercut","floor":30.0},{"not_picked":["Armaments","Compile Driver"],"picked":"Burst","floor":31.0},{"not_picked":["Crippling Poison","Expertise"],"picked":"Chill","floor":31.0},{"not_picked":["Brutality","Electrodynamics"],"picked":"Phantasmal Killer","floor":33.0},{"not_picked":["Outmaneuver","Eviscerate","Static Discharge+1"],"picked":"SKIP","floor":35.0},{"not_picked":["Jack Of All Trades","Dropkick","Poisoned Stab"],"picked":"SKIP","floor":35.0},{"not_picked":["PiercingWail","Armaments+1"],"picked":"Spot Weakness","floor":37.0},{"not_picked":["Sucker Punch","Sunder","Blade Dance"],"picked":"SKIP","floor":37.0},{"not_picked":["Melter","Jack Of All Trades+1"],"picked":"Leap+1","floor":39.0},{"not_picked":["Endless Agony+1","Reflex","Clash"],"picked":"SKIP","floor":39.0},{"not_picked":["Sweeping Beam","Madness+1","Heatsinks"],"picked":"SKIP","floor":40.0},{"not_picked":["Chaos+1","Flechettes+1","Flying Knee"],"picked":"SKIP","floor":40.0},{"not_picked":["Lockon+1","Metallicize+1"],"picked":"Pommel Strike","floor":42.0},{"not_picked":["Rebound+1","Self Repair"],"picked":"Fusion","floor":42.0},{"not_picked":["Anger","Flame Barrier"],"picked":"Terror+1","floor":45.0},{"not_picked":["Doppelganger","Clothesline+1","Anger"],"picked":"SKIP","floor":45.0},{"not_picked":["Conserve Battery+1","Genetic Algorithm"],"picked":"Footwork","floor":48.0},{"not_picked":["Steam","Body Slam"],"picked":"Discovery+1","floor":48.0},{"not_picked":["Blade Dance","Unload"],"picked":"Perfected Strike","floor":55.0}],"player_experience":4764177,"relics_obtained":[{"floor":8.0,"key":"Snake Skull"},{"floor":9.0,"key":"Lantern"},{"floor":23.0,"key":"Shovel"},{"floor":23.0,"key":"Paper Crane"},{"floor":24.0,"key":"Tiny Chest"},{"floor":25.0,"key":"Bronze Scales"},{"floor":26.0,"key":"Prayer Wheel"},{"floor":29.0,"key":"Bottled Lightning"},{"floor":30.0,"key":"Pen Nib"},{"floor":32.0,"key":"Potion Belt"},{"floor":41.0,"key":"Turnip"},{"floor":46.0,"key":"Blood Vial"},{"floor":49.0,"key":"Pear"},{"floor":53.0,"key":"Pantograph"},{"floor":55.0,"key":"Gambling Chip"}],"event_choices":[{"damage_healed":0.0,"max_hp_gain":0.0,"max_hp_loss":0.0,"gold_gain":75.0,"event_name":"World of Goop","player_choice":"Gather Gold","floor":7.0,"gold_loss":0.0,"damage_taken":11.0},{"damage_healed":0.0,"max_hp_gain":0.0,"max_hp_loss":0.0,"gold_gain":0.0,"cards_transformed":["Strike_G"],"event_name":"Transmorgrifier","player_choice":"Transformed","floor":19.0,"gold_loss":0.0,"damage_taken":0.0,"cards_obtained":["Adrenaline"]},{"damage_healed":0.0,"max_hp_gain":0.0,"max_hp_loss":0.0,"gold_gain":0.0,"event_name":"Colosseum","player_choice":"Fight","floor":23.0,"gold_loss":0.0,"damage_taken":0.0},{"damage_healed":0.0,"max_hp_gain":0.0,"max_hp_loss":0.0,"gold_gain":0.0,"event_name":"Colosseum","player_choice":"Fought Nobs","floor":23.0,"gold_loss":0.0,"damage_taken":0.0},{"damage_healed":0.0,"max_hp_gain":0.0,"max_hp_loss":0.0,"gold_gain":0.0,"event_name":"Lab","player_choice":"Got Potions","floor":36.0,"gold_loss":0.0,"damage_taken":0.0}],"is_beta":false,"boss_relics":[{"not_picked":["Coffee Dripper","Empty Cage"],"picked":"Fusion Hammer"},{"not_picked":["Black Star","Eternal Feather"],"picked":"Velvet Choker"}],"items_purged_floors":[14,22,38,54],"is_endless":false,"potions_floor_spawned":[1,8,11,13,20,23,30,33,35,37,39,48],"ascension_level":20}