{"gold_per_floor":[109,125,41,41,62,101,101,140,166,166,131,131,144,168,168,168],"floor_reached":16,"playtime":524,"items_purged":[],"score":220,"play_id":"33c934e0-9cd9-4103-9347-5661ca8e8e89","local_time":"20190707115119","is_ascension_mode":true,"campfire_choices":[{"data":"Sunder","floor":7,"key":"SMITH"},{"data":"Consume","floor":10,"key":"SMITH"},{"data":"Zap","floor":12,"key":"SMITH"},{"data":"Coolheaded","floor":15,"key":"SMITH"}],"neow_cost":"NONE","seed_source_timestamp":10570020034628,"circlet_count":0,"master_deck":["AscendersBane","Strike_B+1","Strike_B","Strike_B+1","Strike_B","Defend_B","Defend_B","Defend_B","Defend_B","Zap+1","Dualcast","Glacier","Coolheaded+1","Consume+1","Fission","Sunder+1","Skim","Turbo","White Noise"],"relics":["Cracked Core","NeowsBlessing","Golden Idol","Orichalcum","Ancient Tea Set","Whetstone"],"potions_floor_usage":[8,16],"damage_taken":[{"damage":0,"enemies":"2 Louse","floor":1,"turns":1},{"damage":0,"enemies":"Small Slimes","floor":2,"turns":1},{"damage":0,"enemies":"Jaw Worm","floor":5,"turns":1},{"damage":47,"enemies":"3 Sentries","floor":6,"turns":17},{"damage":10,"enemies":"Lagavulin","floor":8,"turns":8},{"damage":0,"enemies":"Looter","floor":13,"turns":2},{"damage":5,"enemies":"Blue Slaver","floor":14,"turns":2},{"damage":24,"enemies":"Hexaghost","floor":16,"turns":7}],"seed_played":"6891090151671964564","potions_obtained":[{"floor":1,"key":"FearPotion"},{"floor":5,"key":"Weak Potion"},{"floor":13,"key":"Dexterity Potion"},{"floor":14,"key":"AttackPotion"}],"is_trial":false,"path_per_floor":["M","M","$","?","M","E","R","E","T","R","?","R","M","M","R","B"],"character_chosen":"DEFECT","items_purchased":["Consume"],"campfire_rested":0,"item_purchase_floors":[3],"current_hp_per_floor":[64,64,64,64,64,17,17,7,7,7,23,23,23,18,18,0],"gold":168,"neow_bonus":"THREE_ENEMY_KILL","is_prod":false,"is_daily":false,"chose_seed":false,"campfire_upgraded":4,"win_rate":0,"timestamp":1562471479,"path_taken":["M","M","$","?","M","E","R","E","T","R","?","R","M","M","R","BOSS"],"build_version":"2019-07-05","purchased_purges":0,"victory":false,"max_hp_per_floor":[71,71,71,64,64,64,64,64,64,64,64,64,64,64,64,64],"card_choices":[{"not_picked":["Redo","Streamline"],"picked":"Glacier","floor":1},{"not_picked":["Beam Cell","Turbo"],"picked":"Coolheaded","floor":2},{"not_picked":["Leap","Hello World"],"picked":"Fission","floor":5},{"not_picked":["Hologram","Glacier"],"picked":"Sunder","floor":6},{"not_picked":["Hologram","Rebound"],"picked":"Skim","floor":8},{"not_picked":["Reinforced Body","Leap"],"picked":"Turbo","floor":13},{"not_picked":["Lockon","Auto Shields"],"picked":"White Noise","floor":14}],"player_experience":5707361,"relics_obtained":[{"floor":6,"key":"Orichalcum"},{"floor":8,"key":"Ancient Tea Set"},{"floor":9,"key":"Whetstone"}],"event_choices":[{"damage_healed":0,"gold_gain":0,"player_choice":"Lose Max HP","damage_taken":0,"relics_obtained":["Golden Idol"],"max_hp_gain":0,"max_hp_loss":7,"event_name":"Golden Idol","floor":4,"gold_loss":0},{"damage_healed":16,"gold_gain":0,"player_choice":"Healed","damage_taken":0,"max_hp_gain":0,"max_hp_loss":0,"event_name":"The Cleric","floor":11,"gold_loss":35}],"is_beta":false,"boss_relics":[],"items_purged_floors":[],"is_endless":false,"potions_floor_spawned":[1,5,13,14],"killed_by":"Hexaghost","ascension_level":20}