{"gold_per_floor":[119,30,30,43,53,53,53,70,70,70,70,85,85,105,105,180,180,197,216,231,242,242,242,255,272,272,272,272],"floor_reached":28,"playtime":1181,"items_purged":[],"score":428,"play_id":"55dd328c-7c33-45fb-a6e8-70babfd44ab1","local_time":"20190211210052","is_ascension_mode":true,"campfire_choices":[{"data":"Glass Knife","floor":6.0,"key":"SMITH"},{"data":"Deadly Poison","floor":10.0,"key":"SMITH"},{"data":"Bouncing Flask","floor":13,"key":"SMITH"},{"data":"Neutralize","floor":15,"key":"SMITH"},{"data":"Wraith Form v2","floor":23,"key":"SMITH"},{"data":"Grand Finale","floor":27,"key":"SMITH"}],"neow_cost":"NONE","seed_source_timestamp":30013918267339,"circlet_count":0,"master_deck":["AscendersBane","Defend_G","Defend_G","Defend_G","Defend_G","Defend_G","Strike_G","Strike_G","Strike_G","Strike_G","Survivor","Neutralize+1","Glass Knife+1","Deadly Poison+1","Deadly Poison","Bouncing Flask+1","Grand Finale+1","Wraith Form v2+1","Backflip"],"special_seed":0,"relics":["Ring of the Snake","Happy Flower","Mercury Hourglass","Runic Pyramid","Art of War"],"potions_floor_usage":[12,28,28],"damage_taken":[{"damage":1.0,"enemies":"Jaw Worm","floor":1.0,"turns":4.0},{"damage":0.0,"enemies":"Cultist","floor":4.0,"turns":4.0},{"damage":0.0,"enemies":"2 Louse","floor":5.0,"turns":2.0},{"damage":0.0,"enemies":"2 Fungi Beasts","floor":8.0,"turns":3.0},{"damage":0,"enemies":"Lots of Slimes","floor":12,"turns":3},{"damage":1,"enemies":"Blue Slaver","floor":14,"turns":4},{"damage":9,"enemies":"The Guardian","floor":16,"turns":7},{"damage":6,"enemies":"Shell Parasite","floor":18,"turns":4},{"damage":2,"enemies":"2 Thieves","floor":19,"turns":4},{"damage":6,"enemies":"Centurion and Healer","floor":20,"turns":4},{"damage":0,"enemies":"Snecko","floor":21,"turns":4},{"damage":24,"enemies":"Shelled Parasite and Fungi","floor":24,"turns":5},{"damage":0,"enemies":"Snake Plant","floor":25,"turns":4},{"damage":14,"enemies":"Slavers","floor":28,"turns":2}],"seed_played":"2384793751487000083","potions_obtained":[{"floor":4.0,"key":"AttackPotion"},{"floor":5.0,"key":"Energy Potion"},{"floor":16,"key":"Dexterity Potion"},{"floor":20,"key":"FearPotion"}],"is_trial":false,"path_per_floor":["M","$","?","M","M","R","T","M","T","R","?","M","R","M","R","B",null,"M","M","M","M","?","R","M","M","T","R","E"],"character_chosen":"THE_SILENT","items_purchased":["Footwork"],"campfire_rested":0,"item_purchase_floors":[2],"current_hp_per_floor":[58,58,58,58,58,58,58,58,58,58,58,58,58,57,57,48,62,56,54,48,48,48,48,24,24,24,24,10],"gold":272,"neow_bonus":"ONE_RANDOM_RARE_CARD","is_prod":false,"is_daily":false,"chose_seed":false,"campfire_upgraded":6,"win_rate":0,"timestamp":1549890052,"path_taken":["M","$","?","M","?","R","?","M","T","R","?","M","R","M","R","BOSS","M","M","M","M","?","R","M","?","T","R","E"],"build_version":"2019-01-23","purchased_purges":0,"victory":false,"max_hp_per_floor":[66,66,66,66,66,66,66,66,66,66,66,66,66,66,66,66,66,66,66,66,66,66,66,66,66,66,66,66],"card_choices":[{"not_picked":["Deflect","Backflip"],"picked":"Deadly Poison","floor":1.0},{"not_picked":["Dash","Escape Plan"],"picked":"Deadly Poison","floor":4.0},{"not_picked":["Deflect","Bane","Endless Agony"],"picked":"SKIP","floor":5.0},{"not_picked":["Cloak And Dagger","Outmaneuver","Distraction"],"picked":"SKIP","floor":8.0},{"not_picked":["Blade Dance","PiercingWail"],"picked":"Bouncing Flask","floor":12},{"not_picked":["Blade Dance","Backflip"],"picked":"Grand Finale","floor":14},{"not_picked":["Burst","Die Die Die"],"picked":"Wraith Form v2","floor":16},{"not_picked":["Expertise","Cloak And Dagger+1","Blade Dance"],"picked":"SKIP","floor":18},{"not_picked":["Footwork","Cloak And Dagger","Concentrate"],"picked":"SKIP","floor":19},{"not_picked":["Predator","Prepared","Dagger Throw"],"picked":"SKIP","floor":20},{"not_picked":["Dagger Spray+1","Caltrops","Slice"],"picked":"SKIP","floor":21},{"not_picked":["Outmaneuver","Dodge and Roll","Prepared"],"picked":"SKIP","floor":24},{"not_picked":["Underhanded Strike","Unload"],"picked":"Backflip","floor":25}],"player_experience":2617582,"relics_obtained":[{"floor":7.0,"key":"Happy Flower"},{"floor":9.0,"key":"Mercury Hourglass"}],"event_choices":[{"damage_healed":0.0,"max_hp_gain":0.0,"max_hp_loss":0.0,"gold_gain":0.0,"event_name":"Match and Keep!","player_choice":"0 cards matched","floor":3.0,"gold_loss":0.0,"damage_taken":0.0,"cards_obtained":[]},{"cards_removed":["Strike_G"],"damage_healed":0,"gold_gain":0,"player_choice":"Forget","damage_taken":0,"max_hp_gain":0,"max_hp_loss":0,"event_name":"Living Wall","floor":11,"gold_loss":0},{"cards_removed":["Footwork"],"damage_healed":0,"gold_gain":0,"player_choice":"Gave Card","damage_taken":0,"relics_obtained":["Art of War"],"max_hp_gain":0,"max_hp_loss":0,"event_name":"WeMeetAgain","floor":22,"gold_loss":0}],"is_beta":false,"boss_relics":[{"not_picked":["Calling Bell","Ectoplasm"],"picked":"Runic Pyramid"}],"items_purged_floors":[],"is_endless":false,"potions_floor_spawned":[4,5,16,19,20,24],"killed_by":"Slavers","ascension_level":20}