{"gold_per_floor":[113,113,113,126,145,145,145,70,70,98,98,98,108,108,108,204,204,225,225,250,250,29,29,54,77,77,77,77,102,102,2,2,100,100,118,118,118,142,475,508,508,533,557,576,576,592,647,375,375,375,375,375,33,64,64],"floor_reached":56,"playtime":1824,"items_purged":["Bash","Defend_R","Defend_R"],"score":1989,"play_id":"b6807ed1-6c9f-4a3c-8daa-6d80b5ab76dd","local_time":"20190212151238","is_ascension_mode":true,"campfire_choices":[{"data":"True Grit","floor":6.0,"key":"SMITH"},{"data":"Uppercut","floor":11.0,"key":"SMITH"},{"data":"Limit Break","floor":15.0,"key":"SMITH"},{"data":"Juggernaut","floor":23.0,"key":"SMITH"},{"floor":32.0,"key":"REST"},{"data":"Shrug It Off","floor":41.0,"key":"SMITH"},{"data":"Second Wind","floor":45.0,"key":"SMITH"},{"floor":49.0,"key":"RECALL"},{"data":"Evolve","floor":52.0,"key":"SMITH"}],"neow_cost":"TEN_PERCENT_HP_LOSS","seed_source_timestamp":1288116028243462,"circlet_count":0,"master_deck":["AscendersBane","Shrug It Off+1","Uppercut+1","Juggernaut+1","True Grit+1","Limit Break+1","Body Slam+1","Shrug It Off+1","Heavy Blade+1","Combust+1","Flex+1","Second Wind+1","Offering+1","Dark Shackles+1","Evolve+1","Shrug It Off+1","Reaper"],"special_seed":0,"relics":["Burning Blood","Potion Belt","Self Forming Clay","Astrolabe","Oddly Smooth Stone","Toxic Egg 2","Bag of Preparation","Sozu","Boot","Art of War","Bird Faced Urn","PreservedInsect","Membership Card","Bronze Scales","Strawberry"],"potions_floor_usage":[55,55,55],"damage_taken":[{"damage":7.0,"enemies":"Small Slimes","floor":1.0,"turns":4.0},{"damage":0.0,"enemies":"Cultist","floor":4.0,"turns":3.0},{"damage":6.0,"enemies":"2 Louse","floor":5.0,"turns":4.0},{"damage":44.0,"enemies":"Gremlin Nob","floor":10.0,"turns":6.0},{"damage":0.0,"enemies":"2 Fungi Beasts","floor":13.0,"turns":5.0},{"damage":14.0,"enemies":"Hexaghost","floor":16.0,"turns":8.0},{"damage":6.0,"enemies":"Chosen","floor":18.0,"turns":5.0},{"damage":9.0,"enemies":"3 Byrds","floor":20.0,"turns":3.0},{"damage":9.0,"enemies":"Snake Plant","floor":24.0,"turns":4.0},{"damage":34.0,"enemies":"Cultist and Chosen","floor":25.0,"turns":6.0},{"damage":12.0,"enemies":"Centurion and Healer","floor":29.0,"turns":5.0},{"damage":13.0,"enemies":"Collector","floor":33.0,"turns":8.0},{"damage":6.0,"enemies":"Orb Walker","floor":35.0,"turns":2.0},{"damage":9.0,"enemies":"3 Darklings","floor":38.0,"turns":4.0},{"damage":9.0,"enemies":"Reptomancer","floor":40.0,"turns":4.0},{"damage":6.0,"enemies":"Giant Head","floor":42.0,"turns":3.0},{"damage":6.0,"enemies":"Writhing Mass","floor":44.0,"turns":4.0},{"damage":6.0,"enemies":"Sphere and 2 Shapes","floor":46.0,"turns":5.0},{"damage":6.0,"enemies":"2 Orb Walkers","floor":47.0,"turns":5.0},{"damage":28.0,"enemies":"Donu and Deca","floor":50.0,"turns":8.0},{"damage":29.0,"enemies":"Shield and Spear","floor":54.0,"turns":6.0},{"damage":71,"enemies":"The Heart","floor":55,"turns":6}],"seed_played":"-9088204568940187258","potions_obtained":[{"floor":10.0,"key":"AttackPotion"},{"floor":13.0,"key":"Strength Potion"},{"floor":20.0,"key":"Strength Potion"},{"floor":21.0,"key":"EntropicBrew"},{"floor":21.0,"key":"Poison Potion"},{"floor":25.0,"key":"EntropicBrew"},{"floor":33.0,"key":"GamblersBrew"}],"is_trial":false,"path_per_floor":["M","?","?","M","M","R","?","?","T","E","R","?","M","?","R","B",null,"M","?","M","?","$","R","M","M","T","$","?","M","T","$","R","B",null,"M","?","$","M","?","E","R","E","T","M","R","M","?","$","R","B",null,"R","$","E","B",null],"character_chosen":"IRONCLAD","items_purchased":["Oddly Smooth Stone","PreservedInsect","Membership Card","Bronze Scales","Reaper"],"campfire_rested":1,"item_purchase_floors":[22,48,53,53,53],"current_hp_per_floor":[67,67,67,68,68,68,73,73,73,35,35,35,41,16,16,8,57,57,57,54,54,54,54,51,23,23,23,23,17,17,17,38,31,63,63,63,63,60,60,57,57,57,57,57,57,57,57,57,57,39,65,65,65,53,32],"gold":64,"neow_bonus":"REMOVE_TWO","is_prod":false,"is_daily":false,"chose_seed":false,"campfire_upgraded":7,"win_rate":0,"timestamp":1549955558,"path_taken":["M","?","?","?","M","R","?","?","T","E","R","?","M","?","R","BOSS","M","?","?","?","$","R","M","M","T","?","?","M","?","$","R","BOSS","M","?","$","M","?","E","R","E","T","M","R","M","?","$","R","BOSS","R","$","E","BOSS"],"build_version":"2019-01-23","purchased_purges":3,"victory":true,"max_hp_per_floor":[68,68,68,68,68,68,73,73,73,73,73,73,73,73,73,73,73,73,73,73,73,73,73,73,73,73,73,73,73,73,73,73,73,73,73,73,73,73,73,73,73,73,73,73,73,73,73,73,73,73,73,73,73,80,80],"card_choices":[{"not_picked":["Clash","Pommel Strike"],"picked":"Shrug It Off","floor":1.0},{"not_picked":["Bloodletting","Heavy Blade"],"picked":"Juggernaut","floor":4.0},{"not_picked":["Spot Weakness","Cleave"],"picked":"True Grit","floor":5.0},{"not_picked":["Perfected Strike","Sword Boomerang","Fiend Fire"],"picked":"SKIP","floor":10.0},{"not_picked":["Bloodletting","Thunderclap"],"picked":"Body Slam","floor":13.0},{"not_picked":["Anger","Infernal Blade","Thunderclap"],"picked":"SKIP","floor":18.0},{"not_picked":["Clothesline","Pommel Strike+1"],"picked":"Flex+1","floor":20.0},{"not_picked":["Dropkick","Wild Strike"],"picked":"Second Wind","floor":24.0},{"not_picked":["Whirlwind","Body Slam","Infernal Blade"],"picked":"SKIP","floor":25.0},{"not_picked":["Wild Strike","Metallicize","Rage+1"],"picked":"SKIP","floor":29.0},{"not_picked":["Fiend Fire","Feed"],"picked":"Offering+1","floor":33.0},{"not_picked":["Armaments+1","Fire Breathing+1","Searing Blow+1"],"picked":"SKIP","floor":35.0},{"not_picked":["Dramatic Entrance","Flash of Steel"],"picked":"Dark Shackles+1","floor":36.0},{"not_picked":["Second Wind+1","Sentinel+1","Perfected Strike"],"picked":"SKIP","floor":38.0},{"not_picked":["Wild Strike+1","Flex+1"],"picked":"Evolve","floor":40.0},{"not_picked":["Iron Wave+1","Flame Barrier+1","Body Slam"],"picked":"SKIP","floor":42.0},{"not_picked":["Feed","Sword Boomerang"],"picked":"Shrug It Off+1","floor":44.0},{"not_picked":["Uppercut","Flex+1","Pommel Strike"],"picked":"SKIP","floor":46.0},{"not_picked":["Heavy Blade","Burning Pact+1","Headbutt"],"picked":"SKIP","floor":54.0}],"player_experience":735283,"relics_obtained":[{"floor":9.0,"key":"Potion Belt"},{"floor":10.0,"key":"Self Forming Clay"},{"floor":26.0,"key":"Toxic Egg 2"},{"floor":30.0,"key":"Bag of Preparation"},{"floor":40.0,"key":"Boot"},{"floor":42.0,"key":"Art of War"},{"floor":47.0,"key":"Bird Faced Urn"},{"floor":54.0,"key":"Strawberry"}],"event_choices":[{"damage_healed":0.0,"max_hp_gain":0.0,"max_hp_loss":0.0,"gold_gain":0.0,"event_name":"Liars Game","player_choice":"Ignored","floor":2.0,"gold_loss":0.0,"damage_taken":0.0},{"damage_healed":0.0,"max_hp_gain":0.0,"max_hp_loss":0.0,"gold_gain":0.0,"event_name":"Match and Keep!","player_choice":"1 cards matched","floor":3.0,"gold_loss":0.0,"damage_taken":0.0,"cards_obtained":["Uppercut"]},{"damage_healed":0.0,"max_hp_gain":5.0,"max_hp_loss":0.0,"gold_gain":0.0,"event_name":"Big Fish","player_choice":"Donut","floor":7.0,"gold_loss":0.0,"damage_taken":0.0},{"cards_removed":["Strike_R"],"damage_healed":0.0,"max_hp_gain":0.0,"max_hp_loss":0.0,"gold_gain":0.0,"event_name":"The Cleric","player_choice":"Card Removal","floor":8.0,"gold_loss":75.0,"damage_taken":0.0},{"damage_healed":0.0,"max_hp_gain":0.0,"max_hp_loss":0.0,"gold_gain":0.0,"cards_transformed":["Strike_R"],"event_name":"Living Wall","player_choice":"Change","floor":12.0,"gold_loss":0.0,"damage_taken":0.0,"cards_obtained":["Limit Break"]},{"damage_healed":0.0,"max_hp_gain":0.0,"max_hp_loss":0.0,"gold_gain":0.0,"event_name":"Golden Idol","player_choice":"Take Damage","floor":14.0,"gold_loss":0.0,"damage_taken":25.0,"relics_obtained":["Golden Idol"]},{"damage_healed":0.0,"max_hp_gain":0.0,"max_hp_loss":0.0,"gold_gain":0.0,"event_name":"Accursed Blacksmith","player_choice":"Forge","floor":19.0,"gold_loss":0.0,"damage_taken":0.0,"cards_upgraded":["Body Slam"]},{"damage_healed":0.0,"max_hp_gain":0.0,"max_hp_loss":0.0,"gold_gain":0.0,"event_name":"Lab","player_choice":"Got Potions","floor":21.0,"gold_loss":0.0,"damage_taken":0.0},{"damage_healed":0.0,"max_hp_gain":0.0,"max_hp_loss":0.0,"gold_gain":0.0,"event_name":"The Mausoleum","player_choice":"Ignored","floor":28.0,"gold_loss":0.0,"damage_taken":0.0},{"damage_healed":0.0,"max_hp_gain":0.0,"max_hp_loss":0.0,"gold_gain":0.0,"event_name":"SensoryStone","player_choice":"Memory 1","floor":36.0,"gold_loss":0.0,"damage_taken":0.0},{"damage_healed":0.0,"max_hp_gain":0.0,"max_hp_loss":0.0,"gold_gain":333.0,"event_name":"The Moai Head","player_choice":"Gave Idol","floor":39.0,"relics_lost":["Golden Idol"],"gold_loss":0.0,"damage_taken":0.0},{"damage_healed":0.0,"max_hp_gain":0.0,"max_hp_loss":0.0,"gold_gain":0.0,"event_name":"Mysterious Sphere","player_choice":"Fight","floor":47.0,"gold_loss":0.0,"damage_taken":0.0}],"is_beta":false,"boss_relics":[{"not_picked":["Black Star","Coffee Dripper"],"picked":"Astrolabe"},{"not_picked":["Philosopher\u0027s Stone","Busted Crown"],"picked":"Sozu"}],"items_purged_floors":[22,31,48],"is_endless":false,"potions_floor_spawned":[10,13,20,25,33,38,42,44,54],"ascension_level":15}