{"gold_per_floor":[118,131,143,156,231,231,262,262,262,293,306,306,326,344,344,420,420,438,454,13,113,126,126,155,155,155,180,4,32,32,47,47,47],"floor_reached":33,"playtime":1717,"items_purged":["Strike_R","Anger"],"score":586,"play_id":"6bf4300e-b4ff-465f-8c5f-4344868ca165","local_time":"20190513175550","is_ascension_mode":true,"campfire_choices":[{"data":"Bash","floor":6,"key":"SMITH"},{"data":"Immolate","floor":8,"key":"SMITH"},{"data":"Inflame","floor":15,"key":"SMITH"},{"data":"Fiend Fire","floor":23,"key":"SMITH"},{"floor":25,"key":"REST"},{"floor":30,"key":"RECALL"},{"floor":32,"key":"REST"}],"neow_cost":"NONE","seed_source_timestamp":96970201770994,"circlet_count":0,"master_deck":["AscendersBane","Strike_R+1","Strike_R+1","Defend_R","Defend_R","Defend_R","Bash+1","Immolate+1","Feel No Pain","True Grit+1","Ghostly Armor+1","Inflame+1","Rage+1","Fiend Fire+1","Rage+1","Uppercut+1","Exhume+1","Sword Boomerang+1","Havoc+1","Enlightenment+1","Warcry+1","Double Tap+1","Feel No Pain","Spot Weakness+1","True Grit+1"],"relics":["Burning Blood","Toxic Egg 2","Du-Vu Doll","FossilizedHelix","Astrolabe","Gremlin Horn","Champion Belt","Meat on the Bone","Whetstone","Shuriken","Darkstone Periapt","Red Skull"],"potions_floor_usage":[7,16,18,21,21,24,27,27,29,33,33],"damage_taken":[{"damage":6,"enemies":"Jaw Worm","floor":1,"turns":5},{"damage":9,"enemies":"2 Louse","floor":2,"turns":3},{"damage":1,"enemies":"Small Slimes","floor":3,"turns":4},{"damage":12,"enemies":"Gremlin Gang","floor":4,"turns":4},{"damage":13,"enemies":"Gremlin Nob","floor":7,"turns":3},{"damage":32,"enemies":"Lagavulin","floor":10,"turns":5},{"damage":2,"enemies":"Exordium Thugs","floor":11,"turns":4},{"damage":0,"enemies":"Looter","floor":13,"turns":4},{"damage":0,"enemies":"Blue Slaver","floor":14,"turns":4},{"damage":32,"enemies":"Hexaghost","floor":16,"turns":9},{"damage":0,"enemies":"2 Thieves","floor":18,"turns":4},{"damage":6,"enemies":"Shell Parasite","floor":19,"turns":5},{"damage":2,"enemies":"Colosseum Slavers","floor":21,"turns":3},{"damage":0,"enemies":"Colosseum Nobs","floor":21,"turns":2},{"damage":12,"enemies":"Centurion and Healer","floor":22,"turns":10},{"damage":69,"enemies":"Slavers","floor":24,"turns":5},{"damage":25,"enemies":"Book of Stabbing","floor":27,"turns":5},{"damage":34,"enemies":"Slavers","floor":29,"turns":5},{"damage":0,"enemies":"Snecko","floor":31,"turns":2},{"damage":76,"enemies":"Automaton","floor":33,"turns":6}],"seed_played":"6304829239392714999","potions_obtained":[{"floor":4,"key":"Energy Potion"},{"floor":10,"key":"Poison Potion"},{"floor":13,"key":"Block Potion"},{"floor":16,"key":"FearPotion"},{"floor":19,"key":"Swift Potion"},{"floor":21,"key":"Explosive Potion"},{"floor":24,"key":"EntropicBrew"},{"floor":29,"key":"Block Potion"},{"floor":31,"key":"FearPotion"}],"is_trial":false,"path_per_floor":["M","M","M","M","?","R","E","R","T","E","M","?","M","M","R","B",null,"M","M","$","?","M","R","E","R","T","E","$","E","R","M","R","B"],"character_chosen":"IRONCLAD","items_purchased":["Enlightenment+1","Gremlin Horn","Spot Weakness+1"],"campfire_rested":2,"item_purchase_floors":[20,20,28],"current_hp_per_floor":[75,72,77,71,60,60,53,53,53,27,31,31,37,43,43,17,66,72,72,72,82,76,76,25,49,49,42,42,26,26,44,68,0],"gold":47,"neow_bonus":"TEN_PERCENT_HP_BONUS","is_prod":false,"is_daily":false,"chose_seed":false,"campfire_upgraded":4,"win_rate":0,"timestamp":1557762950,"path_taken":["M","M","M","M","?","R","E","R","T","E","M","?","M","M","R","BOSS","M","M","$","?","M","R","E","R","T","E","$","E","R","M","R","BOSS"],"build_version":"2019-01-23","purchased_purges":2,"victory":false,"max_hp_per_floor":[82,82,82,82,82,82,82,82,82,82,82,82,82,82,82,82,82,82,82,82,82,82,82,82,82,82,82,82,82,82,82,82,82],"card_choices":[{"not_picked":["Clothesline","Thunderclap","Body Slam"],"picked":"SKIP","floor":1},{"not_picked":["Clothesline","Thunderclap","Body Slam"],"picked":"SKIP","floor":1},{"not_picked":["True Grit","Thunderclap"],"picked":"Anger","floor":2},{"not_picked":["Perfected Strike","Headbutt"],"picked":"Immolate","floor":3},{"not_picked":["Rampage","Pummel"],"picked":"Feel No Pain","floor":4},{"not_picked":["Perfected Strike","Wild Strike"],"picked":"True Grit","floor":7},{"not_picked":["Sword Boomerang","Headbutt"],"picked":"Ghostly Armor+1","floor":10},{"not_picked":["Whirlwind","Rampage"],"picked":"Inflame","floor":11},{"not_picked":["Heavy Blade","Anger","Seeing Red+1"],"picked":"SKIP","floor":13},{"not_picked":["Thunderclap","Blood for Blood"],"picked":"Rage+1","floor":14},{"not_picked":["Immolate","Offering+1"],"picked":"Fiend Fire","floor":16},{"not_picked":["Flex+1","Armaments+1"],"picked":"Sword Boomerang+1","floor":18},{"not_picked":["Bloodletting+1","Sever Soul+1"],"picked":"Havoc+1","floor":19},{"not_picked":["Perfected Strike","Flex+1"],"picked":"Warcry+1","floor":22},{"not_picked":["Anger","Havoc+1"],"picked":"Double Tap+1","floor":24},{"not_picked":["Flex+1","Thunderclap"],"picked":"Feel No Pain","floor":27},{"not_picked":["Shockwave+1","Intimidate+1"],"picked":"True Grit+1","floor":29},{"not_picked":["Uppercut","Twin Strike","Clash"],"picked":"SKIP","floor":31}],"player_experience":578079,"relics_obtained":[{"floor":7,"key":"Toxic Egg 2"},{"floor":9,"key":"Du-Vu Doll"},{"floor":10,"key":"FossilizedHelix"},{"floor":21,"key":"Champion Belt"},{"floor":21,"key":"Meat on the Bone"},{"floor":24,"key":"Whetstone"},{"floor":26,"key":"Shuriken"},{"floor":27,"key":"Darkstone Periapt"},{"floor":29,"key":"Red Skull"}],"event_choices":[{"damage_healed":0,"gold_gain":75,"player_choice":"Gather Gold","damage_taken":11,"max_hp_gain":0,"max_hp_loss":0,"event_name":"World of Goop","floor":5,"gold_loss":0},{"damage_healed":0,"gold_gain":0,"player_choice":"Ignored","damage_taken":0,"max_hp_gain":0,"max_hp_loss":0,"event_name":"Shining Light","floor":12,"gold_loss":0},{"damage_healed":0,"gold_gain":0,"player_choice":"Fight","damage_taken":0,"max_hp_gain":0,"max_hp_loss":0,"event_name":"Colosseum","floor":21,"gold_loss":0},{"damage_healed":0,"gold_gain":0,"player_choice":"Fought Nobs","damage_taken":0,"max_hp_gain":0,"max_hp_loss":0,"event_name":"Colosseum","floor":21,"gold_loss":0}],"is_beta":false,"boss_relics":[{"not_picked":["Lizard Tail","Empty Cage"],"picked":"Astrolabe"}],"items_purged_floors":[20,28],"is_endless":false,"potions_floor_spawned":[4,10,13,14,16,19,21,21,24,29,31],"killed_by":"Automaton","ascension_level":17}