{"gold_per_floor":[110,35,35,52,67,67,85,85,85,85,104,104,124,138,138,214,214,174,48,61,75,75],"floor_reached":22,"playtime":1104,"items_purged":["Strike_G","Strike_G"],"score":360,"play_id":"e04e29cc-494b-49f3-a1ed-14d5b145283c","local_time":"20190116211855","is_ascension_mode":true,"campfire_choices":[{"data":"Neutralize","floor":6.0,"key":"SMITH"},{"data":"Envenom","floor":10.0,"key":"SMITH"},{"data":"Footwork","floor":12.0,"key":"SMITH"},{"data":"Poisoned Stab","floor":15.0,"key":"SMITH"}],"neow_cost":"PERCENT_DAMAGE","seed_source_timestamp":36447714583489,"circlet_count":0,"master_deck":["AscendersBane","Defend_G","Defend_G","Defend_G","Defend_G","Defend_G","Strike_G","Strike_G","Survivor","Neutralize+1","Footwork+1","Infinite Blades","Envenom+1","Backflip","Poisoned Stab+1","Grand Finale","Catalyst","Backflip","Deadly Poison","Backflip"],"special_seed":0,"relics":["Ring of the Snake","Calipers","Dodecahedron","Sozu"],"potions_floor_usage":[],"damage_taken":[{"damage":0.0,"enemies":"2 Louse","floor":1.0,"turns":6.0},{"damage":3.0,"enemies":"Cultist","floor":4.0,"turns":6.0},{"damage":0.0,"enemies":"Jaw Worm","floor":5.0,"turns":6.0},{"damage":12.0,"enemies":"Lots of Slimes","floor":7.0,"turns":10.0},{"damage":8.0,"enemies":"Large Slime","floor":11.0,"turns":9.0},{"damage":3.0,"enemies":"Looter","floor":13.0,"turns":4.0},{"damage":0.0,"enemies":"3 Louse","floor":14.0,"turns":1.0},{"damage":8.0,"enemies":"The Guardian","floor":16.0,"turns":12.0},{"damage":11.0,"enemies":"2 Thieves","floor":18.0,"turns":5.0},{"damage":5.0,"enemies":"Shell Parasite","floor":20.0,"turns":8.0},{"damage":0.0,"enemies":"Centurion and Healer","floor":21.0,"turns":8.0},{"damage":0,"enemies":"Cultist and Chosen","floor":22,"turns":3}],"seed_played":"-3879703764457081852","potions_obtained":[{"floor":5.0,"key":"Block Potion"},{"floor":7.0,"key":"Explosive Potion"},{"floor":16.0,"key":"Regen Potion"}],"is_trial":false,"path_per_floor":["M","$","?","M","M","R","M","?","T","R","M","R","M","M","R","B",null,"M","$","M","M","M"],"character_chosen":"THE_SILENT","items_purchased":["Backflip"],"campfire_rested":0,"item_purchase_floors":[19],"current_hp_per_floor":[44,44,44,41,41,41,29,29,29,29,21,21,18,18,18,10,52,41,41,36,36,36],"gold":75,"neow_bonus":"ONE_RARE_RELIC","is_prod":false,"is_daily":false,"chose_seed":false,"campfire_upgraded":4,"win_rate":0,"timestamp":1547644735,"path_taken":["M","$","?","M","M","R","?","?","T","R","M","R","M","M","R","BOSS","M","$","M","M","M"],"build_version":"2019-01-10","purchased_purges":2,"victory":false,"max_hp_per_floor":[66,66,66,66,66,66,66,66,66,66,66,66,66,66,66,66,66,66,66,66,66,66],"card_choices":[{"not_picked":["Outmaneuver","Bane"],"picked":"Footwork","floor":1.0},{"not_picked":["Cloak And Dagger","Sucker Punch"],"picked":"Infinite Blades","floor":4.0},{"not_picked":["Flying Knee","Heel Hook","Outmaneuver"],"picked":"SKIP","floor":5.0},{"not_picked":["Infinite Blades","Cloak And Dagger"],"picked":"Envenom","floor":7.0},{"not_picked":["Eviscerate","Backstab","Slice"],"picked":"SKIP","floor":11.0},{"not_picked":["Quick Slash","Acrobatics"],"picked":"Backflip","floor":13.0},{"not_picked":["Concentrate","Dodge and Roll"],"picked":"Poisoned Stab","floor":14.0},{"not_picked":["Glass Knife","A Thousand Cuts"],"picked":"Grand Finale","floor":16.0},{"not_picked":["Sucker Punch","Deadly Poison"],"picked":"Catalyst","floor":18.0},{"not_picked":["Flying Knee","Slice"],"picked":"Deadly Poison","floor":20.0},{"not_picked":["Dodge and Roll","Bouncing Flask"],"picked":"Backflip","floor":21.0}],"player_experience":1959857,"relics_obtained":[{"floor":3.0,"key":"Dodecahedron"}],"event_choices":[{"damage_healed":0.0,"max_hp_gain":0.0,"max_hp_loss":0.0,"gold_gain":0.0,"event_name":"Wheel of Change","player_choice":"Relic","floor":3.0,"gold_loss":0.0,"damage_taken":0.0},{"cards_removed":["Strike_G"],"damage_healed":0.0,"max_hp_gain":0.0,"max_hp_loss":0.0,"gold_gain":0.0,"event_name":"Bonfire Elementals","player_choice":"Offered Basic","floor":8.0,"gold_loss":0.0,"damage_taken":0.0}],"is_beta":false,"boss_relics":[{"not_picked":["Calling Bell","HoveringKite"],"picked":"Sozu"}],"items_purged_floors":[2,19],"is_endless":false,"potions_floor_spawned":[5,7,16,18],"killed_by":"Cultist and Chosen","ascension_level":20}