{"gold_per_floor":[20,31,49,49,49,49,76,76,76,96,96,96,96,35,35,110,110,125,50,50,64,1,31,31,31,31,31,41,51,6,6],"floor_reached":31,"playtime":1059,"items_purged":[],"score":502,"play_id":"dc31a798-607b-41d9-8bf4-8313cfc6ddb0","local_time":"20190416163235","is_ascension_mode":true,"campfire_choices":[{"data":"Neutralize","floor":6.0,"key":"SMITH"},{"data":"Caltrops","floor":11.0,"key":"SMITH"},{"data":"Blade Dance","floor":13.0,"key":"SMITH"},{"data":"Survivor","floor":15.0,"key":"SMITH"},{"data":"Expertise","floor":24.0,"key":"SMITH"},{"data":"Venomology","floor":27.0,"key":"SMITH"}],"neow_cost":"NO_GOLD","seed_source_timestamp":40377218972696,"circlet_count":0,"master_deck":["AscendersBane","Survivor+1","Neutralize+1","After Image","Blade Dance+1","Infinite Blades","Caltrops+1","Infinite Blades+1","A Thousand Cuts+1","All Out Attack","Corpse Explosion","Predator","Deflect","Expertise+1","Venomology+1","Night Terror","Crippling Poison","Finisher+1","Footwork+1","Grand Finale","Well Laid Plans+1"],"special_seed":0,"relics":["Ring of the Snake","The Courier","Anchor","Frozen Egg 2","Pandora\u0027s Box","Dodecahedron","Question Card","Blue Candle"],"potions_floor_usage":[29,31],"damage_taken":[{"damage":0.0,"enemies":"2 Louse","floor":1.0,"turns":4.0},{"damage":0.0,"enemies":"Small Slimes","floor":2.0,"turns":5.0},{"damage":0.0,"enemies":"Jaw Worm","floor":3.0,"turns":5.0},{"damage":12.0,"enemies":"Lagavulin","floor":7.0,"turns":12.0},{"damage":14.0,"enemies":"Large Slime","floor":10.0,"turns":9.0},{"damage":8.0,"enemies":"The Guardian","floor":16.0,"turns":13.0},{"damage":17.0,"enemies":"2 Thieves","floor":18.0,"turns":4.0},{"damage":15.0,"enemies":"Chosen","floor":21.0,"turns":5.0},{"damage":27.0,"enemies":"Gremlin Leader","floor":23.0,"turns":6.0},{"damage":2.0,"enemies":"Centurion and Healer","floor":28.0,"turns":5.0},{"damage":0,"enemies":"Sentry and Sphere","floor":29,"turns":3},{"damage":0,"enemies":"Cultist and Chosen","floor":31,"turns":2}],"seed_played":"-9222997382282554331","potions_obtained":[{"floor":1.0,"key":"SkillPotion"},{"floor":2.0,"key":"Dexterity Potion"},{"floor":10.0,"key":"GhostInAJar"},{"floor":18.0,"key":"Regen Potion"},{"floor":28.0,"key":"Dexterity Potion"},{"floor":29,"key":"EssenceOfSteel"}],"is_trial":false,"path_per_floor":["M","M","M","?","$","R","E","?","T","M","R","T","R","$","R","B",null,"M","?","T","M","$","E","R","?","T","R","M","M","$","M"],"character_chosen":"THE_SILENT","items_purchased":["Infinite Blades+1","Footwork+1","Swift Potion"],"campfire_rested":0,"item_purchase_floors":[14,22,30],"current_hp_per_floor":[59,59,59,59,59,59,47,36,36,22,22,22,22,22,22,14,53,36,36,36,33,33,6,6,6,6,6,4,4,4,4],"gold":6,"neow_bonus":"THREE_RARE_CARDS","is_prod":false,"is_daily":false,"chose_seed":false,"campfire_upgraded":6,"win_rate":0,"timestamp":1555403555,"path_taken":["M","M","M","?","$","R","E","?","T","M","R","?","R","$","R","BOSS","M","?","?","M","$","E","R","?","T","R","M","M","$","M"],"build_version":"2019-01-23","purchased_purges":0,"victory":false,"max_hp_per_floor":[66,66,66,66,66,66,66,66,66,66,66,66,66,66,66,66,66,66,66,66,66,66,66,66,66,66,66,66,66,66,66],"card_choices":[{"not_picked":["Wraith Form v2","Night Terror"],"picked":"After Image","floor":0.0},{"not_picked":["Acrobatics","Dodge and Roll"],"picked":"Blade Dance","floor":1.0},{"not_picked":["Dagger Throw","Cloak And Dagger"],"picked":"Infinite Blades","floor":2.0},{"not_picked":["Skewer","Bane"],"picked":"Caltrops","floor":3.0},{"not_picked":["Dagger Spray","Flying Knee","Slice"],"picked":"SKIP","floor":7.0},{"not_picked":["Acrobatics","Endless Agony","Bane"],"picked":"SKIP","floor":10.0},{"not_picked":["Bullet Time","Tools of the Trade+1"],"picked":"A Thousand Cuts+1","floor":16.0},{"not_picked":["Flying Knee","Skewer","Bane"],"picked":"SKIP","floor":18.0},{"not_picked":["Dagger Throw","Flying Knee"],"picked":"Finisher+1","floor":21.0},{"not_picked":["Setup","Outmaneuver"],"picked":"Grand Finale","floor":23.0},{"not_picked":["Calculated Gamble","Escape Plan","Concentrate"],"picked":"Well Laid Plans+1","floor":28.0},{"not_picked":["Leg Sweep","Terror","Quick Slash+1","Dash"],"picked":"SKIP","floor":29}],"player_experience":4324117,"relics_obtained":[{"floor":7.0,"key":"The Courier"},{"floor":12.0,"key":"Frozen Egg 2"},{"floor":20.0,"key":"Dodecahedron"},{"floor":23.0,"key":"Question Card"},{"floor":26.0,"key":"Blue Candle"}],"event_choices":[{"cards_removed":["Strike_G"],"damage_healed":0.0,"max_hp_gain":0.0,"max_hp_loss":0.0,"gold_gain":0.0,"event_name":"Living Wall","player_choice":"Forget","floor":4.0,"gold_loss":0.0,"damage_taken":0.0},{"damage_healed":0.0,"max_hp_gain":0.0,"max_hp_loss":0.0,"gold_gain":0.0,"event_name":"Scrap Ooze","player_choice":"Success","floor":8.0,"gold_loss":0.0,"damage_taken":11.0,"relics_obtained":["Anchor"]},{"cards_removed":["Storm of Steel"],"damage_healed":0.0,"max_hp_gain":0.0,"max_hp_loss":0.0,"gold_gain":0.0,"event_name":"Beggar","player_choice":"Gave Gold","floor":19.0,"gold_loss":75.0,"damage_taken":0.0},{"damage_healed":0.0,"max_hp_gain":0.0,"max_hp_loss":0.0,"gold_gain":0.0,"event_name":"Vampires","player_choice":"Ignored","floor":25.0,"gold_loss":0.0,"damage_taken":0.0}],"is_beta":false,"boss_relics":[{"not_picked":["Busted Crown","Fusion Hammer"],"picked":"Pandora\u0027s Box"}],"items_purged_floors":[],"is_endless":false,"potions_floor_spawned":[1,2,10,18,28,29],"killed_by":"Cultist and Chosen","ascension_level":20}