{"gold_per_floor":[117,117,117,117],"floor_reached":4,"playtime":220,"items_purged":[],"score":22,"play_id":"9e5c6a46-cb9d-4155-957f-1a4dd3bfc819","local_time":"20180706180525","daily_mods":["Draft"],"is_ascension_mode":false,"campfire_choices":[],"neow_cost":"","seed_source_timestamp":0,"circlet_count":0,"master_deck":["Deadly Poison","Footwork","Flying Knee","PiercingWail","Calculated Gamble","Poisoned Stab","PiercingWail","Poisoned Stab","Reflex","Noxious Fumes","Blur","Predator","Backstab","Dagger Throw","Dodge and Roll","Acrobatics","Injury"],"relics":["Ring of the Snake","Golden Idol","Sundial"],"potions_floor_usage":[],"damage_taken":[{"damage":4,"enemies":"Small Slimes","floor":1,"turns":2},{"damage":11,"enemies":"Jaw Worm","floor":4,"turns":2}],"seed_played":"-7533729714950394529","potions_obtained":[],"is_trial":true,"path_per_floor":["M","?","?"],"character_chosen":"THE_SILENT","items_purchased":[],"campfire_rested":0,"item_purchase_floors":[],"current_hp_per_floor":[66,66,59,48],"gold":117,"neow_bonus":"","is_prod":false,"is_daily":false,"chose_seed":false,"campfire_upgraded":0,"win_rate":0,"timestamp":1530893125,"path_taken":["M","?","?","M"],"build_version":"2018-07-05","purchased_purges":0,"victory":false,"max_hp_per_floor":[70,70,70,70],"card_choices":[{"not_picked":["PiercingWail","Dagger Throw"],"picked":"Deadly Poison","floor":0},{"not_picked":["Dodge and Roll","Backflip"],"picked":"Footwork","floor":0},{"not_picked":["Prepared","Quick Slash"],"picked":"Flying Knee","floor":0},{"not_picked":["Underhanded Strike","Distraction"],"picked":"PiercingWail","floor":0},{"not_picked":["Underhanded Strike","Dodge and Roll"],"picked":"Calculated Gamble","floor":0},{"not_picked":["Setup","Slice"],"picked":"Poisoned Stab","floor":0},{"not_picked":["Slice","Dagger Spray"],"picked":"PiercingWail","floor":0},{"not_picked":["Dagger Spray","Well Laid Plans"],"picked":"Poisoned Stab","floor":0},{"not_picked":["Prepared","Predator"],"picked":"Reflex","floor":0},{"not_picked":["Dagger Throw","Prepared"],"picked":"Noxious Fumes","floor":0},{"not_picked":["Choke","Quick Slash"],"picked":"Blur","floor":0},{"not_picked":["Calculated Gamble","PiercingWail"],"picked":"Predator","floor":0},{"not_picked":["Slice","Dagger Throw"],"picked":"Backstab","floor":0},{"not_picked":["Malaise","Masterful Stab"],"picked":"Dagger Throw","floor":0},{"not_picked":["Eviscerate","Escape Plan"],"picked":"Dodge and Roll","floor":0},{"not_picked":["Dagger Throw","Poisoned Stab"],"picked":"Acrobatics","floor":1}],"player_experience":311499,"relics_obtained":[],"event_choices":[{"event_name":"Golden Idol","player_choice":"Take Wound","floor":2,"damage_taken":0},{"event_name":"Scrap Ooze","player_choice":"success","floor":3,"damage_taken":7}],"boss_relics":[],"items_purged_floors":[],"is_endless":false,"potions_floor_spawned":[],"killed_by":"Jaw Worm","ascension_level":0}