{"gold_per_floor":[119,40,40,40,59,99,99,130,157,180,180,180],"floor_reached":12,"playtime":195,"items_purged":[],"score":222,"play_id":"b8a02177-8af9-47ab-9f52-c4db3d032487","local_time":"20190405015858","is_ascension_mode":true,"campfire_choices":[{"data":"Noxious Fumes","floor":7,"key":"SMITH"},{"data":"Deadly Poison","floor":11,"key":"SMITH"}],"neow_cost":"NONE","seed_source_timestamp":50417599744718,"circlet_count":0,"master_deck":["AscendersBane","Defend_G","Defend_G","Defend_G","Defend_G","Defend_G","Strike_G","Strike_G","Strike_G","Strike_G","Strike_G","Survivor","Neutralize","Backflip","Noxious Fumes+1","Unload","Deadly Poison+1","Adrenaline"],"relics":["Ring of the Snake","NeowsBlessing","Golden Idol","Omamori","Paper Crane","Art of War"],"potions_floor_usage":[12],"damage_taken":[{"damage":0,"enemies":"Small Slimes","floor":1,"turns":1},{"damage":0,"enemies":"Cultist","floor":5,"turns":1},{"damage":0,"enemies":"Gremlin Nob","floor":6,"turns":1},{"damage":25,"enemies":"Lagavulin","floor":8,"turns":7},{"damage":0,"enemies":"Jaw Worm","floor":10,"turns":3},{"damage":35,"enemies":"Gremlin Nob","floor":12,"turns":3}],"seed_played":"-8638369880508873641","potions_obtained":[{"floor":5,"key":"SneckoOil"}],"is_trial":false,"path_per_floor":["M","$","?","?","M","E","R","E","T","M","R","E"],"character_chosen":"THE_SILENT","items_purchased":["Noxious Fumes"],"campfire_rested":0,"item_purchase_floors":[2],"current_hp_per_floor":[59,59,59,59,59,59,59,34,34,34,34,0],"gold":180,"neow_bonus":"THREE_ENEMY_KILL","is_prod":false,"is_daily":false,"chose_seed":false,"campfire_upgraded":2,"win_rate":0,"timestamp":1554400738,"path_taken":["M","$","?","?","?","E","R","E","T","M","R","E"],"build_version":"2019-01-23","purchased_purges":0,"victory":false,"max_hp_per_floor":[66,66,60,60,60,60,60,60,60,60,60,60],"card_choices":[{"not_picked":["Skewer","Eviscerate"],"picked":"Backflip","floor":1},{"not_picked":["Predator","Dodge and Roll"],"picked":"Deadly Poison","floor":5},{"not_picked":["Finisher","Die Die Die","Flying Knee"],"picked":"SKIP","floor":6},{"not_picked":["Slice","Sucker Punch"],"picked":"Adrenaline","floor":8},{"not_picked":["Poisoned Stab","Acrobatics","Dagger Throw"],"picked":"SKIP","floor":10}],"player_experience":4066092,"relics_obtained":[{"floor":6,"key":"Omamori"},{"floor":8,"key":"Paper Crane"},{"floor":9,"key":"Art of War"}],"event_choices":[{"damage_healed":0,"gold_gain":0,"player_choice":"Lose Max HP","damage_taken":0,"relics_obtained":["Golden Idol"],"max_hp_gain":0,"max_hp_loss":6,"event_name":"Golden Idol","floor":3,"gold_loss":0},{"damage_healed":0,"gold_gain":0,"player_choice":"1 cards matched","damage_taken":0,"max_hp_gain":0,"max_hp_loss":0,"event_name":"Match and Keep!","floor":4,"gold_loss":0,"cards_obtained":["Unload"]}],"is_beta":false,"boss_relics":[],"items_purged_floors":[],"is_endless":false,"potions_floor_spawned":[5],"killed_by":"Gremlin Nob","ascension_level":20}