{"gold_per_floor":[215,232,243,254,254,254,293,293,317,333,333,283,347,347,347,443,443,467,467,467,450,324,324],"floor_reached":23,"playtime":614,"items_purged":["Strike_R"],"score":338,"play_id":"5be3f265-30b7-4ca4-923c-b1c5958405af","local_time":"20181012203404","is_ascension_mode":true,"campfire_choices":[{"data":"Uppercut","floor":6,"key":"SMITH"},{"data":"Flex","floor":8,"key":"SMITH"},{"data":"Spot Weakness","floor":11,"key":"SMITH"},{"data":"Disarm","floor":15,"key":"SMITH"}],"neow_cost":"NONE","seed_source_timestamp":3392888221858,"circlet_count":0,"master_deck":["Strike_R","Strike_R","Defend_R","Defend_R","Defend_R","Defend_R","Bash","AscendersBane","Flex+1","Uppercut+1","Pummel","Disarm+1","Spot Weakness+1","Impervious","Whirlwind","Shrug It Off","Ghostly Armor","Flex","Double Tap","Clash"],"relics":["Burning Blood","Golden Idol","Blood Vial","Oddly Smooth Stone","Tiny Chest","Orrery","Matryoshka"],"potions_floor_usage":[4,18,18,23,23],"damage_taken":[{"damage":1,"enemies":"Cultist","floor":1,"turns":3},{"damage":3,"enemies":"Jaw Worm","floor":2,"turns":4},{"damage":7,"enemies":"Small Slimes","floor":3,"turns":3},{"damage":9,"enemies":"Exordium Wildlife","floor":4,"turns":3},{"damage":26,"enemies":"Lagavulin","floor":7,"turns":5},{"damage":5,"enemies":"2 Fungi Beasts","floor":10,"turns":3},{"damage":38,"enemies":"3 Sentries","floor":13,"turns":7},{"damage":17,"enemies":"Hexaghost","floor":16,"turns":9},{"damage":12,"enemies":"Chosen","floor":18,"turns":7},{"damage":24,"enemies":"2 Thieves","floor":21,"turns":4},{"damage":38,"enemies":"Slavers","floor":23,"turns":3}],"seed_played":"2590210069869766231","potions_obtained":[{"floor":3,"key":"AttackPotion"},{"floor":4,"key":"Poison Potion"},{"floor":13,"key":"Weak Potion"},{"floor":18,"key":"Strength Potion"}],"is_trial":false,"path_per_floor":["M","M","M","M","?","R","E","R","T","M","R","?","E","?","R","B",null,"M","$","T","M","$"],"character_chosen":"IRONCLAD","items_purchased":["SkillPotion"],"campfire_rested":0,"item_purchase_floors":[22],"current_hp_per_floor":[73,75,74,71,69,69,49,49,49,52,52,52,22,22,22,13,55,51,51,51,35,35,0],"gold":324,"neow_bonus":"HUNDRED_GOLD","is_prod":false,"is_daily":false,"chose_seed":false,"campfire_upgraded":4,"win_rate":0,"timestamp":1539347644,"path_taken":["M","M","M","M","?","R","E","R","T","M","R","?","E","?","R","BOSS","M","$","?","M","$","E"],"build_version":"2018-10-11","purchased_purges":1,"victory":false,"max_hp_per_floor":[75,75,75,75,69,69,69,69,69,69,69,69,69,69,69,69,69,69,69,69,69,69,69],"card_choices":[{"not_picked":["Thunderclap","Ghostly Armor"],"picked":"Flex","floor":1},{"not_picked":["Body Slam","Flame Barrier"],"picked":"Uppercut","floor":2},{"not_picked":["Wild Strike","Pommel Strike"],"picked":"Pummel","floor":3},{"not_picked":["Thunderclap","Clash"],"picked":"Disarm","floor":4},{"not_picked":["Sentinel","Armaments","Sword Boomerang"],"picked":"SKIP","floor":7},{"not_picked":["Shrug It Off","Entrench"],"picked":"Spot Weakness","floor":10},{"not_picked":["Reckless Charge","Carnage","Body Slam"],"picked":"SKIP","floor":13},{"not_picked":["Brutality","Berserk"],"picked":"Impervious","floor":16},{"not_picked":["Infernal Blade","Shrug It Off"],"picked":"Whirlwind","floor":17},{"not_picked":["Intimidate","Sword Boomerang"],"picked":"Shrug It Off","floor":17},{"not_picked":["Second Wind","Rage"],"picked":"Ghostly Armor","floor":17},{"not_picked":["Second Wind","Warcry"],"picked":"Flex","floor":17},{"not_picked":["Warcry","Iron Wave"],"picked":"Double Tap","floor":18},{"not_picked":["Cleave","Thunderclap"],"picked":"Clash","floor":21}],"player_experience":128447,"relics_obtained":[{"floor":7,"key":"Blood Vial"},{"floor":9,"key":"Oddly Smooth Stone"},{"floor":13,"key":"Tiny Chest"},{"floor":20,"key":"Matryoshka"}],"event_choices":[{"event_name":"Golden Idol","player_choice":"Lose Max HP","floor":5,"damage_taken":0},{"event_name":"The Cleric","player_choice":"Card Removal","floor":12,"damage_taken":0},{"event_name":"Purifier","player_choice":"One Purge","floor":14,"damage_taken":0}],"is_beta":false,"boss_relics":[{"not_picked":["Calling Bell","Snecko Eye"],"picked":"Orrery"}],"items_purged_floors":[22],"is_endless":false,"potions_floor_spawned":[3,4,13,18],"killed_by":"Slavers","ascension_level":14}