{"gold_per_floor":[112,123,198,198,198,233,158,193,193,193,207,234,248,263,263,263],"floor_reached":16,"playtime":283,"items_purged":["Strike_B"],"score":135,"play_id":"46059378-3ead-41ca-ba51-e2708f6dbd7f","local_time":"20181106235357","is_ascension_mode":false,"campfire_choices":[{"data":"Fission","floor":10,"key":"SMITH"},{"data":"Rainbow","floor":15,"key":"SMITH"}],"neow_cost":"NONE","seed_source_timestamp":565312179563533,"circlet_count":0,"master_deck":["Strike_B","Strike_B","Defend_B","Defend_B","Defend_B","Defend_B","Zap","Dualcast","Coolheaded","Rainbow+1","Consume","Fission+1","Blizzard","Go for the Eyes"],"relics":["Cracked Core","NeowsBlessing","Golden Idol","Bottled Lightning","Pantograph","Kunai","Lantern"],"potions_floor_usage":[],"damage_taken":[{"damage":0,"enemies":"Cultist","floor":1,"turns":1},{"damage":0,"enemies":"Jaw Worm","floor":2,"turns":1},{"damage":0,"enemies":"Gremlin Nob","floor":6,"turns":1},{"damage":23,"enemies":"3 Sentries","floor":8,"turns":10},{"damage":0,"enemies":"Small Slimes","floor":11,"turns":2},{"damage":8,"enemies":"Blue Slaver","floor":13,"turns":3},{"damage":6,"enemies":"Red Slaver","floor":14,"turns":3},{"damage":0,"enemies":"Hexaghost","floor":16,"turns":1}],"seed_played":"-4940810126290867776","potions_obtained":[{"floor":8,"key":"Explosive Potion"},{"floor":13,"key":"Dexterity Potion"},{"floor":14,"key":"Ancient Potion"}],"is_trial":false,"path_per_floor":["M","M","?","?","?","E","$","E","T","R","M","T","M","M","R","B"],"character_chosen":"DEFECT","items_purchased":[],"campfire_rested":0,"item_purchase_floors":[],"current_hp_per_floor":[75,75,64,64,46,46,46,23,23,23,23,23,15,9,9,34],"gold":263,"neow_bonus":"THREE_ENEMY_KILL","is_prod":false,"is_daily":false,"chose_seed":false,"campfire_upgraded":2,"win_rate":0,"timestamp":1541519637,"path_taken":["M","M","?","?","?","E","?","E","T","R","?","?","M","M","R","BOSS"],"build_version":"2018-11-05","purchased_purges":1,"victory":false,"max_hp_per_floor":[75,75,75,75,75,75,75,75,75,75,75,75,75,75,75,75],"card_choices":[{"not_picked":["Sweeping Beam","Ball Lightning","Tempest"],"picked":"SKIP","floor":1},{"not_picked":["Steam","Force Field"],"picked":"Coolheaded","floor":2},{"not_picked":["Redo","Streamline"],"picked":"Consume","floor":6},{"not_picked":["Barrage","Creative AI"],"picked":"Fission","floor":8},{"not_picked":["Skim","Conserve Battery"],"picked":"Blizzard","floor":11},{"not_picked":["Double Energy","Reprogram","Redo"],"picked":"SKIP","floor":13},{"not_picked":["Streamline","Cold Snap"],"picked":"Go for the Eyes","floor":14}],"player_experience":462187,"relics_obtained":[{"floor":6,"key":"Bottled Lightning"},{"floor":8,"key":"Pantograph"},{"floor":9,"key":"Kunai"},{"floor":12,"key":"Lantern"}],"event_choices":[{"damage_healed":0,"gold_gain":75,"player_choice":"Gather Gold","damage_taken":11,"max_hp_gain":0,"max_hp_loss":0,"event_name":"World of Goop","floor":3,"gold_loss":0},{"damage_healed":0,"gold_gain":0,"cards_transformed":["Strike_B"],"player_choice":"Change","damage_taken":0,"max_hp_gain":0,"max_hp_loss":0,"event_name":"Living Wall","floor":4,"gold_loss":0,"cards_obtained":["Rainbow"]},{"damage_healed":0,"gold_gain":0,"player_choice":"Take Damage","damage_taken":18,"relics_obtained":["Golden Idol"],"max_hp_gain":0,"max_hp_loss":0,"event_name":"Golden Idol","floor":5,"gold_loss":0}],"is_beta":true,"boss_relics":[],"items_purged_floors":[7],"is_endless":false,"potions_floor_spawned":[8,13,14],"killed_by":"Hexaghost","ascension_level":0}