{"gold_per_floor":[112,112,112,112,124,124,142,142,142,175,194,174,202,214,214,310,310,324,339,264,111,128,128,154,154,180,80,99,99,99,99,99,194,194,213,231,231,250,250,250,265,294,294,314,32,42,53,53,53,53],"floor_reached":51,"playtime":2875,"items_purged":["Defend_G","Strike_G","Defend_G"],"score":1012,"play_id":"fff3feea-f155-448e-89db-6e6cf9ba904f","local_time":"20180925174620","is_ascension_mode":true,"campfire_choices":[{"data":"Neutralize","floor":6.0,"key":"SMITH"},{"data":"Footwork","floor":8.0,"key":"SMITH"},{"data":"Poisoned Stab","floor":15.0,"key":"SMITH"},{"data":"Crippling Poison","floor":23.0,"key":"SMITH"},{"data":"Burst","floor":25.0,"key":"SMITH"},{"data":"Doppelganger","floor":32.0,"key":"SMITH"},{"data":"Well Laid Plans","floor":40,"key":"SMITH"},{"floor":49,"key":"REST"}],"neow_cost":"TEN_PERCENT_HP_LOSS","seed_source_timestamp":361842157677296,"circlet_count":0,"master_deck":["Defend_G+1","Defend_G+1","Defend_G+1","Strike_G","Strike_G","Survivor+1","Neutralize+1","Escape Plan","Backflip","Footwork+1","Slice","Crippling Poison+1","Deflect","Doppelganger+1","Poisoned Stab+1","Burst+1","Concentrate+1","Well Laid Plans+1","Blur","Slice","Catalyst+1","Die Die Die+1","Blade Dance+1","Accuracy+1","Concentrate+1","Cloak And Dagger+1"],"special_seed":0,"relics":["Ring of the Serpent","Unceasing Top","Paper Crane","War Paint","Bag of Marbles","Busted Crown","Bag of Preparation","Omamori","The Courier","Molten Egg 2","Darkstone Periapt","Orichalcum","Snake Skull"],"potions_floor_usage":[42,50,50],"damage_taken":[{"damage":0.0,"enemies":"Cultist","floor":1.0,"turns":4.0},{"damage":4.0,"enemies":"Jaw Worm","floor":5.0,"turns":6.0},{"damage":0.0,"enemies":"Small Slimes","floor":7.0,"turns":3.0},{"damage":4.0,"enemies":"3 Sentries","floor":10.0,"turns":12.0},{"damage":0.0,"enemies":"3 Louse","floor":11.0,"turns":3.0},{"damage":0.0,"enemies":"Exordium Thugs","floor":12.0,"turns":4.0},{"damage":14.0,"enemies":"Gremlin Nob","floor":13.0,"turns":6.0},{"damage":2.0,"enemies":"Looter","floor":14.0,"turns":3.0},{"damage":23.0,"enemies":"Slime Boss","floor":16.0,"turns":20.0},{"damage":0.0,"enemies":"3 Byrds","floor":18.0,"turns":6.0},{"damage":0.0,"enemies":"Spheric Guardian","floor":19.0,"turns":7.0},{"damage":0.0,"enemies":"Chosen and Byrds","floor":22.0,"turns":8.0},{"damage":0.0,"enemies":"Gremlin Leader","floor":24.0,"turns":9.0},{"damage":0.0,"enemies":"Snake Plant","floor":28.0,"turns":4.0},{"damage":0.0,"enemies":"Champ","floor":33.0,"turns":15.0},{"damage":0,"enemies":"Orb Walker","floor":35,"turns":3},{"damage":0,"enemies":"3 Shapes","floor":36,"turns":2},{"damage":0,"enemies":"Maw","floor":38,"turns":4},{"damage":0,"enemies":"Spire Growth","floor":41,"turns":4},{"damage":25,"enemies":"2 Orb Walkers","floor":42,"turns":4},{"damage":0,"enemies":"Transient","floor":44,"turns":5},{"damage":0,"enemies":"3 Darklings","floor":46,"turns":4},{"damage":0,"enemies":"Reptomancer","floor":47,"turns":3},{"damage":7,"enemies":"Donu and Deca","floor":50,"turns":12}],"seed_played":"4304191563812626008","potions_obtained":[{"floor":1.0,"key":"SteroidPotion"},{"floor":7.0,"key":"AttackPotion"},{"floor":12.0,"key":"SpeedPotion"},{"floor":13.0,"key":"FearPotion"},{"floor":16.0,"key":"Energy Potion"},{"floor":19.0,"key":"EssenceOfSteel"},{"floor":28.0,"key":"Regen Potion"},{"floor":33.0,"key":"Block Potion"},{"floor":44,"key":"Ancient Potion"}],"is_trial":false,"path_per_floor":["M","?","?","?","M","R","M","R","T","E","M","M","E","M","R","B",null,"M","M","?","$","M","R","E","R","T","$","M","?","T","$","R","B",null,"M","M","?","M","?","R","M","E","T","M","$","M","M","?","R","B"],"character_chosen":"THE_SILENT","items_purchased":["Well Laid Plans","Concentrate","Snake Skull"],"campfire_rested":1,"item_purchase_floors":[21,45,45],"current_hp_per_floor":[63,63,63,50,46,46,46,46,46,42,42,42,28,26,26,3,48,48,48,48,48,48,48,48,48,48,48,48,48,48,48,48,48,59,59,59,59,59,59,59,59,34,34,34,34,34,34,34,52,54],"gold":53,"neow_bonus":"ONE_RARE_RELIC","is_prod":false,"is_daily":false,"chose_seed":false,"campfire_upgraded":7,"win_rate":0,"timestamp":1537868780,"path_taken":["M","?","?","?","M","R","M","R","T","E","?","M","E","M","R","BOSS","M","M","?","$","M","R","E","R","T","$","?","?","?","$","R","BOSS","M","M","?","M","?","R","?","E","T","M","$","M","M","?","R","BOSS"],"build_version":"2018-09-20","purchased_purges":3,"victory":true,"max_hp_per_floor":[63,63,63,63,63,63,63,63,63,63,63,63,63,63,63,63,63,63,63,63,63,63,63,63,63,63,63,63,63,63,63,63,63,63,63,63,63,63,60,60,60,60,60,60,60,60,60,60,60,60],"card_choices":[{"not_picked":["Tactician","Cloak And Dagger"],"picked":"Escape Plan","floor":1.0},{"not_picked":["Cloak And Dagger","Flying Knee"],"picked":"Footwork","floor":5.0},{"not_picked":["Underhanded Strike","Masterful Stab"],"picked":"Slice","floor":7.0},{"not_picked":["Dash","Reflex"],"picked":"Crippling Poison","floor":10.0},{"not_picked":["Setup","Backflip","Cloak And Dagger"],"picked":"SKIP","floor":11.0},{"not_picked":["Dagger Throw","Crippling Poison"],"picked":"Deflect","floor":12.0},{"not_picked":["Backflip","Eviscerate"],"picked":"Doppelganger","floor":13.0},{"not_picked":["Eviscerate","Outmaneuver"],"picked":"Poisoned Stab","floor":14.0},{"not_picked":["Venomology","Storm of Steel"],"picked":"Burst","floor":16.0},{"not_picked":["Bane"],"picked":"SKIP","floor":18.0},{"not_picked":[],"picked":"Concentrate+1","floor":19.0},{"not_picked":[],"picked":"Blur","floor":22.0},{"not_picked":[],"picked":"Slice","floor":24.0},{"not_picked":[],"picked":"Catalyst+1","floor":28.0},{"not_picked":[],"picked":"Die Die Die+1","floor":33.0},{"not_picked":[],"picked":"Blade Dance+1","floor":35},{"not_picked":["Dagger Spray+1"],"picked":"SKIP","floor":36},{"not_picked":["Well Laid Plans+1"],"picked":"SKIP","floor":38},{"not_picked":["Sucker Punch+1"],"picked":"SKIP","floor":41},{"not_picked":[],"picked":"Accuracy+1","floor":42},{"not_picked":["Calculated Gamble"],"picked":"SKIP","floor":44},{"not_picked":["Poisoned Stab+1"],"picked":"SKIP","floor":46},{"not_picked":[],"picked":"Cloak And Dagger+1","floor":47}],"player_experience":139667,"relics_obtained":[{"floor":9.0,"key":"Paper Crane"},{"floor":10.0,"key":"War Paint"},{"floor":13.0,"key":"Bag of Marbles"},{"floor":24.0,"key":"Bag of Preparation"},{"floor":26.0,"key":"Omamori"},{"floor":30.0,"key":"Molten Egg 2"},{"floor":42,"key":"Darkstone Periapt"},{"floor":43,"key":"Orichalcum"}],"event_choices":[{"event_name":"Liars Game","player_choice":"disagreed","floor":2.0,"damage_taken":0.0},{"event_name":"Living Wall","player_choice":"Change","floor":3.0,"damage_taken":0.0},{"event_name":"Shining Light","player_choice":"Entered Light","floor":4.0,"damage_taken":0.0},{"event_name":"Beggar","player_choice":"Gave Gold","floor":20.0,"damage_taken":0.0},{"event_name":"The Mausoleum","player_choice":"Yes","floor":29.0,"damage_taken":0.0},{"event_name":"SensoryStone","player_choice":"Memory 1","floor":37,"damage_taken":0},{"event_name":"Winding Halls","player_choice":"Max HP","floor":39,"damage_taken":0},{"event_name":"Accursed Blacksmith","player_choice":"Forge","floor":48,"damage_taken":0}],"is_beta":false,"boss_relics":[{"not_picked":["Ectoplasm","WristBlade"],"picked":"Busted Crown"},{"not_picked":["Calling Bell","Astrolabe"],"picked":"Ring of the Serpent"}],"items_purged_floors":[21,27,45],"is_endless":false,"potions_floor_spawned":[1,7,12,13,16,19,28,33,38,44,46,47],"ascension_level":6}