{"gold_per_floor":[109,109,127,139,27,27,42,42,42,60,60,60,60,87,87,166,166,179,379,394,444,344,344,361,361,411,411,441,441,472,492,492,492],"floor_reached":33,"playtime":835,"items_purged":["Strike_R","Strike_R"],"score":570,"play_id":"b9e203a5-eef8-479d-9876-4d06a406a84e","local_time":"20181218121634","is_ascension_mode":true,"campfire_choices":[{"data":"Whirlwind","floor":6.0,"key":"SMITH"},{"data":"Inflame","floor":8.0,"key":"SMITH"},{"data":"Sword Boomerang","floor":11.0,"key":"SMITH"},{"data":"Disarm","floor":15.0,"key":"SMITH"},{"data":"Corruption","floor":23,"key":"SMITH"},{"data":"Double Tap","floor":25,"key":"SMITH"},{"data":"Bash","floor":27,"key":"SMITH"},{"data":"Barricade","floor":29,"key":"SMITH"},{"floor":32,"key":"REST"}],"neow_cost":"TEN_PERCENT_HP_LOSS","seed_source_timestamp":799745228928,"circlet_count":0,"master_deck":["AscendersBane","Strike_R+1","Strike_R","Strike_R+1","Defend_R","Defend_R","Defend_R","Bash+1","Offering","Whirlwind+1","Spot Weakness","Disarm+1","Inflame+1","Sword Boomerang+1","Corruption+1","Double Tap+1","Armaments","True Grit","Shame","Barricade+1","Battle Trance","Sword Boomerang"],"special_seed":0,"relics":["Burning Blood","Centennial Puzzle","Bottled Lightning","Cursed Key","Pen Nib","Whetstone"],"potions_floor_usage":[24,28,28],"damage_taken":[{"damage":6.0,"enemies":"2 Louse","floor":1.0,"turns":2.0},{"damage":6.0,"enemies":"Cultist","floor":3.0,"turns":2.0},{"damage":6.0,"enemies":"Jaw Worm","floor":4.0,"turns":4.0},{"damage":15.0,"enemies":"Exordium Wildlife","floor":7.0,"turns":4.0},{"damage":6.0,"enemies":"Gremlin Gang","floor":10.0,"turns":1.0},{"damage":19.0,"enemies":"Lagavulin","floor":14.0,"turns":5.0},{"damage":26.0,"enemies":"The Guardian","floor":16.0,"turns":6.0},{"damage":6.0,"enemies":"Spheric Guardian","floor":18.0,"turns":1.0},{"damage":6,"enemies":"3 Byrds","floor":20,"turns":3},{"damage":26,"enemies":"Sentry and Sphere","floor":24,"turns":4},{"damage":12,"enemies":"Slavers","floor":28,"turns":2},{"damage":31,"enemies":"Gremlin Leader","floor":30,"turns":5},{"damage":6,"enemies":"Centurion and Healer","floor":31,"turns":1},{"damage":28,"enemies":"Champ","floor":33,"turns":2}],"seed_played":"-2911845368463500825","potions_obtained":[{"floor":1.0,"key":"Explosive Potion"},{"floor":4.0,"key":"SpeedPotion"},{"floor":14.0,"key":"Dexterity Potion"},{"floor":16.0,"key":"SkillPotion"},{"floor":20,"key":"AttackPotion"},{"floor":24,"key":"SkillPotion"},{"floor":30,"key":"SpeedPotion"},{"floor":31,"key":"Fire Potion"}],"is_trial":false,"path_per_floor":["M","?","M","M","$","R","M","R","T","M","R","?","$","E","R","B",null,"M","?","M","?","$","R","M","R","T","R","E","R","E","M","R","B"],"character_chosen":"IRONCLAD","items_purchased":["Inflame"],"campfire_rested":1,"item_purchase_floors":[5],"current_hp_per_floor":[68,68,68,68,68,68,59,59,59,59,59,59,59,46,46,26,58,58,58,58,58,58,58,38,38,38,38,32,32,7,7,27,0],"gold":492,"neow_bonus":"THREE_RARE_CARDS","is_prod":false,"is_daily":false,"chose_seed":false,"campfire_upgraded":8,"win_rate":0,"timestamp":1545106594,"path_taken":["M","?","M","M","?","R","M","R","T","M","R","?","$","E","R","BOSS","M","?","?","?","$","R","M","R","T","R","E","R","E","M","R","BOSS"],"build_version":"2018-12-13","purchased_purges":2,"victory":false,"max_hp_per_floor":[68,68,68,68,68,68,68,68,68,68,68,68,68,68,68,68,68,68,68,68,68,68,68,68,68,68,68,68,68,68,68,68,68],"card_choices":[{"not_picked":["Berserk","Brutality"],"picked":"Offering","floor":0.0},{"not_picked":["Intimidate","Clothesline"],"picked":"Whirlwind","floor":1.0},{"not_picked":["Iron Wave","Heavy Blade"],"picked":"Disarm","floor":3.0},{"not_picked":["Wild Strike","Iron Wave","Body Slam"],"picked":"SKIP","floor":4.0},{"not_picked":["Heavy Blade","Burning Pact"],"picked":"Sword Boomerang","floor":7.0},{"not_picked":["Cleave","Blood for Blood","Rampage"],"picked":"SKIP","floor":10.0},{"not_picked":["Wild Strike","Twin Strike"],"picked":"Corruption","floor":14.0},{"not_picked":["Immolate","Brutality"],"picked":"Double Tap","floor":16.0},{"not_picked":["Heavy Blade","Pommel Strike"],"picked":"Armaments","floor":18.0},{"not_picked":["Entrench","Feel No Pain"],"picked":"True Grit","floor":20},{"not_picked":["Entrench","Flex","Bloodletting"],"picked":"SKIP","floor":24},{"not_picked":["Flame Barrier","Heavy Blade"],"picked":"Barricade","floor":28},{"not_picked":["Thunderclap","Bloodletting"],"picked":"Battle Trance","floor":30},{"not_picked":["Feel No Pain","Flex"],"picked":"Sword Boomerang","floor":31}],"player_experience":1336846,"relics_obtained":[{"floor":9.0,"key":"Centennial Puzzle"},{"floor":14.0,"key":"Bottled Lightning"},{"floor":28,"key":"Pen Nib"},{"floor":30,"key":"Whetstone"}],"event_choices":[{"damage_healed":0.0,"max_hp_gain":0.0,"max_hp_loss":0.0,"gold_gain":0.0,"event_name":"Match and Keep!","player_choice":"1 cards matched","floor":2.0,"gold_loss":0.0,"damage_taken":0.0,"cards_obtained":["Spot Weakness"]},{"cards_removed":["Defend_R"],"damage_healed":0.0,"max_hp_gain":0.0,"max_hp_loss":0.0,"gold_gain":0.0,"event_name":"Purifier","player_choice":"Purged","floor":12.0,"gold_loss":0.0,"damage_taken":0.0},{"damage_healed":0,"gold_gain":250,"player_choice":"Bet on Owner","damage_taken":0,"max_hp_gain":0,"max_hp_loss":0,"event_name":"The Joust","floor":19,"gold_loss":50},{"damage_healed":0,"gold_gain":50,"player_choice":"Stole From Cult","damage_taken":0,"max_hp_gain":0,"max_hp_loss":0,"event_name":"Nest","floor":21,"gold_loss":0}],"is_beta":false,"boss_relics":[{"not_picked":["Empty Cage","Runic Dome"],"picked":"Cursed Key"}],"items_purged_floors":[5,22],"is_endless":false,"potions_floor_spawned":[1,4,14,16,20,24,30,31],"killed_by":"Champ","ascension_level":17}