{"gold_per_floor":[111,125,125,135,135,135,60,78,105,5,24,24,39,57,57,130,130,110,110,35,35,35,67,81,81,152,168,68,94,106,133,145,234,246,278,309,433,445,475,487,529,541,553,592,614,201,201,218,218,218,218,218,218,27,61,61],"floor_reached":57,"playtime":2768,"items_purged":["Strike_G","Strike_G","Defend_G","Defend_G"],"score":2934,"play_id":"257d51bf-901c-4ecc-a79a-5948f2e3ecac","local_time":"20190514114255","is_ascension_mode":true,"campfire_choices":[{"data":"Noxious Fumes","floor":6.0,"key":"SMITH"},{"data":"Catalyst","floor":12.0,"key":"SMITH"},{"data":"Deadly Poison","floor":15.0,"key":"SMITH"},{"data":"Impatience","floor":25.0,"key":"SMITH"},{"data":"Calculated Gamble","floor":30.0,"key":"SMITH"},{"data":"Neutralize","floor":32.0,"key":"SMITH"},{"data":"Night Terror","floor":40.0,"key":"SMITH"},{"floor":42.0,"key":"RECALL"},{"data":"Catalyst","floor":47.0,"key":"SMITH"},{"data":"Night Terror","floor":49.0,"key":"SMITH"},{"data":"Calculated Gamble","floor":53.0,"key":"SMITH"}],"neow_cost":"CURSE","seed_source_timestamp":7309724149470,"circlet_count":0,"master_deck":["AscendersBane","Defend_G","Defend_G","Survivor","Calculated Gamble+1","Wraith Form v2+1","Noxious Fumes+1","Deadly Poison+1","After Image","Catalyst+1","Impatience+1","Backflip+1","Adrenaline","Night Terror+1","Escape Plan","Night Terror+1","Catalyst+1","Calculated Gamble+1","Escape Plan"],"special_seed":0,"relics":["Ring of the Snake","Boot","Philosopher\u0027s Stone","Oddly Smooth Stone","Matryoshka","MawBank","Empty Cage","Bag of Marbles","Omamori","Darkstone Periapt","Medical Kit","Ginger"],"potions_floor_usage":[56,56],"damage_taken":[{"damage":7.0,"enemies":"Cultist","floor":1.0,"turns":6.0},{"damage":5.0,"enemies":"2 Louse","floor":2.0,"turns":5.0},{"damage":0.0,"enemies":"Jaw Worm","floor":4.0,"turns":8.0},{"damage":7.0,"enemies":"Exordium Thugs","floor":8.0,"turns":6.0},{"damage":9.0,"enemies":"Gremlin Gang","floor":11.0,"turns":6.0},{"damage":6.0,"enemies":"3 Louse","floor":13.0,"turns":5.0},{"damage":1.0,"enemies":"Blue Slaver","floor":14.0,"turns":5.0},{"damage":27.0,"enemies":"Slime Boss","floor":16.0,"turns":12.0},{"damage":18.0,"enemies":"2 Thieves","floor":18.0,"turns":4.0},{"damage":1.0,"enemies":"Gremlin Leader","floor":23.0,"turns":6.0},{"damage":0.0,"enemies":"Shell Parasite","floor":24.0,"turns":4.0},{"damage":0.0,"enemies":"Snake Plant","floor":27.0,"turns":5.0},{"damage":9.0,"enemies":"Slavers","floor":29.0,"turns":6.0},{"damage":0.0,"enemies":"Chosen and Byrds","floor":31.0,"turns":4.0},{"damage":1.0,"enemies":"Collector","floor":33.0,"turns":6.0},{"damage":0.0,"enemies":"3 Darklings","floor":35.0,"turns":5.0},{"damage":0.0,"enemies":"Orb Walker","floor":36.0,"turns":3.0},{"damage":0.0,"enemies":"Mind Bloom Boss Battle","floor":37.0,"turns":2.0},{"damage":0.0,"enemies":"Sphere and 2 Shapes","floor":39.0,"turns":5.0},{"damage":0.0,"enemies":"Nemesis","floor":41.0,"turns":3.0},{"damage":0.0,"enemies":"Giant Head","floor":44.0,"turns":4.0},{"damage":0.0,"enemies":"Maw","floor":45.0,"turns":6.0},{"damage":0.0,"enemies":"3 Darklings","floor":48.0,"turns":4.0},{"damage":0.0,"enemies":"Awakened One","floor":50.0,"turns":8.0},{"damage":18.0,"enemies":"Time Eater","floor":51.0,"turns":5.0},{"damage":0.0,"enemies":"Shield and Spear","floor":55.0,"turns":6.0},{"damage":67,"enemies":"The Heart","floor":56,"turns":7}],"seed_played":"7159700691287742274","potions_obtained":[{"floor":4.0,"key":"Block Potion"},{"floor":13.0,"key":"Strength Potion"},{"floor":14.0,"key":"FearPotion"},{"floor":18.0,"key":"GhostInAJar"},{"floor":27.0,"key":"Energy Potion"},{"floor":29.0,"key":"Explosive Potion"},{"floor":31.0,"key":"Regen Potion"},{"floor":36.0,"key":"Ancient Potion"},{"floor":45.0,"key":"GhostInAJar"}],"is_trial":false,"path_per_floor":["M","M","?","M","?","R","$","M","T","$","M","R","M","M","R","B",null,"M","?","$","?","?","E","M","R","T","M","$","E","R","M","R","B",null,"M","M","?","?","M","R","E","R","T","E","M","$","R","M","R","B","B",null,"R","$","E","B",null],"character_chosen":"THE_SILENT","items_purchased":["After Image","Impatience","Medical Kit","Catalyst","Escape Plan"],"campfire_rested":0,"item_purchase_floors":[7,10,46,46,54],"current_hp_per_floor":[52,47,47,47,52,52,52,45,45,45,36,36,30,29,29,2,54,36,16,16,16,16,15,15,15,15,15,15,6,6,6,6,5,58,73,73,73,73,73,73,73,73,73,73,73,73,73,73,73,73,55,71,71,71,71,4],"gold":61,"neow_bonus":"TRANSFORM_TWO_CARDS","is_prod":false,"is_daily":false,"chose_seed":false,"campfire_upgraded":10,"win_rate":0,"timestamp":1557805375,"path_taken":["M","M","?","M","?","R","?","M","T","$","?","R","?","M","R","BOSS","M","?","$","?","?","E","M","R","T","M","$","E","R","M","R","BOSS","M","?","?","?","M","R","E","R","T","E","?","$","R","M","R","BOSS","BOSS","R","$","E","BOSS"],"build_version":"2019-01-23","purchased_purges":4,"victory":true,"max_hp_per_floor":[66,66,66,66,71,71,71,71,71,71,71,71,71,71,71,71,71,71,76,76,76,76,76,76,76,76,76,76,76,76,76,76,76,76,76,76,76,76,76,76,76,76,76,76,76,76,76,76,76,76,76,76,76,76,76,76],"card_choices":[{"not_picked":["Flying Knee","Finisher"],"picked":"Noxious Fumes","floor":1.0},{"not_picked":["Prepared","Blade Dance","Blur"],"picked":"SKIP","floor":2.0},{"not_picked":["Cloak And Dagger","PiercingWail"],"picked":"Deadly Poison","floor":4.0},{"not_picked":["Slice","Cloak And Dagger"],"picked":"Catalyst","floor":8.0},{"not_picked":["Crippling Poison","Riddle With Holes","Dodge and Roll"],"picked":"SKIP","floor":11.0},{"not_picked":["Quick Slash","Riddle With Holes","Concentrate"],"picked":"SKIP","floor":13.0},{"not_picked":["Crippling Poison","Prepared","Dagger Throw"],"picked":"SKIP","floor":14.0},{"not_picked":["PiercingWail","Underhanded Strike","Dagger Throw"],"picked":"SKIP","floor":18.0},{"not_picked":["Blur","Dodge and Roll"],"picked":"Backflip+1","floor":23.0},{"not_picked":["Cloak And Dagger","Dodge and Roll","Distraction"],"picked":"SKIP","floor":24.0},{"not_picked":["Underhanded Strike","Prepared"],"picked":"Adrenaline","floor":27.0},{"not_picked":["Dagger Throw","Infinite Blades","Quick Slash"],"picked":"SKIP","floor":29.0},{"not_picked":["Underhanded Strike","Dagger Throw","Endless Agony+1"],"picked":"SKIP","floor":31.0},{"not_picked":["Adrenaline","Envenom"],"picked":"Night Terror","floor":33.0},{"not_picked":["Sucker Punch","Footwork"],"picked":"Escape Plan","floor":35.0},{"not_picked":["Crippling Poison","Terror","Predator+1"],"picked":"SKIP","floor":36.0},{"not_picked":["Slice","Bane","Outmaneuver"],"picked":"SKIP","floor":39.0},{"not_picked":["Deflect+1","Slice","Underhanded Strike"],"picked":"SKIP","floor":41.0},{"not_picked":["Skewer+1","PiercingWail"],"picked":"Night Terror","floor":44.0},{"not_picked":["Crippling Poison+1","Dagger Spray+1","Dodge and Roll+1"],"picked":"SKIP","floor":45.0},{"not_picked":["Calculated Gamble","Poisoned Stab","Outmaneuver"],"picked":"SKIP","floor":48.0},{"not_picked":["Poisoned Stab","Outmaneuver"],"picked":"Calculated Gamble","floor":48.0},{"not_picked":["Blade Dance","Quick Slash+1","Distraction"],"picked":"SKIP","floor":55.0}],"player_experience":4740077,"relics_obtained":[{"floor":9.0,"key":"Boot"},{"floor":23.0,"key":"Oddly Smooth Stone"},{"floor":26.0,"key":"Matryoshka"},{"floor":29.0,"key":"MawBank"},{"floor":41.0,"key":"Bag of Marbles"},{"floor":43.0,"key":"Omamori"},{"floor":44.0,"key":"Darkstone Periapt"},{"floor":55.0,"key":"Ginger"}],"event_choices":[{"cards_removed":["Shame"],"damage_healed":0.0,"max_hp_gain":0.0,"max_hp_loss":0.0,"gold_gain":0.0,"event_name":"Living Wall","player_choice":"Forget","floor":3.0,"gold_loss":0.0,"damage_taken":0.0},{"damage_healed":0.0,"max_hp_gain":5.0,"max_hp_loss":0.0,"gold_gain":0.0,"event_name":"Big Fish","player_choice":"Donut","floor":5.0,"gold_loss":0.0,"damage_taken":0.0},{"damage_healed":0.0,"max_hp_gain":5.0,"max_hp_loss":0.0,"gold_gain":0.0,"event_name":"Forgotten Altar","player_choice":"Shed Blood","floor":19.0,"gold_loss":0.0,"damage_taken":25.0},{"damage_healed":0.0,"max_hp_gain":0.0,"max_hp_loss":0.0,"gold_gain":0.0,"event_name":"The Mausoleum","player_choice":"Ignored","floor":21.0,"gold_loss":0.0,"damage_taken":0.0},{"damage_healed":0.0,"max_hp_gain":0.0,"max_hp_loss":0.0,"gold_gain":0.0,"event_name":"Upgrade Shrine","player_choice":"Upgraded","floor":22.0,"gold_loss":0.0,"damage_taken":0.0,"cards_upgraded":["Wraith Form v2"]},{"damage_healed":0.0,"max_hp_gain":0.0,"max_hp_loss":0.0,"gold_gain":0.0,"event_name":"MindBloom","player_choice":"Fight","floor":37.0,"gold_loss":0.0,"damage_taken":0.0},{"cards_removed":["Neutralize"],"damage_healed":0.0,"max_hp_gain":0.0,"max_hp_loss":0.0,"gold_gain":0.0,"event_name":"Falling","player_choice":"Removed Attack","floor":38.0,"gold_loss":0.0,"damage_taken":0.0}],"is_beta":false,"boss_relics":[{"not_picked":["Ring of the Serpent","HoveringKite"],"picked":"Philosopher\u0027s Stone"},{"not_picked":["Cursed Key","Eternal Feather"],"picked":"Empty Cage"}],"items_purged_floors":[20,28,46,54],"is_endless":false,"potions_floor_spawned":[4,13,14,18,27,29,31,36,37,39,45],"ascension_level":20}