{"gold_per_floor":[368,443,33,33,33,33,43,43,43,43,53,53,53,86,86,191,191,205,205,405,421,127,127,153,153,221,232,232,266,278,292,292,397,397,416,416,416,432,432,432,450,450,474,474,506,506,44,59,59,59],"floor_reached":51,"playtime":6835,"items_purged":["Regret","Strike_R","Strike_R"],"score":859,"play_id":"2924cd72-4cdd-44b3-82d0-5f8fedca9b82","local_time":"20190620114014","is_ascension_mode":false,"campfire_choices":[{"data":"Seeing Red","floor":6.0,"key":"SMITH"},{"data":"True Grit","floor":8.0,"key":"SMITH"},{"data":"Bash","floor":10.0,"key":"SMITH"},{"data":"Havoc","floor":12.0,"key":"SMITH"},{"data":"Evolve","floor":15.0,"key":"SMITH"},{"data":"Fiend Fire","floor":23.0,"key":"SMITH"},{"data":"Magnetism","floor":25.0,"key":"SMITH"},{"data":"Blur","floor":28.0,"key":"SMITH"},{"data":"Steam Power","floor":32.0,"key":"SMITH"},{"data":"Adrenaline","floor":40,"key":"SMITH"},{"data":"Flex","floor":42,"key":"SMITH"},{"data":"Blind","floor":46,"key":"SMITH"},{"data":"Backflip","floor":49,"key":"SMITH"}],"neow_cost":"CURSE","seed_source_timestamp":0,"circlet_count":0,"master_deck":["Strike_R+1","Strike_R","Defend_R","Defend_R","Defend_R","Defend_R","Bash+1","Rage+1","Seeing Red+1","True Grit+1","Havoc+1","Evolve+1","Fiend Fire+1","Ghostly","Ghostly","Ghostly","Ghostly","Ghostly","Corruption+1","Magnetism+1","Blur+1","Flex+1","Steam Power+1","Backflip+1","Adrenaline+1","Turbo+1","Pain","Leap+1","Blind+1","Doubt","Chill","Limit Break","Reflex+1"],"special_seed":0,"relics":["Burning Blood","Dead Branch","Bottled Lightning","Turnip","Sozu","PrismaticShard","Blue Candle","Letter Opener","Juzu Bracelet","Cursed Key","Boot","Orichalcum","Paper Frog","Brimstone"],"potions_floor_usage":[50],"damage_taken":[{"damage":13.0,"enemies":"2 Louse","floor":1.0,"turns":4.0},{"damage":0.0,"enemies":"Jaw Worm","floor":7.0,"turns":3.0},{"damage":0.0,"enemies":"Small Slimes","floor":11.0,"turns":1.0},{"damage":10.0,"enemies":"Gremlin Nob","floor":14.0,"turns":4.0},{"damage":39.0,"enemies":"Hexaghost","floor":16.0,"turns":10.0},{"damage":0.0,"enemies":"Spheric Guardian","floor":18.0,"turns":3.0},{"damage":0.0,"enemies":"3 Byrds","floor":21.0,"turns":4.0},{"damage":3.0,"enemies":"Gremlin Leader","floor":24.0,"turns":4.0},{"damage":0.0,"enemies":"3 Cultists","floor":27.0,"turns":4.0},{"damage":34.0,"enemies":"Slavers","floor":29.0,"turns":4.0},{"damage":1.0,"enemies":"Chosen and Byrds","floor":30.0,"turns":3.0},{"damage":0.0,"enemies":"Cultist and Chosen","floor":31.0,"turns":5.0},{"damage":4.0,"enemies":"Champ","floor":33.0,"turns":5.0},{"damage":1,"enemies":"Orb Walker","floor":35,"turns":3},{"damage":3,"enemies":"3 Darklings","floor":38,"turns":2},{"damage":1,"enemies":"Maw","floor":41,"turns":6},{"damage":2,"enemies":"Reptomancer","floor":45,"turns":4},{"damage":2,"enemies":"4 Shapes","floor":48,"turns":4},{"damage":2,"enemies":"Awakened One","floor":50,"turns":5}],"seed_played":"6466072098974669076","potions_obtained":[{"floor":11.0,"key":"SteroidPotion"},{"floor":16.0,"key":"Weak Potion"}],"is_trial":false,"path_per_floor":["M","?","$","?","?","R","M","R","T","R","M","R","$","E","R","B",null,"M","?","?","M","$","R","E","R","T","M","R","E","M","M","R","B",null,"M","?","T","M","?","R","M","R","T","?","E","R","$","M","R","B",null],"character_chosen":"IRONCLAD","items_purchased":["Seeing Red","Dead Branch","PrismaticShard","Brimstone","Limit Break"],"campfire_rested":0,"item_purchase_floors":[3,3,22,47,47],"current_hp_per_floor":[73,62,62,46,51,51,57,57,57,57,63,63,63,59,59,26,85,85,42,42,42,42,42,42,42,42,42,42,14,19,25,25,27,42,42,42,42,42,42,42,42,42,42,42,42,42,42,42,42,42],"gold":59,"neow_bonus":"TWO_FIFTY_GOLD","is_prod":false,"is_daily":false,"chose_seed":false,"campfire_upgraded":13,"win_rate":0,"timestamp":1561002014,"path_taken":["M","?","$","?","?","R","M","R","T","R","M","R","$","E","R","BOSS","M","?","?","?","$","R","E","R","T","M","R","E","M","M","R","BOSS","M","?","?","M","?","R","M","R","T","?","E","R","$","M","R","BOSS"],"build_version":"2019-01-23","purchased_purges":3,"victory":true,"max_hp_per_floor":[80,80,80,80,85,85,85,85,85,85,85,85,85,85,85,85,85,85,42,42,42,42,42,42,42,42,42,42,42,42,42,42,42,42,42,42,42,42,42,42,42,42,42,42,42,42,42,42,42,42],"card_choices":[{"not_picked":["Cleave","Sword Boomerang"],"picked":"Rage","floor":1.0},{"not_picked":["Body Slam","Twin Strike"],"picked":"True Grit","floor":7.0},{"not_picked":["True Grit","Perfected Strike"],"picked":"Havoc","floor":11.0},{"not_picked":["Searing Blow","Feel No Pain"],"picked":"Evolve","floor":14.0},{"not_picked":["Demon Form","Limit Break"],"picked":"Fiend Fire","floor":16.0},{"not_picked":["Clash","Wild Strike+1","Combust"],"picked":"SKIP","floor":18.0},{"not_picked":["Shrug It Off+1","Anger"],"picked":"Corruption+1","floor":21.0},{"not_picked":["Bouncing Flask+1","Auto Shields"],"picked":"Magnetism","floor":24.0},{"not_picked":["Battle Trance","Skewer"],"picked":"Blur","floor":27.0},{"not_picked":["Conserve Battery","Outmaneuver"],"picked":"Flex","floor":29.0},{"not_picked":["Endless Agony","All Out Attack+1"],"picked":"Steam Power","floor":30.0},{"not_picked":["Reinforced Body","Underhanded Strike+1"],"picked":"Backflip","floor":31.0},{"not_picked":["Fission","Magnetism"],"picked":"Adrenaline","floor":33.0},{"not_picked":["Heavy Blade","Flex"],"picked":"Turbo+1","floor":35},{"not_picked":["Dagger Spray","Streamline"],"picked":"Leap+1","floor":38},{"not_picked":["Beam Cell+1","Dodge and Roll"],"picked":"Blind","floor":41},{"not_picked":["Redo","Loop"],"picked":"Chill","floor":45},{"not_picked":["Heavy Blade","Flex"],"picked":"Reflex+1","floor":48}],"player_experience":5485139,"relics_obtained":[{"floor":9.0,"key":"Bottled Lightning"},{"floor":14.0,"key":"Turnip"},{"floor":24.0,"key":"Blue Candle"},{"floor":26.0,"key":"Letter Opener"},{"floor":29.0,"key":"Juzu Bracelet"},{"floor":37,"key":"Boot"},{"floor":43,"key":"Orichalcum"},{"floor":45,"key":"Paper Frog"}],"event_choices":[{"damage_healed":0.0,"max_hp_gain":0.0,"max_hp_loss":0.0,"gold_gain":75.0,"event_name":"World of Goop","player_choice":"Gather Gold","floor":2.0,"gold_loss":0.0,"damage_taken":11.0},{"damage_healed":0.0,"max_hp_gain":0.0,"max_hp_loss":0.0,"gold_gain":0.0,"event_name":"Shining Light","player_choice":"Entered Light","floor":4.0,"gold_loss":0.0,"damage_taken":16.0,"cards_upgraded":["Strike_R","Rage"]},{"damage_healed":0.0,"max_hp_gain":5.0,"max_hp_loss":0.0,"gold_gain":0.0,"event_name":"Big Fish","player_choice":"Donut","floor":5.0,"gold_loss":0.0,"damage_taken":0.0},{"damage_healed":0.0,"max_hp_gain":0.0,"max_hp_loss":43.0,"gold_gain":0.0,"event_name":"Ghosts","player_choice":"Became a Ghost","floor":19.0,"gold_loss":0.0,"damage_taken":0.0,"cards_obtained":["Ghostly","Ghostly","Ghostly","Ghostly","Ghostly"]},{"damage_healed":0.0,"max_hp_gain":0.0,"max_hp_loss":0.0,"gold_gain":200.0,"event_name":"Wheel of Change","player_choice":"Gold","floor":20.0,"gold_loss":0.0,"damage_taken":0.0},{"damage_healed":0,"gold_gain":0,"player_choice":"Ignored","damage_taken":0,"max_hp_gain":0,"max_hp_loss":0,"event_name":"Tomb of Lord Red Mask","floor":36,"gold_loss":0},{"damage_healed":0,"gold_gain":0,"player_choice":"Bought 0 Potions","damage_taken":0,"max_hp_gain":0,"max_hp_loss":0,"event_name":"The Woman in Blue","floor":39,"gold_loss":0},{"cards_removed":["Strike_R"],"damage_healed":0,"gold_gain":0,"player_choice":"Removed Attack","damage_taken":0,"max_hp_gain":0,"max_hp_loss":0,"event_name":"Falling","floor":44,"gold_loss":0}],"is_beta":false,"boss_relics":[{"not_picked":["Tiny House","Calling Bell"],"picked":"Sozu"},{"not_picked":["Coffee Dripper","Snecko Eye"],"picked":"Cursed Key"}],"items_purged_floors":[3,22,47],"is_endless":false,"potions_floor_spawned":[11,16,21,24,30,35,38],"ascension_level":0}