{"gold_per_floor":[114,133,48,48,12,38,38,71,121,141,159,172,187,137,137,210,210,227,242,25,25,44,44,77,77,126,106,1,16,16,33,33,33],"floor_reached":33,"playtime":663,"items_purged":["Strike_R"],"score":629,"play_id":"57df6273-17fd-4e1d-a624-318ebf7ef77b","local_time":"20190123202955","is_ascension_mode":true,"campfire_choices":[{"data":"Demon Form","floor":7.0,"key":"SMITH"},{"data":"Uppercut","floor":15.0,"key":"SMITH"},{"data":"Sword Boomerang","floor":23,"key":"SMITH"},{"data":"Flex","floor":25,"key":"SMITH"},{"data":"Evolve","floor":30,"key":"SMITH"},{"data":"Second Wind","floor":32,"key":"SMITH"}],"neow_cost":"NONE","seed_source_timestamp":25436898278622,"circlet_count":0,"master_deck":["AscendersBane","Strike_R","Strike_R","Strike_R","Strike_R","Defend_R","Defend_R","Defend_R","Defend_R","Bash","Demon Form+1","Pummel","Uppercut+1","Flex+1","Second Wind+1","Sword Boomerang+1","Impervious","Armaments+1","Power Through","Evolve+1","Body Slam"],"special_seed":0,"relics":["Burning Blood","NeowsBlessing","FaceOfCleric","Smiling Mask","Strawberry","Red Skull","Runic Dome","Membership Card","Singing Bowl","Orichalcum"],"potions_floor_usage":[24,29],"damage_taken":[{"damage":0.0,"enemies":"Cultist","floor":1.0,"turns":1.0},{"damage":0.0,"enemies":"Jaw Worm","floor":2.0,"turns":1.0},{"damage":0.0,"enemies":"Gremlin Nob","floor":6.0,"turns":1.0},{"damage":40.0,"enemies":"3 Sentries","floor":8.0,"turns":7.0},{"damage":4.0,"enemies":"2 Louse","floor":10.0,"turns":2.0},{"damage":30.0,"enemies":"Red Slaver","floor":11.0,"turns":4.0},{"damage":6.0,"enemies":"Blue Slaver","floor":12.0,"turns":2.0},{"damage":10.0,"enemies":"3 Louse","floor":13.0,"turns":3.0},{"damage":13.0,"enemies":"The Guardian","floor":16.0,"turns":6.0},{"damage":18.0,"enemies":"Spheric Guardian","floor":18.0,"turns":6.0},{"damage":27.0,"enemies":"Chosen","floor":19.0,"turns":5.0},{"damage":13,"enemies":"3 Cultists","floor":22,"turns":4},{"damage":37,"enemies":"Book of Stabbing","floor":24,"turns":4},{"damage":0,"enemies":"Snake Plant","floor":29,"turns":2},{"damage":5,"enemies":"Snecko","floor":31,"turns":5},{"damage":19,"enemies":"Automaton","floor":33,"turns":4}],"seed_played":"1613079878498472236","potions_obtained":[{"floor":6.0,"key":"EssenceOfSteel"},{"floor":8.0,"key":"Regen Potion"},{"floor":16.0,"key":"Block Potion"},{"floor":19.0,"key":"SkillPotion"},{"floor":27,"key":"Fire Potion"}],"is_trial":false,"path_per_floor":["M","M","$","?","$","E","R","E","T","M","M","M","M","$","R","B",null,"M","M","$","?","M","R","E","R","T","?","$","M","R","M","R","B"],"character_chosen":"IRONCLAD","items_purchased":["Demon Form","Pummel","Membership Card","Power Through","Evolve","Body Slam"],"campfire_rested":0,"item_purchase_floors":[3,5,20,28,28,28],"current_hp_per_floor":[74,75,75,75,75,76,76,50,50,53,30,31,28,28,28,37,76,65,45,45,45,39,39,11,11,11,11,11,20,20,24,24,5],"gold":33,"neow_bonus":"THREE_ENEMY_KILL","is_prod":false,"is_daily":false,"chose_seed":false,"campfire_upgraded":6,"win_rate":0,"timestamp":1548246595,"path_taken":["M","?","$","?","$","E","R","E","T","M","M","M","?","$","R","BOSS","M","M","$","?","M","R","E","R","T","?","$","?","R","M","R","BOSS"],"build_version":"2019-01-17v2","purchased_purges":1,"victory":false,"max_hp_per_floor":[75,75,75,75,75,76,76,84,84,85,86,87,88,88,88,89,89,90,91,91,91,92,92,95,95,95,95,95,98,98,101,101,101],"card_choices":[{"not_picked":["Iron Wave","Reckless Charge","Armaments"],"picked":"SKIP","floor":1.0},{"not_picked":["Armaments","Warcry","Iron Wave"],"picked":"SKIP","floor":2.0},{"not_picked":["Warcry","Pommel Strike","Wild Strike"],"picked":"SKIP","floor":6.0},{"not_picked":["Juggernaut","Burning Pact"],"picked":"Uppercut","floor":8.0},{"not_picked":["True Grit","Shrug It Off"],"picked":"Flex","floor":10.0},{"not_picked":["Perfected Strike","Disarm"],"picked":"Second Wind","floor":11.0},{"not_picked":["Iron Wave","Perfected Strike","Cleave"],"picked":"SKIP","floor":12.0},{"not_picked":["Iron Wave","Perfected Strike","Cleave"],"picked":"SKIP","floor":12.0},{"not_picked":["Warcry","Intimidate"],"picked":"Sword Boomerang","floor":13.0},{"not_picked":["Immolate","Berserk"],"picked":"Impervious","floor":16.0},{"not_picked":["Shrug It Off","Intimidate+1"],"picked":"Armaments+1","floor":18.0},{"not_picked":["Warcry","Cleave","Havoc"],"picked":"SKIP","floor":19.0},{"not_picked":["Fire Breathing","Pummel","Flex"],"picked":"SKIP","floor":22},{"not_picked":["Whirlwind","Cleave","Dual Wield"],"picked":"Singing Bowl","floor":24},{"not_picked":["Reckless Charge","Fire Breathing","Wild Strike"],"picked":"Singing Bowl","floor":29},{"not_picked":["Dual Wield","Anger","Perfected Strike"],"picked":"Singing Bowl","floor":31}],"player_experience":2176635,"relics_obtained":[{"floor":6.0,"key":"Smiling Mask"},{"floor":8.0,"key":"Strawberry"},{"floor":9.0,"key":"Red Skull"},{"floor":24,"key":"Singing Bowl"},{"floor":26,"key":"Orichalcum"}],"event_choices":[{"damage_healed":0.0,"max_hp_gain":0.0,"max_hp_loss":0.0,"gold_gain":0.0,"event_name":"FaceTrader","player_choice":"Trade","floor":4.0,"gold_loss":0.0,"damage_taken":0.0,"relics_obtained":["FaceOfCleric"]},{"damage_healed":0.0,"max_hp_gain":0.0,"max_hp_loss":0.0,"gold_gain":0.0,"event_name":"Vampires","player_choice":"Ignored","floor":21.0,"gold_loss":0.0,"damage_taken":0.0},{"damage_healed":0,"gold_gain":0,"player_choice":"Bought 1 Potion","damage_taken":0,"max_hp_gain":0,"max_hp_loss":0,"event_name":"The Woman in Blue","floor":27,"gold_loss":0}],"is_beta":false,"boss_relics":[{"not_picked":["Black Blood","Cursed Key"],"picked":"Runic Dome"}],"items_purged_floors":[14],"is_endless":false,"potions_floor_spawned":[6,8,12,16,19,22],"killed_by":"Automaton","ascension_level":20}