{"gold_per_floor":[116,127,127,36,36,36,55,55,80,80,93,109,34,58,58,188,188,211,226,226,240,155,155,188,188,188,188,88,88,102,116,116,239,239,255,107,130,70,95,95,120,0,0,0,0,18,18,143,143,143],"floor_reached":51,"playtime":2372,"items_purged":["Strike_R","Defend_R"],"score":657,"play_id":"e13bfe13-eb6b-41cd-ad34-99b30826f58a","local_time":"20190704215018","is_ascension_mode":false,"campfire_choices":[{"data":"Bludgeon","floor":6.0,"key":"SMITH"},{"data":"Enlightenment","floor":8.0,"key":"SMITH"},{"data":"Evolve","floor":10.0,"key":"SMITH"},{"data":"Bash","floor":15.0,"key":"SMITH"},{"data":"Second Wind","floor":23.0,"key":"SMITH"},{"data":"Impervious","floor":25.0,"key":"SMITH"},{"data":"Armaments","floor":29.0,"key":"SMITH"},{"data":"Defend_R","floor":32.0,"key":"SMITH"},{"data":"Immolate","floor":40,"key":"SMITH"},{"floor":45,"key":"REST"},{"data":"Defend_R","floor":47,"key":"SMITH"},{"data":"Defend_R","floor":49,"key":"SMITH"}],"neow_cost":"TEN_PERCENT_HP_LOSS","seed_source_timestamp":112837107613615,"circlet_count":0,"master_deck":["Defend_R+1","Defend_R+1","Defend_R+1","Bash+1","Bludgeon+1","Evolve+1","Second Wind+1","Enlightenment+1","Armaments+1","Impervious+1","Flame Barrier+1","Second Wind+1","Infernal Blade+1","Immolate+1","Flame Barrier+1","Uppercut+1"],"special_seed":0,"relics":["Burning Blood","Golden Idol","Bronze Scales","Astrolabe","StoneCalendar","Thread and Needle","Letter Opener","Runic Dome","Potion Belt","Blue Candle","Red Mask","Juzu Bracelet","Incense Burner"],"potions_floor_usage":[37,50,50],"damage_taken":[{"damage":1.0,"enemies":"Cultist","floor":1.0,"turns":3.0},{"damage":5.0,"enemies":"2 Louse","floor":2.0,"turns":3.0},{"damage":5.0,"enemies":"Small Slimes","floor":7.0,"turns":2.0},{"damage":11.0,"enemies":"3 Louse","floor":11.0,"turns":3.0},{"damage":5.0,"enemies":"Looter","floor":12.0,"turns":3.0},{"damage":0.0,"enemies":"Red Slaver","floor":14.0,"turns":2.0},{"damage":30.0,"enemies":"Hexaghost","floor":16.0,"turns":9.0},{"damage":0.0,"enemies":"Spheric Guardian","floor":18.0,"turns":3.0},{"damage":13.0,"enemies":"2 Thieves","floor":19.0,"turns":5.0},{"damage":6.0,"enemies":"Snake Plant","floor":21.0,"turns":6.0},{"damage":20.0,"enemies":"Slavers","floor":24.0,"turns":5.0},{"damage":0.0,"enemies":"Centurion and Healer","floor":30.0,"turns":7.0},{"damage":0.0,"enemies":"Chosen and Byrds","floor":31.0,"turns":3.0},{"damage":29.0,"enemies":"Champ","floor":33.0,"turns":9.0},{"damage":0.0,"enemies":"3 Shapes","floor":35.0,"turns":3.0},{"damage":15,"enemies":"3 Darklings","floor":37,"turns":5},{"damage":0,"enemies":"Transient","floor":39,"turns":5},{"damage":18,"enemies":"Jaw Worm Horde","floor":41,"turns":4},{"damage":0,"enemies":"4 Shapes","floor":46,"turns":4},{"damage":0,"enemies":"Mind Bloom Boss Battle","floor":48,"turns":5},{"damage":9,"enemies":"Donu and Deca","floor":50,"turns":6}],"seed_played":"-6197928273962277583","potions_obtained":[{"floor":2.0,"key":"Poison Potion"},{"floor":12.0,"key":"AttackPotion"},{"floor":19.0,"key":"SkillPotion"},{"floor":21.0,"key":"Poison Potion"},{"floor":24.0,"key":"SpeedPotion"},{"floor":35.0,"key":"SkillPotion"},{"floor":39,"key":"Explosive Potion"}],"is_trial":false,"path_per_floor":["M","M","?","$","?","R","M","R","T","R","M","M","$","M","R","B",null,"M","M","?","M","?","R","E","R","T","?","$","R","M","M","R","B",null,"M","$","M","?","M","R","M","?","T","?","R","M","R","?","R","B",null],"character_chosen":"IRONCLAD","items_purchased":["Enlightenment","Potion Belt"],"campfire_rested":1,"item_purchase_floors":[4,36],"current_hp_per_floor":[72,72,54,54,54,54,55,55,55,55,50,51,51,57,57,33,72,72,65,65,65,65,65,51,51,51,51,51,51,57,63,63,40,72,72,72,63,63,69,69,57,57,57,57,72,72,72,72,72,69],"gold":143,"neow_bonus":"THREE_RARE_CARDS","is_prod":false,"is_daily":false,"chose_seed":false,"campfire_upgraded":11,"win_rate":0,"timestamp":1562248218,"path_taken":["M","M","?","$","?","R","M","R","T","R","M","?","$","M","R","BOSS","M","M","?","M","?","R","E","R","T","?","$","R","?","M","R","BOSS","M","$","M","?","M","R","?","?","T","?","R","M","R","?","R","BOSS"],"build_version":"2019-07-01","purchased_purges":2,"victory":true,"max_hp_per_floor":[72,72,72,72,72,72,72,72,72,72,72,72,72,72,72,72,72,72,72,72,72,72,72,72,72,72,72,72,72,72,72,72,72,72,72,72,72,72,72,72,72,72,72,72,72,72,72,72,72,72],"card_choices":[{"not_picked":["Demon Form","Barricade"],"picked":"Bludgeon","floor":0.0},{"not_picked":["Body Slam","Power Through"],"picked":"Evolve","floor":1.0},{"not_picked":["Combust","Clothesline"],"picked":"Second Wind","floor":2.0},{"not_picked":["Clothesline","Body Slam","Flex"],"picked":"SKIP","floor":7.0},{"not_picked":["Second Wind","Havoc","Sever Soul"],"picked":"SKIP","floor":11.0},{"not_picked":["Havoc","Anger","Dual Wield"],"picked":"SKIP","floor":12.0},{"not_picked":["Sentinel","Thunderclap","Rage"],"picked":"SKIP","floor":14.0},{"not_picked":["Limit Break","Juggernaut"],"picked":"Impervious","floor":16.0},{"not_picked":["Rampage","Body Slam","Thunderclap"],"picked":"SKIP","floor":18.0},{"not_picked":["Perfected Strike+1","Cleave","Rage"],"picked":"SKIP","floor":19.0},{"not_picked":["Havoc","Intimidate+1","Clothesline"],"picked":"SKIP","floor":21.0},{"not_picked":["Armaments","Blood for Blood","Disarm+1"],"picked":"SKIP","floor":24.0},{"not_picked":["Heavy Blade","Cleave","Havoc+1"],"picked":"SKIP","floor":30.0},{"not_picked":["Headbutt+1","Flex","Disarm"],"picked":"SKIP","floor":31.0},{"not_picked":["Berserk","Feed"],"picked":"Immolate","floor":33.0},{"not_picked":["Perfected Strike","Spot Weakness+1","Whirlwind+1"],"picked":"SKIP","floor":35.0},{"not_picked":["Flame Barrier+1","Twin Strike+1","Wild Strike"],"picked":"SKIP","floor":37},{"not_picked":["Twin Strike+1","Wild Strike"],"picked":"Flame Barrier+1","floor":37},{"not_picked":["Twin Strike","Shrug It Off"],"picked":"Uppercut+1","floor":39},{"not_picked":["Havoc","Body Slam","Ghostly Armor"],"picked":"SKIP","floor":41},{"not_picked":["Spot Weakness","Entrench+1","Pommel Strike+1"],"picked":"SKIP","floor":46}],"player_experience":5682160,"relics_obtained":[{"floor":9.0,"key":"Bronze Scales"},{"floor":24.0,"key":"Thread and Needle"},{"floor":26.0,"key":"Letter Opener"},{"floor":43,"key":"Juzu Bracelet"},{"floor":48,"key":"Incense Burner"}],"event_choices":[{"damage_healed":0.0,"max_hp_gain":0.0,"max_hp_loss":0.0,"gold_gain":0.0,"event_name":"Golden Idol","player_choice":"Take Damage","floor":3.0,"gold_loss":0.0,"damage_taken":18.0,"relics_obtained":["Golden Idol"]},{"damage_healed":0.0,"max_hp_gain":0.0,"max_hp_loss":0.0,"gold_gain":0.0,"cards_transformed":["Strike_R"],"event_name":"Transmorgrifier","player_choice":"Transformed","floor":5.0,"gold_loss":0.0,"damage_taken":0.0,"cards_obtained":["Armaments"]},{"damage_healed":0.0,"max_hp_gain":0.0,"max_hp_loss":0.0,"gold_gain":0.0,"event_name":"Vampires","player_choice":"Ignored","floor":20.0,"gold_loss":0.0,"damage_taken":0.0},{"damage_healed":0.0,"max_hp_gain":0.0,"max_hp_loss":0.0,"gold_gain":0.0,"event_name":"Addict","player_choice":"Obtained Relic","floor":22.0,"gold_loss":85.0,"damage_taken":0.0,"relics_obtained":["StoneCalendar"]},{"damage_healed":0.0,"max_hp_gain":0.0,"max_hp_loss":0.0,"gold_gain":0.0,"event_name":"NoteForYourself","player_choice":"Ignored","floor":27.0,"gold_loss":0.0,"damage_taken":0.0},{"damage_healed":0,"gold_gain":0,"player_choice":"Paid Gold","damage_taken":0,"relics_obtained":["Blue Candle"],"max_hp_gain":0,"max_hp_loss":0,"event_name":"WeMeetAgain","floor":38,"gold_loss":60},{"damage_healed":0,"gold_gain":0,"player_choice":"Paid","damage_taken":0,"relics_obtained":["Red Mask"],"max_hp_gain":0,"max_hp_loss":0,"event_name":"Tomb of Lord Red Mask","floor":42,"gold_loss":120},{"damage_healed":0,"gold_gain":0,"player_choice":"Ignored","damage_taken":0,"max_hp_gain":0,"max_hp_loss":0,"event_name":"Mysterious Sphere","floor":44,"gold_loss":0},{"damage_healed":0,"gold_gain":0,"player_choice":"Fight","damage_taken":0,"max_hp_gain":0,"max_hp_loss":0,"event_name":"MindBloom","floor":48,"gold_loss":0}],"is_beta":false,"boss_relics":[{"not_picked":["Busted Crown","Tiny House"],"picked":"Astrolabe"},{"not_picked":["Empty Cage","Calling Bell"],"picked":"Runic Dome"}],"items_purged_floors":[13,28],"is_endless":false,"potions_floor_spawned":[2,12,19,21,24,33,35,39],"ascension_level":0}