{"gold_per_floor":[113,131,131,144,2,2,32,32,114,164,164,185,201,225,225,348,348,362,236,236,260,360,396,412,427,427,427,447,447,483,483,483,612,612,626,626,626,651,984,984,998,998,1022,7,7,7,25,55,55,55],"floor_reached":51,"playtime":2092,"items_purged":["Strike_B","Defend_B"],"score":765,"play_id":"1151e800-c791-4145-a6e0-05fd1783ee5c","local_time":"20190619015526","is_ascension_mode":false,"campfire_choices":[{"data":"Streamline","floor":6.0,"key":"SMITH"},{"data":"Defragment","floor":11.0,"key":"SMITH"},{"data":"Capacitor","floor":15.0,"key":"SMITH"},{"data":"Loop","floor":27.0,"key":"SMITH"},{"data":"Turbo","floor":29.0,"key":"SMITH"},{"data":"Skim","floor":32.0,"key":"SMITH"},{"data":"Defragment","floor":40,"key":"SMITH"},{"data":"Heatsinks","floor":42,"key":"SMITH"},{"data":"Defragment","floor":46,"key":"SMITH"},{"floor":49,"key":"REST"}],"neow_cost":"PERCENT_DAMAGE","seed_source_timestamp":0,"circlet_count":0,"master_deck":["Defend_B","Zap","Dualcast","Undo","Defragment+1","Skim+1","Capacitor+1","Double Energy","Ball Lightning","Rainbow","White Noise+1","Turbo+1","Scrape","Ball Lightning","Capacitor","Loop+1","Coolheaded+1","Heatsinks+1","Rainbow","Defragment+1","Conserve Battery+1","Turbo+1","Loop","Defragment+1","Storm","Storm","Undo","Glacier","Madness","Madness","Double Energy+1"],"special_seed":0,"relics":["Cracked Core","Strawberry","Meat on the Bone","Centennial Puzzle","Black Star","Peace Pipe","Darkstone Periapt","The Courier","Boot","DataDisk","Philosopher\u0027s Stone","Bronze Scales","Runic Capacitor","Ice Cream","Cables","Dodecahedron","Dream Catcher"],"potions_floor_usage":[38,50,50],"damage_taken":[{"damage":6.0,"enemies":"Jaw Worm","floor":1.0,"turns":2.0},{"damage":0.0,"enemies":"Cultist","floor":2.0,"turns":3.0},{"damage":0.0,"enemies":"Small Slimes","floor":4.0,"turns":4.0},{"damage":12.0,"enemies":"Gremlin Nob","floor":7.0,"turns":4.0},{"damage":0.0,"enemies":"Blue Slaver","floor":12.0,"turns":3.0},{"damage":0.0,"enemies":"Large Slime","floor":13.0,"turns":4.0},{"damage":2.0,"enemies":"2 Fungi Beasts","floor":14.0,"turns":4.0},{"damage":18.0,"enemies":"The Guardian","floor":16.0,"turns":10.0},{"damage":9.0,"enemies":"Shell Parasite","floor":18.0,"turns":8.0},{"damage":0.0,"enemies":"Chosen","floor":21.0,"turns":6.0},{"damage":37.0,"enemies":"Book of Stabbing","floor":23.0,"turns":5.0},{"damage":27.0,"enemies":"3 Cultists","floor":24.0,"turns":5.0},{"damage":8.0,"enemies":"Centurion and Healer","floor":25.0,"turns":7.0},{"damage":4.0,"enemies":"Snecko","floor":28.0,"turns":4.0},{"damage":24.0,"enemies":"Gremlin Leader","floor":30.0,"turns":7.0},{"damage":19.0,"enemies":"Collector","floor":33.0,"turns":9.0},{"damage":13,"enemies":"3 Darklings","floor":35,"turns":4},{"damage":13,"enemies":"3 Shapes","floor":38,"turns":4},{"damage":0,"enemies":"Transient","floor":41,"turns":5},{"damage":20,"enemies":"Sphere and 2 Shapes","floor":47,"turns":3},{"damage":0,"enemies":"Reptomancer","floor":48,"turns":2},{"damage":33,"enemies":"Donu and Deca","floor":50,"turns":5}],"seed_played":"4731289923229211292","potions_obtained":[{"floor":1.0,"key":"SneckoOil"},{"floor":4.0,"key":"Strength Potion"},{"floor":13.0,"key":"AttackPotion"},{"floor":14.0,"key":"Energy Potion"},{"floor":33.0,"key":"Regen Potion"},{"floor":35,"key":"PowerPotion"}],"is_trial":false,"path_per_floor":["M","M","?","M","$","R","E","?","T","T","R","M","M","M","R","B",null,"M","$","?","M","?","E","M","M","T","R","M","R","E","?","R","B",null,"M","?","?","M","?","R","M","R","T","$","?","R","M","E","R","B",null],"character_chosen":"DEFECT","items_purchased":["Defragment","Skim","Turbo","Runic Capacitor","Ice Cream","Cables","Loop","Defragment","Storm","Storm","Undo","Glacier"],"campfire_rested":1,"item_purchase_floors":[5,5,19,44,44,44,44,44,44,44,44,44],"current_hp_per_floor":[48,48,48,48,48,48,43,23,23,23,23,35,47,45,45,39,82,73,73,73,73,73,48,33,37,37,37,45,45,33,33,33,26,82,69,69,69,65,65,65,65,65,65,65,55,55,47,47,71,50],"gold":55,"neow_bonus":"REMOVE_TWO","is_prod":false,"is_daily":false,"chose_seed":false,"campfire_upgraded":9,"win_rate":0,"timestamp":1560880526,"path_taken":["M","M","?","?","?","R","E","?","T","?","R","M","M","M","R","BOSS","M","$","?","M","?","E","M","?","T","R","M","R","E","?","R","BOSS","M","?","?","M","?","R","?","R","T","$","?","R","M","E","R","BOSS"],"build_version":"2019-01-23","purchased_purges":2,"victory":true,"max_hp_per_floor":[75,75,75,75,75,75,82,82,82,82,82,82,82,82,82,82,82,82,82,82,82,82,82,82,82,82,82,82,82,82,82,82,82,82,82,82,82,82,82,82,82,82,82,82,82,82,82,82,82,82],"card_choices":[{"not_picked":["Rebound","Leap"],"picked":"Streamline","floor":1.0},{"not_picked":["Doom and Gloom","Chaos"],"picked":"Undo","floor":2.0},{"not_picked":["Force Field","Stack","Rebound"],"picked":"SKIP","floor":4.0},{"not_picked":["White Noise","Hologram"],"picked":"Capacitor","floor":7.0},{"not_picked":["Compile Driver","Conserve Battery","Fusion"],"picked":"SKIP","floor":12.0},{"not_picked":["Barrage","Tempest"],"picked":"Double Energy","floor":13.0},{"not_picked":["Rip and Tear","Turbo"],"picked":"Ball Lightning","floor":14.0},{"not_picked":["Fission","Machine Learning"],"picked":"Rainbow","floor":16.0},{"not_picked":["Beam Cell+1","Loop"],"picked":"White Noise+1","floor":18.0},{"not_picked":["Turbo","Steam","Leap+1"],"picked":"SKIP","floor":21.0},{"not_picked":["Undo","Doom and Gloom+1"],"picked":"Capacitor","floor":23.0},{"not_picked":["Chill","Turbo+1"],"picked":"Loop","floor":24.0},{"not_picked":["Redo","Stack","Leap"],"picked":"SKIP","floor":25.0},{"not_picked":["Stack+1","Streamline+1"],"picked":"Coolheaded+1","floor":28.0},{"not_picked":["Streamline","Stack"],"picked":"Heatsinks","floor":30.0},{"not_picked":["Buffer","Core Surge"],"picked":"Rainbow","floor":33.0},{"not_picked":["Steam Power+1","Streamline+1"],"picked":"Defragment","floor":35},{"not_picked":["Chaos","Conserve Battery+1","Beam Cell"],"picked":"SKIP","floor":38},{"not_picked":["Chaos","Beam Cell"],"picked":"Conserve Battery+1","floor":38},{"not_picked":["Rip and Tear","Reinforced Body+1"],"picked":"Turbo+1","floor":41},{"not_picked":["Go for the Eyes+1","Steam","Barrage+1"],"picked":"SKIP","floor":47},{"not_picked":["Streamline+1","Beam Cell+1","Sunder"],"picked":"SKIP","floor":48},{"not_picked":["Hyperbeam","Compile Driver"],"picked":"Double Energy+1","floor":49}],"player_experience":5432580,"relics_obtained":[{"floor":7.0,"key":"Strawberry"},{"floor":9.0,"key":"Meat on the Bone"},{"floor":10.0,"key":"Centennial Puzzle"},{"floor":23.0,"key":"Peace Pipe"},{"floor":23.0,"key":"Darkstone Periapt"},{"floor":26.0,"key":"The Courier"},{"floor":30.0,"key":"Boot"},{"floor":30.0,"key":"DataDisk"},{"floor":43,"key":"Bronze Scales"},{"floor":48,"key":"Dodecahedron"},{"floor":48,"key":"Dream Catcher"}],"event_choices":[{"cards_removed":["Strike_B"],"damage_healed":0.0,"max_hp_gain":0.0,"max_hp_loss":0.0,"gold_gain":0.0,"event_name":"Wheel of Change","player_choice":"Card Removal","floor":3.0,"gold_loss":0.0,"damage_taken":0.0},{"damage_healed":0.0,"max_hp_gain":0.0,"max_hp_loss":0.0,"gold_gain":0.0,"event_name":"Golden Idol","player_choice":"Take Damage","floor":8.0,"gold_loss":0.0,"damage_taken":20.0,"relics_obtained":["Golden Idol"]},{"damage_healed":0.0,"max_hp_gain":0.0,"max_hp_loss":0.0,"gold_gain":0.0,"cards_transformed":["Strike_B","Defend_B"],"event_name":"Drug Dealer","player_choice":"Became Test Subject","floor":20.0,"gold_loss":0.0,"damage_taken":0.0,"cards_obtained":["Scrape","Ball Lightning"]},{"damage_healed":0.0,"max_hp_gain":0.0,"max_hp_loss":0.0,"gold_gain":100.0,"event_name":"Golden Shrine","player_choice":"Pray","floor":22.0,"gold_loss":0.0,"damage_taken":0.0},{"damage_healed":0.0,"max_hp_gain":0.0,"max_hp_loss":0.0,"gold_gain":0.0,"event_name":"Vampires","player_choice":"Ignored","floor":31.0,"gold_loss":0.0,"damage_taken":0.0},{"cards_removed":["Streamline"],"damage_healed":0,"gold_gain":0,"player_choice":"Removed Attack","damage_taken":0,"max_hp_gain":0,"max_hp_loss":0,"event_name":"Falling","floor":36,"gold_loss":0},{"damage_healed":0,"gold_gain":0,"player_choice":"Ignored","damage_taken":0,"max_hp_gain":0,"max_hp_loss":0,"event_name":"Tomb of Lord Red Mask","floor":37,"gold_loss":0},{"damage_healed":0,"gold_gain":333,"player_choice":"Gave Idol","damage_taken":0,"max_hp_gain":0,"max_hp_loss":0,"event_name":"The Moai Head","floor":39,"relics_lost":["Golden Idol"],"gold_loss":0},{"damage_healed":0,"gold_gain":0,"player_choice":"Embrace Madness","damage_taken":10,"max_hp_gain":0,"max_hp_loss":0,"event_name":"Winding Halls","floor":45,"gold_loss":0,"cards_obtained":["Madness","Madness"]}],"is_beta":false,"boss_relics":[{"not_picked":["Calling Bell","Eternal Feather"],"picked":"Black Star"},{"not_picked":["Fusion Hammer","Orrery"],"picked":"Philosopher\u0027s Stone"}],"items_purged_floors":[19,44],"is_endless":false,"potions_floor_spawned":[1,4,13,14,23,33,35],"ascension_level":0}