{"gold_per_floor":[110,35,35,35,48,76,76,76,76,102,2,2,2,16,16,114,114,125,125,138,150,166,166,177,177,177,177,191,191,206,81,81,180,180,197,209,222,72,72,72,86,86,86,104,31,44,44,0,0,0],"floor_reached":51,"playtime":2502,"items_purged":["Strike_G","Defend_G","Strike_G","Defend_G"],"score":882,"play_id":"56525966-2a6b-4b5c-b57b-7427d122dd75","local_time":"20181021232534","is_ascension_mode":false,"campfire_choices":[{"data":"Neutralize","floor":8.0,"key":"SMITH"},{"data":"Bouncing Flask","floor":12.0,"key":"SMITH"},{"data":"Prepared","floor":15.0,"key":"SMITH"},{"data":"Acrobatics","floor":23.0,"key":"SMITH"},{"data":"Acrobatics","floor":25.0,"key":"SMITH"},{"data":"Tactician","floor":32.0,"key":"SMITH"},{"data":"Backflip","floor":40,"key":"SMITH"},{"data":"Strike_G","floor":42,"key":"SMITH"},{"data":"Grand Finale","floor":47,"key":"SMITH"},{"data":"Prepared","floor":49,"key":"SMITH"}],"neow_cost":"NONE","seed_source_timestamp":53211810680620,"circlet_count":0,"master_deck":["Defend_G","Strike_G","Strike_G+1","Survivor","Neutralize+1","Tactician+1","Bouncing Flask+1","Pain","Reflex+1","Prepared+1","Night Terror+1","Footwork+1","Decay","Backflip+1","Acrobatics+1","Acrobatics+1","Backflip+1","Pain","Shame","Acrobatics+1","Shame","Grand Finale+1","Prepared+1"],"special_seed":0,"relics":["Ring of the Snake","NeowsBlessing","Blue Candle","WarpedTongs","Dodecahedron","Frozen Egg 2","Cursed Key","Bag of Preparation","Calipers","War Paint","Coffee Dripper","Ornamental Fan","Red Mask"],"potions_floor_usage":[],"damage_taken":[{"damage":0.0,"enemies":"Cultist","floor":1.0,"turns":1.0},{"damage":0.0,"enemies":"2 Louse","floor":5.0,"turns":1.0},{"damage":0.0,"enemies":"Gremlin Nob","floor":6.0,"turns":1.0},{"damage":6.0,"enemies":"Lagavulin","floor":10.0,"turns":5.0},{"damage":1.0,"enemies":"Jaw Worm","floor":14.0,"turns":2.0},{"damage":55.0,"enemies":"Slime Boss","floor":16.0,"turns":10.0},{"damage":1.0,"enemies":"Chosen","floor":18.0,"turns":4.0},{"damage":2.0,"enemies":"Spheric Guardian","floor":20.0,"turns":4.0},{"damage":2.0,"enemies":"Snecko","floor":21.0,"turns":4.0},{"damage":3.0,"enemies":"Centurion and Healer","floor":22.0,"turns":9.0},{"damage":4.0,"enemies":"Snake Plant","floor":24.0,"turns":4.0},{"damage":5.0,"enemies":"Snecko","floor":28.0,"turns":5.0},{"damage":4.0,"enemies":"Centurion and Healer","floor":30.0,"turns":5.0},{"damage":12.0,"enemies":"Automaton","floor":33.0,"turns":11.0},{"damage":4,"enemies":"3 Darklings","floor":35,"turns":2},{"damage":4,"enemies":"3 Shapes","floor":36,"turns":3},{"damage":4,"enemies":"3 Darklings","floor":37,"turns":3},{"damage":5,"enemies":"Jaw Worm Horde","floor":41,"turns":2},{"damage":6,"enemies":"Maw","floor":44,"turns":2},{"damage":5,"enemies":"4 Shapes","floor":46,"turns":1},{"damage":6,"enemies":"Donu and Deca","floor":50,"turns":1}],"seed_played":"3644244671021461565","potions_obtained":[{"floor":1.0,"key":"SneckoOil"},{"floor":14.0,"key":"Block Potion"},{"floor":18.0,"key":"GhostInAJar"},{"floor":20.0,"key":"Fire Potion"},{"floor":22.0,"key":"Block Potion"}],"is_trial":false,"path_per_floor":["M","$","?","?","M","E","?","R","T","E","$","R","$","M","R","B",null,"M","?","M","M","M","R","M","R","T","?","M","?","M","$","R","B",null,"M","M","M","$","?","R","M","R","T","M","$","M","R","?","R","B"],"character_chosen":"THE_SILENT","items_purchased":["Grand Finale"],"campfire_rested":0,"item_purchase_floors":[45],"current_hp_per_floor":[70,70,70,70,70,70,70,70,70,64,64,64,64,63,63,8,70,69,69,67,65,62,62,58,58,58,58,53,53,49,49,49,37,70,66,62,58,58,58,58,53,53,53,47,47,42,42,42,42,36],"gold":0,"neow_bonus":"THREE_ENEMY_KILL","is_prod":false,"is_daily":false,"chose_seed":false,"campfire_upgraded":10,"win_rate":0,"timestamp":1540135534,"path_taken":["M","?","?","?","?","E","?","R","T","E","$","R","$","M","R","BOSS","M","?","M","M","M","R","M","R","T","?","M","?","M","$","R","BOSS","M","?","M","?","?","R","M","R","T","M","$","M","R","?","R","BOSS"],"build_version":"2018-10-18","purchased_purges":4,"victory":true,"max_hp_per_floor":[70,70,70,70,70,70,70,70,70,70,70,70,70,70,70,70,70,70,70,70,70,70,70,70,70,70,70,70,70,70,70,70,70,70,70,70,70,70,70,70,70,70,70,70,70,70,70,70,70,70],"card_choices":[{"not_picked":["Concentrate","Dagger Spray"],"picked":"Tactician","floor":1.0},{"not_picked":["Quick Slash","Skewer","Blade Dance"],"picked":"SKIP","floor":5.0},{"not_picked":["Choke","All Out Attack"],"picked":"Bouncing Flask","floor":6.0},{"not_picked":["Prepared","Cloak And Dagger"],"picked":"Reflex","floor":10.0},{"not_picked":["Finisher","Skewer"],"picked":"Prepared","floor":14.0},{"not_picked":["Unload","A Thousand Cuts+1"],"picked":"Night Terror","floor":16.0},{"not_picked":["Expertise","Quick Slash+1"],"picked":"Footwork+1","floor":18.0},{"not_picked":["Escape Plan","Sucker Punch+1"],"picked":"Backflip","floor":20.0},{"not_picked":["Underhanded Strike","Backflip"],"picked":"Acrobatics","floor":21.0},{"not_picked":["PiercingWail","Dodge and Roll"],"picked":"Acrobatics","floor":22.0},{"not_picked":["Dagger Throw","Prepared"],"picked":"Backflip+1","floor":24.0},{"not_picked":["Infinite Blades+1","Sucker Punch","Caltrops+1"],"picked":"SKIP","floor":28.0},{"not_picked":["Dagger Throw","PiercingWail"],"picked":"Acrobatics+1","floor":30.0},{"not_picked":["Setup","Finisher","Eviscerate"],"picked":"SKIP","floor":35},{"not_picked":["Backstab+1","Bane+1","Dodge and Roll"],"picked":"SKIP","floor":36},{"not_picked":["All Out Attack","Blur","Flying Knee+1"],"picked":"SKIP","floor":37},{"not_picked":["Underhanded Strike","Sucker Punch+1","Eviscerate"],"picked":"SKIP","floor":41},{"not_picked":["Blur","Flying Knee+1","Quick Slash"],"picked":"SKIP","floor":44},{"not_picked":["Crippling Poison+1","Riddle With Holes+1"],"picked":"Prepared","floor":46}],"player_experience":481887,"relics_obtained":[{"floor":6.0,"key":"Blue Candle"},{"floor":9.0,"key":"Dodecahedron"},{"floor":10.0,"key":"Frozen Egg 2"},{"floor":26.0,"key":"Bag of Preparation"},{"floor":29.0,"key":"War Paint"},{"floor":43,"key":"Ornamental Fan"}],"event_choices":[{"cards_removed":["Defend_G"],"damage_healed":0.0,"max_hp_gain":0.0,"max_hp_loss":0.0,"gold_gain":0.0,"event_name":"Purifier","player_choice":"Purged","floor":3.0,"gold_loss":0.0,"damage_taken":0.0},{"cards_removed":["Strike_G"],"damage_healed":0.0,"max_hp_gain":0.0,"max_hp_loss":0.0,"gold_gain":0.0,"event_name":"Bonfire Elementals","player_choice":"Offered Basic","floor":4.0,"gold_loss":0.0,"damage_taken":0.0},{"damage_healed":0.0,"max_hp_gain":0.0,"max_hp_loss":0.0,"gold_gain":0.0,"event_name":"Accursed Blacksmith","player_choice":"Rummage","floor":7.0,"gold_loss":0.0,"damage_taken":0.0,"relics_obtained":["WarpedTongs"],"cards_obtained":["Pain"]},{"damage_healed":0.0,"max_hp_gain":0.0,"max_hp_loss":0.0,"gold_gain":0.0,"event_name":"Forgotten Altar","player_choice":"Smashed Altar","floor":19.0,"gold_loss":0.0,"damage_taken":0.0,"cards_obtained":["Decay"]},{"damage_healed":0.0,"max_hp_gain":0.0,"max_hp_loss":0.0,"gold_gain":0.0,"event_name":"Addict","player_choice":"Stole Relic","floor":27.0,"gold_loss":0.0,"damage_taken":0.0,"relics_obtained":["Calipers"],"cards_obtained":["Shame"]},{"damage_healed":0.0,"max_hp_gain":0.0,"max_hp_loss":0.0,"gold_gain":0.0,"event_name":"Wheel of Change","player_choice":"Relic","floor":29.0,"gold_loss":0.0,"damage_taken":0.0},{"cards_removed":["Defend_G"],"damage_healed":0,"gold_gain":0,"player_choice":"Purged","damage_taken":0,"max_hp_gain":0,"max_hp_loss":0,"event_name":"Purifier","floor":39,"gold_loss":0},{"damage_healed":0,"gold_gain":0,"player_choice":"Paid","damage_taken":0,"relics_obtained":["Red Mask"],"max_hp_gain":0,"max_hp_loss":0,"event_name":"Tomb of Lord Red Mask","floor":48,"gold_loss":44}],"is_beta":false,"boss_relics":[{"not_picked":["Calling Bell","HoveringKite"],"picked":"Cursed Key"},{"not_picked":["Pandora\u0027s Box","Runic Dome"],"picked":"Coffee Dripper"}],"items_purged_floors":[2,11,31,38],"is_endless":false,"potions_floor_spawned":[1,14,18,20,22,33,37,41,44],"ascension_level":0}