{"gold_per_floor":[116,41,41,41,41,41,41,73,108,120,152,164,39,54,54,129,129,140,172,8,8,11,11],"floor_reached":23,"playtime":466,"items_purged":["Strike_G","Strike_G","Strike_G"],"score":520,"play_id":"90bf15ca-05af-49fc-92e6-2828869869f0","local_time":"20190408005643","is_ascension_mode":true,"campfire_choices":[{"data":"Neutralize","floor":6.0,"key":"SMITH"},{"data":"Tools of the Trade","floor":10.0,"key":"SMITH"},{"data":"Bouncing Flask","floor":12.0,"key":"SMITH"},{"data":"Noxious Fumes","floor":15.0,"key":"SMITH"}],"neow_cost":"NONE","seed_source_timestamp":43906125544828,"circlet_count":0,"master_deck":["AscendersBane","Defend_G","Defend_G","Defend_G","Defend_G","Defend_G","Strike_G+1","Strike_G+1","Survivor","Neutralize+1","Tools of the Trade+1","Bouncing Flask+1","Noxious Fumes+1","Burst","Footwork","Backflip"],"special_seed":0,"relics":["Ring of the Snake","NeowsBlessing","Potion Belt","Orichalcum","MawBank","Vajra","Runic Pyramid","Red Mask"],"potions_floor_usage":[19,19],"damage_taken":[{"damage":0.0,"enemies":"Jaw Worm","floor":1.0,"turns":1.0},{"damage":0.0,"enemies":"3 Sentries","floor":8.0,"turns":2.0},{"damage":0.0,"enemies":"Small Slimes","floor":11.0,"turns":1.0},{"damage":0.0,"enemies":"2 Louse","floor":14.0,"turns":2.0},{"damage":0.0,"enemies":"Hexaghost","floor":16.0,"turns":7.0},{"damage":0.0,"enemies":"Chosen","floor":18.0,"turns":3.0},{"damage":19,"enemies":"Masked Bandits","floor":19,"turns":3},{"damage":4,"enemies":"2 Thieves","floor":22,"turns":5},{"damage":9,"enemies":"Cultist and Chosen","floor":23,"turns":3}],"seed_played":"-7005977699664641472","potions_obtained":[{"floor":8.0,"key":"AttackPotion"},{"floor":14.0,"key":"Strength Potion"},{"floor":19,"key":"Regen Potion"}],"is_trial":false,"path_per_floor":["M","$","?","?","?","R","?","E","T","R","M","R","$","M","R","B",null,"M","?","$","?","M","M"],"character_chosen":"THE_SILENT","items_purchased":["Noxious Fumes","Footwork"],"campfire_rested":0,"item_purchase_floors":[13,20],"current_hp_per_floor":[59,59,64,43,38,38,38,38,38,38,38,38,38,38,38,38,63,63,44,44,24,20,11],"gold":11,"neow_bonus":"THREE_ENEMY_KILL","is_prod":false,"is_daily":false,"chose_seed":false,"campfire_upgraded":4,"win_rate":0,"timestamp":1554656203,"path_taken":["M","$","?","?","?","R","?","E","T","R","?","R","$","M","R","BOSS","M","?","$","?","M","M"],"build_version":"2019-01-23","purchased_purges":3,"victory":false,"max_hp_per_floor":[66,66,71,71,71,71,71,71,71,71,71,71,71,71,71,71,71,71,71,71,76,76,76],"card_choices":[{"not_picked":["Backflip","Crippling Poison","Eviscerate"],"picked":"SKIP","floor":1.0},{"not_picked":["Crippling Poison","Eviscerate"],"picked":"Backflip","floor":1.0},{"not_picked":["Dagger Throw","Crippling Poison"],"picked":"Tools of the Trade","floor":8.0},{"not_picked":["Prepared","Bane"],"picked":"Bouncing Flask","floor":11.0},{"not_picked":["Blade Dance","Dagger Throw","Slice"],"picked":"SKIP","floor":14.0},{"not_picked":["Doppelganger","Phantasmal Killer"],"picked":"Burst","floor":16.0},{"not_picked":["Terror","Deflect","Dagger Throw"],"picked":"SKIP","floor":18.0},{"not_picked":["Finisher","Blade Dance+1"],"picked":"Backflip","floor":22}],"player_experience":4144319,"relics_obtained":[{"floor":8.0,"key":"MawBank"},{"floor":9.0,"key":"Vajra"},{"floor":19,"key":"Red Mask"}],"event_choices":[{"damage_healed":0.0,"max_hp_gain":5.0,"max_hp_loss":0.0,"gold_gain":0.0,"event_name":"Big Fish","player_choice":"Donut","floor":3.0,"gold_loss":0.0,"damage_taken":0.0},{"damage_healed":0.0,"max_hp_gain":0.0,"max_hp_loss":0.0,"gold_gain":0.0,"event_name":"Shining Light","player_choice":"Entered Light","floor":4.0,"gold_loss":0.0,"damage_taken":21.0,"cards_upgraded":["Strike_G","Strike_G"]},{"damage_healed":0.0,"max_hp_gain":0.0,"max_hp_loss":0.0,"gold_gain":0.0,"event_name":"Scrap Ooze","player_choice":"Success","floor":5.0,"gold_loss":0.0,"damage_taken":5.0,"relics_obtained":["Potion Belt"]},{"cards_removed":["Backflip"],"damage_healed":0.0,"max_hp_gain":0.0,"max_hp_loss":0.0,"gold_gain":0.0,"event_name":"WeMeetAgain","player_choice":"Gave Card","floor":7.0,"gold_loss":0.0,"damage_taken":0.0,"relics_obtained":["Orichalcum"]},{"damage_healed":0,"gold_gain":0,"player_choice":"Fought Bandits","damage_taken":0,"max_hp_gain":0,"max_hp_loss":0,"event_name":"Masked Bandits","floor":19,"gold_loss":0},{"damage_healed":0,"gold_gain":0,"player_choice":"Shed Blood","damage_taken":25,"max_hp_gain":5,"max_hp_loss":0,"event_name":"Forgotten Altar","floor":21,"gold_loss":0}],"is_beta":false,"boss_relics":[{"not_picked":["Orrery","Ring of the Serpent"],"picked":"Runic Pyramid"}],"items_purged_floors":[2,13,20],"is_endless":false,"potions_floor_spawned":[8,14,19],"killed_by":"Cultist and Chosen","ascension_level":20}