{"gold_per_floor":[114,132,57,57,57,57,57,77,103,122,160,160,6,49,49,148,148,173,173,192,213,113,113,113],"floor_reached":24,"playtime":781,"items_purged":["Strike_G","Strike_G"],"score":558,"play_id":"77bce7c3-3622-470c-a9f2-e05b372d85c5","local_time":"20190402073212","is_ascension_mode":true,"campfire_choices":[{"data":"Predator","floor":6.0,"key":"SMITH"},{"data":"Deadly Poison","floor":15.0,"key":"SMITH"},{"data":"Acrobatics","floor":23,"key":"SMITH"}],"neow_cost":"TEN_PERCENT_HP_LOSS","seed_source_timestamp":1719624126815,"circlet_count":0,"master_deck":["AscendersBane","Defend_G","Defend_G","Defend_G","Defend_G","Defend_G","Strike_G","Strike_G","Survivor","Neutralize","Blind","Madness","Predator+1","Endless Agony","Acrobatics+1","Deadly Poison+1","Well Laid Plans","Tactician","Corpse Explosion"],"special_seed":0,"relics":["Ring of the Snake","Golden Idol","Gremlin Horn","Centennial Puzzle","StoneCalendar","Peace Pipe","Coffee Dripper"],"potions_floor_usage":[],"damage_taken":[{"damage":2.0,"enemies":"Jaw Worm","floor":1.0,"turns":9.0},{"damage":0.0,"enemies":"2 Louse","floor":2.0,"turns":2.0},{"damage":2.0,"enemies":"Small Slimes","floor":8.0,"turns":4.0},{"damage":1.0,"enemies":"3 Louse","floor":10.0,"turns":2.0},{"damage":8.0,"enemies":"Gremlin Nob","floor":11.0,"turns":3.0},{"damage":14.0,"enemies":"3 Sentries","floor":14.0,"turns":7.0},{"damage":0.0,"enemies":"Hexaghost","floor":16.0,"turns":8.0},{"damage":0,"enemies":"3 Byrds","floor":18,"turns":2},{"damage":10,"enemies":"Spheric Guardian","floor":20,"turns":4},{"damage":22,"enemies":"Cultist and Chosen","floor":21,"turns":5},{"damage":11,"enemies":"Shelled Parasite and Fungi","floor":24,"turns":2}],"seed_played":"-3434575935612094885","potions_obtained":[{"floor":2.0,"key":"SteroidPotion"},{"floor":8.0,"key":"GamblersBrew"},{"floor":11.0,"key":"Ancient Potion"},{"floor":21,"key":"Strength Potion"}],"is_trial":false,"path_per_floor":["M","M","$","?","?","R","?","M","T","M","E","?","$","E","R","B",null,"M","?","M","M","$","R","M"],"character_chosen":"THE_SILENT","items_purchased":["Well Laid Plans","Tactician"],"campfire_rested":0,"item_purchase_floors":[13,13],"current_hp_per_floor":[57,57,57,62,59,59,33,31,31,30,22,22,22,8,8,8,46,46,46,36,14,14,14,3],"gold":113,"neow_bonus":"RANDOM_COLORLESS_2","is_prod":false,"is_daily":false,"chose_seed":false,"campfire_upgraded":3,"win_rate":0,"timestamp":1554161532,"path_taken":["M","M","$","?","?","R","?","M","T","M","E","?","$","E","R","BOSS","M","?","M","M","$","R","M"],"build_version":"2019-01-23","purchased_purges":2,"victory":false,"max_hp_per_floor":[60,60,60,65,59,59,59,59,59,59,59,59,59,59,59,59,59,59,59,59,59,59,59,59],"card_choices":[{"not_picked":["Riddle With Holes","Backflip"],"picked":"Predator","floor":1.0},{"not_picked":["PiercingWail","Concentrate"],"picked":"Endless Agony","floor":2.0},{"not_picked":["Deflect","Setup"],"picked":"Acrobatics","floor":8.0},{"not_picked":["Backflip","Dodge and Roll"],"picked":"Deadly Poison","floor":10.0},{"not_picked":["Finisher","Sucker Punch","Cloak And Dagger"],"picked":"SKIP","floor":11.0},{"not_picked":["Dagger Throw","Dodge and Roll","Heel Hook"],"picked":"SKIP","floor":14.0},{"not_picked":["Phantasmal Killer","Unload"],"picked":"Corpse Explosion","floor":16.0},{"not_picked":["PiercingWail+1","Bouncing Flask","Bane"],"picked":"SKIP","floor":18},{"not_picked":["Expertise","Slice","Escape Plan"],"picked":"SKIP","floor":20},{"not_picked":["Dodge and Roll","Slice","Flechettes"],"picked":"SKIP","floor":21}],"player_experience":4000206,"relics_obtained":[{"floor":9.0,"key":"Centennial Puzzle"},{"floor":11.0,"key":"StoneCalendar"},{"floor":14.0,"key":"Peace Pipe"}],"event_choices":[{"damage_healed":0.0,"max_hp_gain":5.0,"max_hp_loss":0.0,"gold_gain":0.0,"event_name":"Big Fish","player_choice":"Donut","floor":4.0,"gold_loss":0.0,"damage_taken":0.0},{"damage_healed":0.0,"max_hp_gain":0.0,"max_hp_loss":6.0,"gold_gain":0.0,"event_name":"Golden Idol","player_choice":"Lose Max HP","floor":5.0,"gold_loss":0.0,"damage_taken":0.0,"relics_obtained":["Golden Idol"]},{"damage_healed":0.0,"max_hp_gain":0.0,"max_hp_loss":0.0,"gold_gain":0.0,"event_name":"Scrap Ooze","player_choice":"Success","floor":7.0,"gold_loss":0.0,"damage_taken":26.0,"relics_obtained":["Gremlin Horn"]},{"cards_removed":["Strike_G"],"damage_healed":0.0,"max_hp_gain":0.0,"max_hp_loss":0.0,"gold_gain":0.0,"event_name":"Living Wall","player_choice":"Forget","floor":12.0,"gold_loss":0.0,"damage_taken":0.0},{"damage_healed":0,"gold_gain":0,"player_choice":"Ignored","damage_taken":0,"max_hp_gain":0,"max_hp_loss":0,"event_name":"Vampires","floor":19,"gold_loss":0}],"is_beta":false,"boss_relics":[{"not_picked":["Calling Bell","Tiny House"],"picked":"Coffee Dripper"}],"items_purged_floors":[3,22],"is_endless":false,"potions_floor_spawned":[2,8,11,21],"killed_by":"Shelled Parasite and Fungi","ascension_level":20}