{"gold_per_floor":[113,38,50,50,76,110,110,138,138,138,155,172,72,87,87,164,164,177,192,192,211,118,118,149,149,149,167,185,185,199,227,227,301,301,321,196,251,251,101,101,101,125,149,149,168,194,19,34,34,34,34,34,34,34,34],"floor_reached":55,"playtime":2520,"items_purged":["Strike_B","Defend_B","Defend_B","Defend_B","Decay"],"score":2086,"play_id":"8c03cefb-4024-40d7-b2dc-b81a9beb7084","local_time":"20181119190933","is_ascension_mode":true,"campfire_choices":[{"data":"Zap","floor":7.0,"key":"SMITH"},{"data":"Hologram","floor":10.0,"key":"SMITH"},{"data":"Dualcast","floor":15.0,"key":"SMITH"},{"data":"Loop","floor":23.0,"key":"SMITH"},{"data":"Coolheaded","floor":25.0,"key":"SMITH"},{"floor":32.0,"key":"REST"},{"data":"Seek","floor":40.0,"key":"SMITH"},{"data":"Turbo","floor":44.0,"key":"SMITH"},{"floor":49.0,"key":"RECALL"},{"floor":53,"key":"REST"}],"neow_cost":"NONE","seed_source_timestamp":1668667727964046,"circlet_count":0,"master_deck":["AscendersBane","Zap+1","Dualcast+1","Hologram+1","Coolheaded+1","Echo Form","Glacier+1","Defragment+1","Gash+1","Turbo+1","Loop+1","Core Surge","Seek+1","Decay"],"special_seed":0,"relics":["Cracked Core","NeowsBlessing","DataDisk","Bag of Preparation","Dream Catcher","Symbiotic Virus","Astrolabe","Cables","Boot","Mercury Hourglass","Bottled Flame","Cursed Key","Turnip","Art of War","FossilizedHelix"],"potions_floor_usage":[],"damage_taken":[{"damage":0.0,"enemies":"Jaw Worm","floor":1.0,"turns":1.0},{"damage":0.0,"enemies":"Cultist","floor":3.0,"turns":1.0},{"damage":0.0,"enemies":"Gremlin Nob","floor":6.0,"turns":1.0},{"damage":26.0,"enemies":"Lagavulin","floor":8.0,"turns":7.0},{"damage":0.0,"enemies":"2 Louse","floor":11.0,"turns":2.0},{"damage":3.0,"enemies":"Red Slaver","floor":12.0,"turns":3.0},{"damage":0.0,"enemies":"3 Louse","floor":14.0,"turns":3.0},{"damage":30.0,"enemies":"Slime Boss","floor":16.0,"turns":6.0},{"damage":2.0,"enemies":"Shell Parasite","floor":18.0,"turns":6.0},{"damage":17.0,"enemies":"2 Thieves","floor":19.0,"turns":4.0},{"damage":13.0,"enemies":"Centurion and Healer","floor":21.0,"turns":7.0},{"damage":27.0,"enemies":"Slavers","floor":24.0,"turns":7.0},{"damage":0.0,"enemies":"Sentry and Sphere","floor":27.0,"turns":6.0},{"damage":0.0,"enemies":"Snake Plant","floor":28.0,"turns":3.0},{"damage":6.0,"enemies":"Chosen and Byrds","floor":30.0,"turns":4.0},{"damage":1.0,"enemies":"Book of Stabbing","floor":31.0,"turns":5.0},{"damage":0.0,"enemies":"Champ","floor":33.0,"turns":13.0},{"damage":8.0,"enemies":"3 Darklings","floor":35.0,"turns":3.0},{"damage":26.0,"enemies":"2 Orb Walkers","floor":37.0,"turns":8.0},{"damage":0.0,"enemies":"Orb Walker","floor":45.0,"turns":2.0},{"damage":0.0,"enemies":"Giant Head","floor":46.0,"turns":12.0},{"damage":3.0,"enemies":"Jaw Worm Horde","floor":48.0,"turns":5.0},{"damage":0.0,"enemies":"Time Eater","floor":50.0,"turns":17.0},{"damage":36,"enemies":"Awakened One","floor":51,"turns":17},{"damage":52,"enemies":"Shield and Spear","floor":55,"turns":8}],"seed_played":"7591891190646486216","potions_obtained":[{"floor":1.0,"key":"SkillPotion"},{"floor":6.0,"key":"SmokeBomb"},{"floor":8.0,"key":"LiquidBronze"},{"floor":12.0,"key":"AttackPotion"},{"floor":18.0,"key":"LiquidBronze"},{"floor":21.0,"key":"AttackPotion"},{"floor":24.0,"key":"FearPotion"},{"floor":30.0,"key":"EssenceOfSteel"},{"floor":35.0,"key":"AttackPotion"},{"floor":37.0,"key":"SpeedPotion"}],"is_trial":false,"path_per_floor":["M","$","M","?","T","E","R","E","T","R","M","M","$","M","R","B",null,"M","M","?","M","?","R","E","R","T","M","M","?","M","E","R","B",null,"M","$","?","?","$","R","?","T","T","R","M","E","$","M","R","B","B",null,"R","$","E"],"character_chosen":"DEFECT","items_purchased":[],"campfire_rested":2,"item_purchase_floors":[],"current_hp_per_floor":[64,64,64,64,64,64,64,38,38,38,38,35,35,35,35,5,55,53,36,71,58,58,58,31,31,31,31,31,31,25,24,45,45,65,57,57,31,31,31,31,58,58,58,58,58,58,58,55,55,55,19,48,58,58,6],"gold":34,"neow_bonus":"THREE_ENEMY_KILL","is_prod":false,"is_daily":false,"chose_seed":false,"campfire_upgraded":7,"win_rate":0,"timestamp":1542625773,"path_taken":["M","$","M","?","?","E","R","E","T","R","M","M","$","M","R","BOSS","M","M","?","?","?","R","E","R","T","?","M","?","M","E","R","BOSS","M","$","?","?","$","R","?","?","T","R","M","E","$","?","R","BOSS","BOSS","R","$","E"],"build_version":"2018-11-15","purchased_purges":5,"victory":false,"max_hp_per_floor":[71,71,71,71,71,71,71,71,71,71,71,71,71,71,71,71,71,71,71,71,71,71,71,71,71,71,71,71,71,71,71,71,71,71,71,71,71,71,71,71,58,58,58,58,58,58,58,58,58,58,58,58,58,58,58],"card_choices":[{"not_picked":["Static Discharge","Leap"],"picked":"Hologram","floor":1.0},{"not_picked":["Auto Shields","Static Discharge"],"picked":"Coolheaded","floor":3.0},{"not_picked":["Barrage","Gash","Scrape"],"picked":"SKIP","floor":6.0},{"not_picked":["Sweeping Beam","Coolheaded","Force Field"],"picked":"SKIP","floor":8.0},{"not_picked":["Hello World","Redo","Skim"],"picked":"SKIP","floor":11.0},{"not_picked":["Streamline","Turbo","Ball Lightning"],"picked":"SKIP","floor":12.0},{"not_picked":["Streamline","Turbo","Ball Lightning"],"picked":"SKIP","floor":12.0},{"not_picked":["Storm","Sweeping Beam","Streamline"],"picked":"SKIP","floor":14.0},{"not_picked":["Seek","Thunder Strike"],"picked":"Echo Form","floor":16.0},{"not_picked":["Scrape","Ball Lightning"],"picked":"Turbo","floor":18.0},{"not_picked":["Rebound","Consume","Turbo"],"picked":"SKIP","floor":19.0},{"not_picked":["Hologram","Melter"],"picked":"Loop","floor":21.0},{"not_picked":["Redo","Cold Snap","Turbo+1"],"picked":"SKIP","floor":24.0},{"not_picked":["Stack","Undo"],"picked":"Core Surge","floor":27.0},{"not_picked":["Heatsinks+1","Ball Lightning","Rip and Tear"],"picked":"SKIP","floor":28.0},{"not_picked":["White Noise+1","Conserve Battery","Go for the Eyes"],"picked":"SKIP","floor":30.0},{"not_picked":["Rebound","Gash","Lockon+1"],"picked":"SKIP","floor":31.0},{"not_picked":["Multi-Cast","Electrodynamics"],"picked":"Seek","floor":33.0},{"not_picked":["Compile Driver","Ball Lightning","Hologram"],"picked":"SKIP","floor":35.0},{"not_picked":["Streamline","Redo+1","Chaos+1"],"picked":"SKIP","floor":45.0},{"not_picked":["Go for the Eyes","Ball Lightning","Hologram"],"picked":"SKIP","floor":46.0},{"not_picked":["Scrape","Static Discharge","Compile Driver"],"picked":"SKIP","floor":48.0}],"player_experience":559761,"relics_obtained":[{"floor":5.0,"key":"DataDisk"},{"floor":6.0,"key":"Bag of Preparation"},{"floor":8.0,"key":"Dream Catcher"},{"floor":9.0,"key":"Symbiotic Virus"},{"floor":24.0,"key":"Boot"},{"floor":26.0,"key":"Mercury Hourglass"},{"floor":31.0,"key":"Bottled Flame"},{"floor":37.0,"key":"Turnip"},{"floor":42.0,"key":"Art of War"},{"floor":46.0,"key":"FossilizedHelix"}],"event_choices":[{"damage_healed":0.0,"max_hp_gain":0.0,"max_hp_loss":0.0,"gold_gain":0.0,"cards_transformed":["Strike_B"],"event_name":"Living Wall","player_choice":"Change","floor":4.0,"gold_loss":0.0,"damage_taken":0.0,"cards_obtained":["Double Energy"]},{"cards_removed":["Double Energy"],"damage_healed":35.0,"max_hp_gain":0.0,"max_hp_loss":0.0,"gold_gain":0.0,"event_name":"Bonfire Elementals","player_choice":"Offered Uncommon","floor":20.0,"gold_loss":0.0,"damage_taken":0.0},{"damage_healed":0.0,"max_hp_gain":0.0,"max_hp_loss":0.0,"gold_gain":0.0,"event_name":"WeMeetAgain","player_choice":"Paid Gold","floor":22.0,"gold_loss":93.0,"damage_taken":0.0,"relics_obtained":["Cables"]},{"damage_healed":0.0,"max_hp_gain":0.0,"max_hp_loss":0.0,"gold_gain":0.0,"event_name":"Vampires","player_choice":"Ignored","floor":29.0,"gold_loss":0.0,"damage_taken":0.0},{"damage_healed":0.0,"max_hp_gain":0.0,"max_hp_loss":0.0,"gold_gain":0.0,"event_name":"Mysterious Sphere","player_choice":"Fight","floor":37.0,"gold_loss":0.0,"damage_taken":0.0},{"damage_healed":0.0,"max_hp_gain":0.0,"max_hp_loss":0.0,"gold_gain":0.0,"event_name":"Tomb of Lord Red Mask","player_choice":"Ignored","floor":38.0,"gold_loss":0.0,"damage_taken":0.0},{"damage_healed":58.0,"max_hp_gain":0.0,"max_hp_loss":13.0,"gold_gain":0.0,"event_name":"The Moai Head","player_choice":"Heal","floor":41.0,"gold_loss":0.0,"damage_taken":0.0}],"is_beta":true,"boss_relics":[{"not_picked":["Busted Crown","Eternal Feather"],"picked":"Astrolabe"},{"not_picked":["FrozenCore","Velvet Choker"],"picked":"Cursed Key"}],"items_purged_floors":[2,13,36,39,47],"is_endless":false,"potions_floor_spawned":[1,6,8,12,18,21,24,28,30,35,37,46],"killed_by":"Shield and Spear","ascension_level":20}