{"gold_per_floor":[109,51,51,51,51,84,99,115,115,115],"floor_reached":10,"playtime":91,"items_purged":[],"score":182,"play_id":"3a2c2263-b2cd-403a-b19b-295837ae6a16","local_time":"20190130173526","is_ascension_mode":true,"campfire_choices":[],"neow_cost":"NONE","seed_source_timestamp":29977328664314,"circlet_count":0,"master_deck":["AscendersBane","Defend_G","Defend_G","Defend_G","Defend_G","Defend_G","Strike_G","Strike_G","Strike_G","Strike_G","Strike_G","Survivor","Neutralize","Masterful Stab","Acrobatics","All Out Attack","Regret"],"relics":["Ring of the Snake","NeowsBlessing","Golden Idol","Meat on the Bone","Anchor","Pear"],"potions_floor_usage":[],"damage_taken":[{"damage":0,"enemies":"Cultist","floor":1,"turns":1},{"damage":0,"enemies":"Gremlin Nob","floor":6,"turns":1},{"damage":0,"enemies":"Small Slimes","floor":7,"turns":1},{"damage":0,"enemies":"2 Louse","floor":8,"turns":2}],"seed_played":"6454471232042064397","potions_obtained":[{"floor":7,"key":"Weak Potion"}],"is_trial":false,"path_per_floor":["M","$","$","?","?","E","M","M","T","?"],"character_chosen":"THE_SILENT","items_purchased":["Acrobatics"],"campfire_rested":0,"item_purchase_floors":[2],"current_hp_per_floor":[59,59,59,59,59,59,59,59,59,69],"gold":115,"neow_bonus":"THREE_ENEMY_KILL","is_prod":false,"is_daily":false,"chose_seed":false,"campfire_upgraded":0,"win_rate":0,"timestamp":1548840926,"path_taken":["M","?","$","?","?","E","M","M","T","?"],"build_version":"2019-01-23","purchased_purges":0,"victory":false,"max_hp_per_floor":[66,66,66,66,60,60,60,60,60,70],"card_choices":[{"not_picked":["Sucker Punch","Finisher"],"picked":"Masterful Stab","floor":1},{"not_picked":["Riddle With Holes","Deadly Poison"],"picked":"All Out Attack","floor":6},{"not_picked":["Setup","Flying Knee","Sucker Punch"],"picked":"SKIP","floor":7},{"not_picked":["Slice","Quick Slash","Deadly Poison"],"picked":"SKIP","floor":8},{"not_picked":["Slice","Quick Slash","Deadly Poison"],"picked":"SKIP","floor":8}],"player_experience":1390938,"relics_obtained":[{"floor":6,"key":"Meat on the Bone"},{"floor":9,"key":"Anchor"}],"event_choices":[{"damage_healed":0,"gold_gain":0,"player_choice":"Ignored","damage_taken":0,"max_hp_gain":0,"max_hp_loss":0,"event_name":"Liars Game","floor":4,"gold_loss":0},{"damage_healed":0,"gold_gain":0,"player_choice":"Lose Max HP","damage_taken":0,"relics_obtained":["Golden Idol"],"max_hp_gain":0,"max_hp_loss":6,"event_name":"Golden Idol","floor":5,"gold_loss":0},{"damage_healed":0,"gold_gain":0,"player_choice":"Box","damage_taken":0,"relics_obtained":["Pear"],"max_hp_gain":0,"max_hp_loss":0,"event_name":"Big Fish","floor":10,"gold_loss":0,"cards_obtained":["Regret"]}],"is_beta":true,"boss_relics":[],"items_purged_floors":[],"is_endless":false,"potions_floor_spawned":[7],"ascension_level":20}