{"gold_per_floor":[119,133,208,208,208,208,241,257,257,357,367,382,392,392],"floor_reached":14,"playtime":381,"items_purged":[],"score":234,"play_id":"3e668581-1c42-4cb8-aff4-7540af885113","local_time":"20181119181805","is_ascension_mode":true,"campfire_choices":[{"data":"Zap","floor":6.0,"key":"SMITH"}],"neow_cost":"NONE","seed_source_timestamp":1668233102406348,"circlet_count":0,"master_deck":["AscendersBane","Strike_B","Strike_B","Strike_B","Defend_B","Defend_B","Defend_B","Defend_B","Zap+1","Dualcast","Glacier","Creative AI","Chill","Consume","Ball Lightning"],"special_seed":0,"relics":["Cracked Core","NeowsBlessing","Bottled Lightning"],"potions_floor_usage":[14],"damage_taken":[{"damage":0.0,"enemies":"Small Slimes","floor":1.0,"turns":1.0},{"damage":0.0,"enemies":"2 Louse","floor":2.0,"turns":1.0},{"damage":0.0,"enemies":"Lagavulin","floor":7.0,"turns":1.0},{"damage":0,"enemies":"Cultist","floor":8,"turns":4},{"damage":19,"enemies":"3 Louse","floor":11,"turns":4},{"damage":10,"enemies":"Gremlin Gang","floor":12,"turns":6},{"damage":5,"enemies":"Exordium Thugs","floor":13,"turns":5},{"damage":15,"enemies":"3 Sentries","floor":14,"turns":5}],"seed_played":"9130481266195743832","potions_obtained":[{"floor":2.0,"key":"Weak Potion"},{"floor":7,"key":"Energy Potion"},{"floor":12,"key":"Dexterity Potion"}],"is_trial":false,"path_per_floor":["M","M","?","?","?","R","E","E","M","T","?","M","M","M","E"],"character_chosen":"DEFECT","items_purchased":[],"campfire_rested":0,"item_purchase_floors":[],"current_hp_per_floor":[64,64,53,46,46,46,46,46,46,46,27,17,12,0],"gold":392,"neow_bonus":"THREE_ENEMY_KILL","is_prod":false,"is_daily":false,"chose_seed":false,"campfire_upgraded":1,"win_rate":0,"timestamp":1542622685,"path_taken":["M","M","?","?","?","R","E","?","T","?","M","M","M","E"],"build_version":"2018-11-15","purchased_purges":0,"victory":false,"max_hp_per_floor":[71,71,71,71,71,71,71,71,71,71,71,71,71,71],"card_choices":[{"not_picked":["Redo","Doom and Gloom","Hello World"],"picked":"SKIP","floor":1.0},{"not_picked":["Redo","Compile Driver"],"picked":"Glacier","floor":2.0},{"not_picked":["Beam Cell","Conserve Battery"],"picked":"Chill","floor":7},{"not_picked":["Steam","Redo"],"picked":"Consume","floor":8},{"not_picked":["Aggregate","Gash","Compile Driver"],"picked":"SKIP","floor":11},{"not_picked":["Tempest","Coolheaded"],"picked":"Ball Lightning","floor":12},{"not_picked":["Conserve Battery","Redo","All For One"],"picked":"SKIP","floor":13}],"player_experience":559380,"relics_obtained":[{"floor":7,"key":"Bottled Lightning"}],"event_choices":[{"damage_healed":0.0,"max_hp_gain":0.0,"max_hp_loss":0.0,"gold_gain":75.0,"event_name":"World of Goop","player_choice":"Gather Gold","floor":3.0,"gold_loss":0.0,"damage_taken":11.0},{"cards_removed":["Strike_B"],"damage_healed":0.0,"max_hp_gain":0.0,"max_hp_loss":0.0,"gold_gain":0.0,"event_name":"Golden Wing","player_choice":"Card Removal","floor":4.0,"gold_loss":0.0,"damage_taken":7.0},{"damage_healed":0.0,"max_hp_gain":0.0,"max_hp_loss":0.0,"gold_gain":0.0,"event_name":"Match and Keep!","player_choice":"1 cards matched","floor":5.0,"gold_loss":0.0,"damage_taken":0.0,"cards_obtained":["Creative AI"]},{"damage_healed":0,"gold_gain":100,"player_choice":"Gold","damage_taken":0,"max_hp_gain":0,"max_hp_loss":0,"event_name":"Wheel of Change","floor":10,"gold_loss":0}],"is_beta":true,"boss_relics":[],"items_purged_floors":[],"is_endless":false,"potions_floor_spawned":[2,7,11,12],"killed_by":"3 Sentries","ascension_level":20}