{"gold_per_floor":[119,44,44,44,8,8,43,43,43,84,84,84,107,131,131,230,230,255,48,72,72,82,82,101,117,142,142,142,142,161,178,178,250,250,260,260,260,170,45,80,80,93,118,150,250,262,112,127,127,127,127,127,127,161,161],"floor_reached":56,"playtime":2442,"items_purged":["Strike_B","Defend_B","Strike_B","Defend_B"],"score":2123,"play_id":"bf8c9438-847c-41f1-a34a-87278d8764e8","local_time":"20181215222016","is_ascension_mode":true,"campfire_choices":[{"data":"Defragment","floor":6.0,"key":"SMITH"},{"data":"Capacitor","floor":8.0,"key":"SMITH"},{"data":"Defragment","floor":11.0,"key":"SMITH"},{"data":"Buffer","floor":15.0,"key":"SMITH"},{"data":"Defragment","floor":23.0,"key":"SMITH"},{"data":"Loop","floor":29.0,"key":"SMITH"},{"data":"Biased Cognition","floor":32.0,"key":"SMITH"},{"data":"Coolheaded","floor":41.0,"key":"SMITH"},{"floor":49.0,"key":"RECALL"},{"data":"Defragment","floor":52.0,"key":"SMITH"}],"neow_cost":"NONE","seed_source_timestamp":6395071841712,"circlet_count":0,"master_deck":["AscendersBane","Strike_B+1","Defend_B","Zap","Dualcast","Defragment+1","Conserve Battery","Ball Lightning","Ball Lightning","Defragment+1","Fission+1","Capacitor+1","Defragment+1","Leap","Buffer+1","Biased Cognition+1","Ball Lightning","Chill","Loop+1","Defragment+1","Self Repair","Force Field","Seek","Coolheaded+1","Cold Snap","Cold Snap","Fission","Cold Snap","Madness","Madness","Self Repair","Coolheaded","Defragment+1","Electrodynamics","Reinforced Body+1"],"special_seed":0,"relics":["Orrery","Bloody Idol","Blood Vial","Pear","Strawberry","Inserter","Runic Dome","Mercury Hourglass","Potion Belt","Toxic Egg 2","Peace Pipe","Dodecahedron"],"potions_floor_usage":[54,55,55,55,55,55],"damage_taken":[{"damage":10.0,"enemies":"Small Slimes","floor":1.0,"turns":3.0},{"damage":10.0,"enemies":"Lagavulin","floor":7.0,"turns":5.0},{"damage":31.0,"enemies":"Gremlin Nob","floor":10.0,"turns":4.0},{"damage":0.0,"enemies":"Jaw Worm","floor":13.0,"turns":3.0},{"damage":0.0,"enemies":"2 Louse","floor":14.0,"turns":3.0},{"damage":0.0,"enemies":"Slime Boss","floor":16.0,"turns":6.0},{"damage":7.0,"enemies":"Chosen","floor":18.0,"turns":5.0},{"damage":34.0,"enemies":"3 Byrds","floor":20.0,"turns":5.0},{"damage":6.0,"enemies":"Centurion and Healer","floor":22.0,"turns":6.0},{"damage":0.0,"enemies":"Snecko","floor":24.0,"turns":4.0},{"damage":22.0,"enemies":"Sentry and Sphere","floor":25.0,"turns":5.0},{"damage":6.0,"enemies":"Centurion and Healer","floor":30.0,"turns":7.0},{"damage":8.0,"enemies":"Snake Plant","floor":31.0,"turns":5.0},{"damage":0.0,"enemies":"Champ","floor":33.0,"turns":12.0},{"damage":3.0,"enemies":"Orb Walker","floor":35.0,"turns":5.0},{"damage":8.0,"enemies":"Nemesis","floor":40.0,"turns":9.0},{"damage":16.0,"enemies":"3 Darklings","floor":42.0,"turns":8.0},{"damage":0.0,"enemies":"Giant Head","floor":44.0,"turns":16.0},{"damage":0.0,"enemies":"Mind Bloom Boss Battle","floor":45.0,"turns":7.0},{"damage":29.0,"enemies":"Transient","floor":46.0,"turns":5.0},{"damage":0.0,"enemies":"Sphere and 2 Shapes","floor":48.0,"turns":4.0},{"damage":39.0,"enemies":"Awakened One","floor":50.0,"turns":23.0},{"damage":48,"enemies":"Shield and Spear","floor":54,"turns":8},{"damage":39,"enemies":"The Heart","floor":55,"turns":12}],"seed_played":"2446044540410536925","potions_obtained":[{"floor":1.0,"key":"Weak Potion"},{"floor":7.0,"key":"AttackPotion"},{"floor":20.0,"key":"SneckoOil"},{"floor":22.0,"key":"Poison Potion"},{"floor":25.0,"key":"SpeedPotion"},{"floor":30.0,"key":"Weak Potion"},{"floor":44.0,"key":"Regen Potion"},{"floor":45.0,"key":"EntropicBrew"},{"floor":48.0,"key":"Ancient Potion"}],"is_trial":false,"path_per_floor":["M","$","?","?","$","R","E","R","T","E","R","?","M","M","R","B",null,"M","$","M","?","M","R","M","M","T","?","?","R","M","M","R","B",null,"M","?","?","?","$","E","R","M","T","E","?","M","$","M","R","B",null,"R","$","E","B",null],"character_chosen":"DEFECT","items_purchased":["Capacitor","Chill","Loop"],"campfire_rested":0,"item_purchase_floors":[5,19,19],"current_hp_per_floor":[54,54,54,41,41,41,31,31,41,19,19,12,14,16,16,18,67,62,62,30,30,31,31,45,37,42,42,42,42,50,56,56,70,80,83,73,73,73,73,79,79,83,83,83,83,73,73,83,83,58,77,77,77,64,41],"gold":161,"neow_bonus":"BOSS_RELIC","is_prod":false,"is_daily":false,"chose_seed":false,"campfire_upgraded":9,"win_rate":0,"timestamp":1544883616,"path_taken":["M","$","?","?","$","R","E","R","T","E","R","?","M","M","R","BOSS","M","$","M","?","M","R","M","M","T","?","?","R","?","M","R","BOSS","M","?","?","?","$","E","R","?","T","E","?","M","?","?","R","BOSS","R","$","E","BOSS"],"build_version":"2018-12-13","purchased_purges":4,"victory":true,"max_hp_per_floor":[71,71,66,66,66,66,66,66,76,83,83,83,83,83,83,83,83,83,83,83,83,83,83,83,83,83,83,83,83,83,83,83,83,83,83,83,83,83,83,83,83,83,83,83,83,83,83,83,83,83,83,83,83,83,83],"card_choices":[{"not_picked":["Melter","Ball Lightning"],"picked":"Defragment","floor":0.0},{"not_picked":["Rebound","Barrage"],"picked":"Conserve Battery","floor":0.0},{"not_picked":["Sweeping Beam","Streamline"],"picked":"Ball Lightning","floor":0.0},{"not_picked":["Conserve Battery","FTL"],"picked":"Ball Lightning","floor":0.0},{"not_picked":["Beam Cell","Cold Snap"],"picked":"Defragment","floor":0.0},{"not_picked":["Steam","Redo"],"picked":"Fission","floor":1.0},{"not_picked":["Go for the Eyes","Chaos","Turbo"],"picked":"SKIP","floor":7.0},{"not_picked":["Gash","Streamline"],"picked":"Defragment","floor":10.0},{"not_picked":["Sweeping Beam","Hologram"],"picked":"Leap","floor":13.0},{"not_picked":["Go for the Eyes","Steam"],"picked":"Buffer","floor":14.0},{"not_picked":["Meteor Strike","Rainbow"],"picked":"Biased Cognition","floor":16.0},{"not_picked":["Streamline","Gash+1"],"picked":"Ball Lightning","floor":18.0},{"not_picked":["Storm","Coolheaded"],"picked":"Defragment","floor":20.0},{"not_picked":["Conserve Battery","Sweeping Beam"],"picked":"Self Repair","floor":22.0},{"not_picked":["Go for the Eyes","Stack"],"picked":"Force Field","floor":24.0},{"not_picked":["Hello World","Ball Lightning"],"picked":"Seek","floor":25.0},{"not_picked":["Tempest","Blizzard"],"picked":"Cold Snap","floor":30.0},{"not_picked":["Barrage","Turbo"],"picked":"Cold Snap","floor":31.0},{"not_picked":["Creative AI","Multi-Cast"],"picked":"Fission","floor":33.0},{"not_picked":["Genetic Algorithm+1","Gash+1"],"picked":"Cold Snap","floor":35.0},{"not_picked":["Multi-Cast","BootSequence+1"],"picked":"Self Repair","floor":40.0},{"not_picked":["Skim","Redo+1"],"picked":"Coolheaded","floor":42.0},{"not_picked":["Melter","Redo"],"picked":"Defragment","floor":44.0},{"not_picked":["Compile Driver","Beam Cell+1"],"picked":"Electrodynamics","floor":46.0},{"not_picked":["Sweeping Beam","Reprogram+1","Gash"],"picked":"SKIP","floor":48.0},{"not_picked":["Beam Cell","Rebound"],"picked":"Reinforced Body+1","floor":54}],"player_experience":1273752,"relics_obtained":[{"floor":7.0,"key":"Blood Vial"},{"floor":9.0,"key":"Pear"},{"floor":10.0,"key":"Strawberry"},{"floor":40.0,"key":"Mercury Hourglass"},{"floor":43.0,"key":"Potion Belt"},{"floor":44.0,"key":"Toxic Egg 2"},{"floor":45.0,"key":"Peace Pipe"},{"floor":54,"key":"Dodecahedron"}],"event_choices":[{"damage_healed":0.0,"max_hp_gain":0.0,"max_hp_loss":5.0,"gold_gain":0.0,"event_name":"Golden Idol","player_choice":"Lose Max HP","floor":3.0,"gold_loss":0.0,"damage_taken":0.0,"relics_obtained":["Golden Idol"]},{"damage_healed":0.0,"max_hp_gain":0.0,"max_hp_loss":0.0,"gold_gain":0.0,"event_name":"Shining Light","player_choice":"Entered Light","floor":4.0,"gold_loss":0.0,"damage_taken":13.0,"cards_upgraded":["Defragment","Fission"]},{"cards_removed":["Strike_B"],"damage_healed":0.0,"max_hp_gain":0.0,"max_hp_loss":0.0,"gold_gain":0.0,"event_name":"Golden Wing","player_choice":"Card Removal","floor":12.0,"gold_loss":0.0,"damage_taken":7.0},{"damage_healed":0.0,"max_hp_gain":0.0,"max_hp_loss":0.0,"gold_gain":0.0,"event_name":"Forgotten Altar","player_choice":"Gave Idol","floor":21.0,"relics_lost":["Golden Idol"],"gold_loss":0.0,"damage_taken":0.0,"relics_obtained":["Bloody Idol"]},{"damage_healed":0.0,"max_hp_gain":0.0,"max_hp_loss":0.0,"gold_gain":0.0,"event_name":"The Library","player_choice":"Read","floor":27.0,"gold_loss":0.0,"damage_taken":0.0,"cards_obtained":["Coolheaded"]},{"damage_healed":0.0,"max_hp_gain":0.0,"max_hp_loss":0.0,"gold_gain":0.0,"event_name":"Vampires","player_choice":"Ignored","floor":28.0,"gold_loss":0.0,"damage_taken":0.0},{"damage_healed":0.0,"max_hp_gain":0.0,"max_hp_loss":0.0,"gold_gain":0.0,"event_name":"Winding Halls","player_choice":"Embrace Madness","floor":36.0,"gold_loss":0.0,"damage_taken":10.0,"cards_obtained":["Madness","Madness"]},{"damage_healed":0.0,"max_hp_gain":0.0,"max_hp_loss":0.0,"gold_gain":0.0,"event_name":"Tomb of Lord Red Mask","player_choice":"Ignored","floor":37.0,"gold_loss":0.0,"damage_taken":0.0},{"cards_removed":["Defend_B"],"damage_healed":0.0,"max_hp_gain":0.0,"max_hp_loss":0.0,"gold_gain":0.0,"event_name":"Designer","player_choice":"Upgrade and Remove","floor":38.0,"gold_loss":90.0,"damage_taken":0.0,"cards_upgraded":["Strike_B"]},{"damage_healed":0.0,"max_hp_gain":0.0,"max_hp_loss":0.0,"gold_gain":0.0,"event_name":"MindBloom","player_choice":"Fight","floor":45.0,"gold_loss":0.0,"damage_taken":0.0}],"is_beta":false,"boss_relics":[{"not_picked":["Nuclear Battery","Philosopher\u0027s Stone"],"picked":"Inserter"},{"not_picked":["Empty Cage","Calling Bell"],"picked":"Runic Dome"}],"items_purged_floors":[2,19,39,47],"is_endless":false,"potions_floor_spawned":[1,7,20,22,25,30,42,44,45,48],"ascension_level":14}