{"gold_per_floor":[112,112,130,130,130,130,142,153,153,164,239,258,258,270,270,347,347,365,290,307,153,164,164,164,164,164,164,164,164,178,78,78,155,205,225,225,241,60,60],"floor_reached":39,"playtime":1277,"items_purged":["Strike_B","Defend_B+1","Defend_B+1"],"score":842,"play_id":"95763d0c-543e-40f5-8dff-6d21da3c0a17","local_time":"20190202174724","is_ascension_mode":true,"campfire_choices":[{"data":"Streamline","floor":6.0,"key":"SMITH"},{"data":"Dualcast","floor":13.0,"key":"SMITH"},{"data":"Zap","floor":15.0,"key":"SMITH"},{"data":"Coolheaded","floor":23.0,"key":"SMITH"},{"data":"Creative AI","floor":25.0,"key":"SMITH"},{"data":"Loop","floor":28.0,"key":"SMITH"},{"data":"Self Repair","floor":32.0,"key":"SMITH"}],"neow_cost":"NONE","seed_source_timestamp":18298220243689,"circlet_count":0,"master_deck":["AscendersBane","Zap+1","Dualcast+1","Streamline+1","Undo","Coolheaded+1","Self Repair+1","Ball Lightning","Electrodynamics","Echo Form","Creative AI+1","Loop+1","Undo","Seek+1","Chaos+1","AscendersBane"],"special_seed":0,"relics":["Cracked Core","Shuriken","Runic Dome","Tiny House"],"potions_floor_usage":[37,39,39],"damage_taken":[{"damage":10.0,"enemies":"2 Louse","floor":1.0,"turns":3.0},{"damage":7.0,"enemies":"Small Slimes","floor":3.0,"turns":3.0},{"damage":0.0,"enemies":"Jaw Worm","floor":7.0,"turns":2.0},{"damage":0.0,"enemies":"2 Fungi Beasts","floor":8.0,"turns":3.0},{"damage":0.0,"enemies":"Looter","floor":10.0,"turns":4.0},{"damage":0.0,"enemies":"Large Slime","floor":12.0,"turns":5.0},{"damage":0.0,"enemies":"2 Fungi Beasts","floor":14.0,"turns":4.0},{"damage":0.0,"enemies":"The Guardian","floor":16.0,"turns":12.0},{"damage":0.0,"enemies":"Spheric Guardian","floor":18.0,"turns":3.0},{"damage":10.0,"enemies":"Chosen","floor":20.0,"turns":4.0},{"damage":10.0,"enemies":"3 Cultists","floor":22.0,"turns":3.0},{"damage":19.0,"enemies":"Centurion and Healer","floor":30.0,"turns":4.0},{"damage":25.0,"enemies":"Collector","floor":33.0,"turns":8.0},{"damage":6,"enemies":"Orb Walker","floor":35,"turns":4},{"damage":37,"enemies":"3 Darklings","floor":37,"turns":5},{"damage":47,"enemies":"Transient","floor":39,"turns":6}],"seed_played":"4425832034335425383","potions_obtained":[{"floor":10.0,"key":"SpeedPotion"},{"floor":12.0,"key":"SteroidPotion"},{"floor":16.0,"key":"LiquidBronze"},{"floor":29.0,"key":"Block Potion"},{"floor":29.0,"key":"GamblersBrew"}],"is_trial":false,"path_per_floor":["M","?","M","?","?","R","M","M","T","M","?","M","R","M","R","B",null,"M","?","M","$","M","R","?","R","T","?","R","?","M","$","R","B",null,"M","?","M","$","M"],"character_chosen":"DEFECT","items_purchased":["Creative AI","SpeedPotion"],"campfire_rested":0,"item_purchase_floors":[21,38],"current_hp_per_floor":[54,47,40,40,19,19,19,19,19,26,15,15,15,22,22,29,61,68,68,65,65,62,62,62,62,62,62,62,62,57,57,57,42,69,73,73,46,46,0],"gold":60,"neow_bonus":"REMOVE_CARD","is_prod":false,"is_daily":false,"chose_seed":false,"campfire_upgraded":7,"win_rate":0,"timestamp":1549100844,"path_taken":["M","?","M","?","?","R","M","M","T","M","?","?","R","M","R","BOSS","M","?","M","$","M","R","?","R","T","?","R","?","?","$","R","BOSS","M","?","M","$","M"],"build_version":"2019-01-23","purchased_purges":3,"victory":false,"max_hp_per_floor":[71,71,71,71,71,71,71,71,71,71,71,71,71,71,71,71,71,71,71,71,71,71,71,71,71,71,71,71,71,71,71,71,71,76,76,76,76,76,76],"card_choices":[{"not_picked":["Redo","Coolheaded"],"picked":"Streamline","floor":1.0},{"not_picked":["Steam Power","Barrage","Streamline"],"picked":"SKIP","floor":3.0},{"not_picked":["Skim","Conserve Battery"],"picked":"Coolheaded","floor":7.0},{"not_picked":["Auto Shields","Redo"],"picked":"Self Repair","floor":8.0},{"not_picked":["Stack","Compile Driver"],"picked":"Ball Lightning","floor":10.0},{"not_picked":["Aggregate","Rebound","Stack"],"picked":"SKIP","floor":12.0},{"not_picked":["Tempest","Capacitor"],"picked":"Electrodynamics","floor":14.0},{"not_picked":["Reboot","All For One"],"picked":"Echo Form","floor":16.0},{"not_picked":["Go for the Eyes","Rebound","Fusion"],"picked":"SKIP","floor":18.0},{"not_picked":["Sunder","Cold Snap","Go for the Eyes"],"picked":"SKIP","floor":20.0},{"not_picked":["Beam Cell","Rebound","Steam"],"picked":"SKIP","floor":22.0},{"not_picked":["Rebound","Storm"],"picked":"Undo","floor":30.0},{"not_picked":["Thunder Strike","Creative AI"],"picked":"Seek","floor":33.0},{"not_picked":["Rebound+1","Skim"],"picked":"Chaos+1","floor":34},{"not_picked":["Lockon","Cold Snap","Tempest"],"picked":"SKIP","floor":35},{"not_picked":["Barrage+1","Static Discharge+1","Rip and Tear+1"],"picked":"SKIP","floor":37}],"player_experience":2460963,"relics_obtained":[{"floor":9.0,"key":"Shuriken"}],"event_choices":[{"cards_removed":["Strike_B"],"damage_healed":0.0,"max_hp_gain":0.0,"max_hp_loss":0.0,"gold_gain":0.0,"event_name":"Golden Wing","player_choice":"Card Removal","floor":2.0,"gold_loss":0.0,"damage_taken":7.0},{"damage_healed":0.0,"max_hp_gain":0.0,"max_hp_loss":0.0,"gold_gain":0.0,"cards_transformed":["Strike_B"],"event_name":"Living Wall","player_choice":"Change","floor":4.0,"gold_loss":0.0,"damage_taken":0.0,"cards_obtained":["Undo"]},{"damage_healed":0.0,"max_hp_gain":0.0,"max_hp_loss":0.0,"gold_gain":0.0,"event_name":"Shining Light","player_choice":"Entered Light","floor":5.0,"gold_loss":0.0,"damage_taken":21.0,"cards_upgraded":["Defend_B","Defend_B"]},{"damage_healed":0.0,"max_hp_gain":0.0,"max_hp_loss":0.0,"gold_gain":75.0,"event_name":"World of Goop","player_choice":"Gather Gold","floor":11.0,"gold_loss":0.0,"damage_taken":11.0},{"cards_removed":["Defend_B"],"damage_healed":0.0,"max_hp_gain":0.0,"max_hp_loss":0.0,"gold_gain":0.0,"event_name":"Beggar","player_choice":"Gave Gold","floor":19.0,"gold_loss":75.0,"damage_taken":0.0},{"cards_removed":["Defend_B"],"damage_healed":0.0,"max_hp_gain":0.0,"max_hp_loss":0.0,"gold_gain":0.0,"event_name":"Back to Basics","player_choice":"Elegance","floor":24.0,"gold_loss":0.0,"damage_taken":0.0},{"damage_healed":0.0,"max_hp_gain":0.0,"max_hp_loss":0.0,"gold_gain":0.0,"event_name":"The Library","player_choice":"Read","floor":27.0,"gold_loss":0.0,"damage_taken":0.0,"cards_obtained":["Loop"]},{"damage_healed":0.0,"max_hp_gain":0.0,"max_hp_loss":0.0,"gold_gain":0.0,"event_name":"Lab","player_choice":"Got Potions","floor":29.0,"gold_loss":0.0,"damage_taken":0.0},{"damage_healed":0,"gold_gain":0,"player_choice":"Copied","damage_taken":0,"max_hp_gain":0,"max_hp_loss":0,"event_name":"Duplicator","floor":36,"gold_loss":0,"cards_obtained":["AscendersBane"]}],"is_beta":false,"boss_relics":[{"not_picked":["Pandora\u0027s Box","Orrery"],"picked":"Runic Dome"},{"not_picked":["Astrolabe","White Beast Statue"],"picked":"Tiny House"}],"items_purged_floors":[21,31,38],"is_endless":false,"potions_floor_spawned":[10,12,16,20,22,30,35],"killed_by":"Transient","ascension_level":20}