{"gold_per_floor":[112,125,125,138,55,55,55,55,55,91,137,137],"floor_reached":12,"playtime":135,"items_purged":[],"score":76,"play_id":"221fff31-a143-4069-91c3-307764225344","local_time":"20181104201941","is_ascension_mode":false,"campfire_choices":[{"data":"True Grit","floor":6,"key":"SMITH"},{"data":"Power Through","floor":8,"key":"SMITH"}],"neow_cost":"NONE","seed_source_timestamp":379805612953421,"circlet_count":0,"master_deck":["Strike_R","Strike_R","Strike_R","Strike_R","Strike_R","Defend_R","Defend_R","Defend_R","Defend_R","Bash","Power Through+1","Whirlwind","Evolve","True Grit+1","Perfected Strike"],"relics":["Burning Blood","NeowsBlessing","Golden Idol","The Courier","Smiling Mask","Bag of Preparation"],"potions_floor_usage":[],"damage_taken":[{"damage":0,"enemies":"2 Louse","floor":1,"turns":1},{"damage":0,"enemies":"Jaw Worm","floor":2,"turns":1},{"damage":0,"enemies":"Cultist","floor":4,"turns":1},{"damage":27,"enemies":"3 Sentries","floor":10,"turns":6},{"damage":0,"enemies":"Looter","floor":12,"turns":1}],"seed_played":"-2992419002431671028","potions_obtained":[{"floor":2,"key":"Block Potion"},{"floor":10,"key":"EssenceOfSteel"}],"is_trial":false,"path_per_floor":["M","M","?","M","$","R","?","R","T","E","T","M"],"character_chosen":"IRONCLAD","items_purchased":["Evolve","True Grit"],"campfire_rested":0,"item_purchase_floors":[5,5],"current_hp_per_floor":[80,80,60,66,66,66,66,66,66,45,45,45],"gold":137,"neow_bonus":"THREE_ENEMY_KILL","is_prod":false,"is_daily":false,"chose_seed":false,"campfire_upgraded":2,"win_rate":0,"timestamp":1541333981,"path_taken":["M","M","?","M","$","R","?","R","T","E","?","?"],"build_version":"2018-11-02","purchased_purges":0,"victory":false,"max_hp_per_floor":[80,80,80,80,80,80,80,80,80,80,80,80],"card_choices":[{"not_picked":["Clothesline","Dropkick","Havoc"],"picked":"SKIP","floor":1},{"not_picked":["Shrug It Off","True Grit"],"picked":"Power Through","floor":2},{"not_picked":["Bloodletting","Ghostly Armor"],"picked":"Whirlwind","floor":4},{"not_picked":["Dropkick","Headbutt"],"picked":"Perfected Strike","floor":10}],"player_experience":440915,"relics_obtained":[{"floor":9,"key":"The Courier"},{"floor":10,"key":"Smiling Mask"},{"floor":11,"key":"Bag of Preparation"}],"event_choices":[{"damage_healed":0,"gold_gain":0,"player_choice":"Take Damage","damage_taken":20,"relics_obtained":["Golden Idol"],"max_hp_gain":0,"max_hp_loss":0,"event_name":"Golden Idol","floor":3,"gold_loss":0},{"damage_healed":0,"gold_gain":0,"player_choice":"Ignored","damage_taken":0,"max_hp_gain":0,"max_hp_loss":0,"event_name":"Liars Game","floor":7,"gold_loss":0}],"is_beta":true,"boss_relics":[],"items_purged_floors":[],"is_endless":false,"potions_floor_spawned":[2,10],"killed_by":"Looter","ascension_level":0}