{"gold_per_floor":[112,112,112,133,133,166,166,190,190,190,230,230],"floor_reached":12,"playtime":198,"items_purged":[],"score":222,"play_id":"8ab7400e-e847-4002-b515-74d23f99532c","local_time":"20181120161020","is_ascension_mode":true,"campfire_choices":[{"data":"Zap","floor":7,"key":"SMITH"},{"data":"Loop","floor":10,"key":"SMITH"}],"neow_cost":"NONE","seed_source_timestamp":1747194821991194,"circlet_count":0,"master_deck":["AscendersBane","Strike_B","Strike_B","Defend_B","Defend_B","Defend_B","Defend_B","Zap+1","Dualcast","Loop+1","Loop","Thunder Strike"],"relics":["Cracked Core","NeowsBlessing","Golden Idol","Emotion Chip","Nunchaku","Matryoshka"],"potions_floor_usage":[],"damage_taken":[{"damage":0,"enemies":"2 Louse","floor":1,"turns":1},{"damage":0,"enemies":"Cultist","floor":4,"turns":1},{"damage":0,"enemies":"Lagavulin","floor":6,"turns":1},{"damage":4,"enemies":"Jaw Worm","floor":8,"turns":4},{"damage":40,"enemies":"3 Sentries","floor":11,"turns":7},{"damage":0,"enemies":"Looter","floor":12,"turns":1}],"seed_played":"-2942609432692053490","potions_obtained":[{"floor":4,"key":"PowerPotion"},{"floor":11,"key":"Energy Potion"}],"is_trial":false,"path_per_floor":["M","?","?","M","?","E","R","M","T","R","E","M"],"character_chosen":"DEFECT","items_purchased":[],"campfire_rested":0,"item_purchase_floors":[],"current_hp_per_floor":[64,64,64,64,57,57,57,53,53,53,13,13],"gold":230,"neow_bonus":"THREE_ENEMY_KILL","is_prod":false,"is_daily":false,"chose_seed":false,"campfire_upgraded":2,"win_rate":0,"timestamp":1542701420,"path_taken":["M","?","?","?","?","E","R","M","T","R","E","M"],"build_version":"2018-11-15","purchased_purges":0,"victory":false,"max_hp_per_floor":[71,64,64,64,64,64,64,64,64,64,64,64],"card_choices":[{"not_picked":["Leap","Skim","Compile Driver"],"picked":"SKIP","floor":1},{"not_picked":["Rip and Tear","Cold Snap","Turbo"],"picked":"SKIP","floor":4},{"not_picked":["Go for the Eyes","Rip and Tear"],"picked":"Loop","floor":6},{"not_picked":["Aggregate","Tempest"],"picked":"Loop","floor":8},{"not_picked":["Steam","Beam Cell"],"picked":"Thunder Strike","floor":11}],"player_experience":580232,"relics_obtained":[{"floor":6,"key":"Emotion Chip"},{"floor":9,"key":"Nunchaku"},{"floor":11,"key":"Matryoshka"}],"event_choices":[{"damage_healed":0,"gold_gain":0,"player_choice":"Lose Max HP","damage_taken":0,"relics_obtained":["Golden Idol"],"max_hp_gain":0,"max_hp_loss":7,"event_name":"Golden Idol","floor":2,"gold_loss":0},{"cards_removed":["Strike_B"],"damage_healed":0,"gold_gain":0,"player_choice":"Offered Basic","damage_taken":0,"max_hp_gain":0,"max_hp_loss":0,"event_name":"Bonfire Elementals","floor":3,"gold_loss":0},{"cards_removed":["Strike_B"],"damage_healed":0,"gold_gain":0,"player_choice":"Card Removal","damage_taken":7,"max_hp_gain":0,"max_hp_loss":0,"event_name":"Golden Wing","floor":5,"gold_loss":0}],"is_beta":true,"boss_relics":[],"items_purged_floors":[],"is_endless":false,"potions_floor_spawned":[4,11],"killed_by":"Looter","ascension_level":20}