{"gold_per_floor":[113,113,125,3,3,33,33,67,67,98,38,38,38,57,57,128,128,143,143,143,154,9,37,37,37],"floor_reached":25,"playtime":891,"items_purged":["Strike_G","Noxious Fumes"],"score":545,"play_id":"945b8331-b798-454c-a7b7-cacc4e02d223","local_time":"20190703194327","is_ascension_mode":true,"campfire_choices":[{"data":"Neutralize","floor":7.0,"key":"SMITH"},{"data":"Well Laid Plans","floor":15.0,"key":"SMITH"},{"data":"Cloak And Dagger","floor":24,"key":"SMITH"}],"neow_cost":"NONE","seed_source_timestamp":76014112042520,"circlet_count":0,"master_deck":["AscendersBane","Survivor+1","Neutralize+1","Heel Hook","Heel Hook","Backstab","Well Laid Plans+1","Cloak And Dagger+1","Malaise","Sucker Punch","Endless Agony","Wraith Form v2","Infinite Blades","Leg Sweep","Infinite Blades","Infinite Blades","Infinite Blades"],"special_seed":0,"relics":["Ring of the Snake","NeowsBlessing","War Paint","Art of War","Kunai","The Courier","Ornamental Fan","Pandora\u0027s Box","Happy Flower"],"potions_floor_usage":[25,25],"damage_taken":[{"damage":0.0,"enemies":"Cultist","floor":1.0,"turns":1.0},{"damage":0.0,"enemies":"2 Louse","floor":3.0,"turns":1.0},{"damage":0.0,"enemies":"3 Sentries","floor":6.0,"turns":1.0},{"damage":31.0,"enemies":"Lagavulin","floor":8.0,"turns":11.0},{"damage":16.0,"enemies":"Gremlin Nob","floor":10.0,"turns":4.0},{"damage":0.0,"enemies":"Jaw Worm","floor":14.0,"turns":3.0},{"damage":3.0,"enemies":"The Guardian","floor":16.0,"turns":17.0},{"damage":0.0,"enemies":"2 Thieves","floor":18.0,"turns":4.0},{"damage":0,"enemies":"3 Byrds","floor":21,"turns":5},{"damage":7,"enemies":"Book of Stabbing","floor":23,"turns":6},{"damage":50,"enemies":"Slavers","floor":25,"turns":10}],"seed_played":"6810062192631628629","potions_obtained":[{"floor":8.0,"key":"Strength Potion"},{"floor":10.0,"key":"Weak Potion"},{"floor":16.0,"key":"Swift Potion"}],"is_trial":false,"path_per_floor":["M","?","M","$","?","E","R","E","T","E","$","?","$","M","R","B",null,"M","?","?","M","$","E","R","E"],"character_chosen":"THE_SILENT","items_purchased":["Heel Hook","Backstab","Infinite Blades"],"campfire_rested":0,"item_purchase_floors":[4,4,22],"current_hp_per_floor":[59,54,54,54,54,54,54,23,23,7,7,29,29,29,29,26,56,56,56,61,61,61,54,54,4],"gold":37,"neow_bonus":"THREE_ENEMY_KILL","is_prod":false,"is_daily":false,"chose_seed":false,"campfire_upgraded":3,"win_rate":0,"timestamp":1562154207,"path_taken":["M","?","M","$","?","E","R","E","T","E","$","?","?","M","R","BOSS","M","?","?","?","$","E","R","E"],"build_version":"2019-07-01","purchased_purges":2,"victory":false,"max_hp_per_floor":[66,66,66,66,66,66,66,66,66,66,66,66,66,66,66,66,66,66,66,66,66,66,66,66,66],"card_choices":[{"not_picked":["Sucker Punch","Reflex","Bane"],"picked":"SKIP","floor":1.0},{"not_picked":["Concentrate","Blur","Heel Hook"],"picked":"SKIP","floor":3.0},{"not_picked":["Concentrate","Blur"],"picked":"Heel Hook","floor":3.0},{"not_picked":["Cloak And Dagger","Tactician"],"picked":"Well Laid Plans","floor":6.0},{"not_picked":["Sucker Punch","Skewer","Slice"],"picked":"SKIP","floor":8.0},{"not_picked":["Storm of Steel","Caltrops"],"picked":"Cloak And Dagger","floor":10.0},{"not_picked":["Deflect","Crippling Poison","Prepared"],"picked":"SKIP","floor":14.0},{"not_picked":["Bullet Time","Venomology"],"picked":"Malaise","floor":16.0},{"not_picked":["Bouncing Flask","Dagger Spray","Poisoned Stab"],"picked":"SKIP","floor":18.0},{"not_picked":["Bane","Dash"],"picked":"Infinite Blades","floor":21},{"not_picked":["Masterful Stab","Underhanded Strike","Noxious Fumes"],"picked":"SKIP","floor":23}],"player_experience":1522637,"relics_obtained":[{"floor":6.0,"key":"Art of War"},{"floor":8.0,"key":"Kunai"},{"floor":9.0,"key":"The Courier"},{"floor":10.0,"key":"Ornamental Fan"},{"floor":23,"key":"Happy Flower"}],"event_choices":[{"damage_healed":0.0,"max_hp_gain":0.0,"max_hp_loss":0.0,"gold_gain":0.0,"event_name":"Scrap Ooze","player_choice":"Success","floor":2.0,"gold_loss":0.0,"damage_taken":5.0,"relics_obtained":["War Paint"]},{"cards_removed":["Strike_G"],"damage_healed":0.0,"max_hp_gain":0.0,"max_hp_loss":0.0,"gold_gain":0.0,"event_name":"Living Wall","player_choice":"Forget","floor":5.0,"gold_loss":0.0,"damage_taken":0.0},{"damage_healed":22.0,"max_hp_gain":0.0,"max_hp_loss":0.0,"gold_gain":0.0,"event_name":"Big Fish","player_choice":"Banana","floor":12.0,"gold_loss":0.0,"damage_taken":0.0},{"damage_healed":0,"gold_gain":0,"cards_transformed":["Dagger Throw","Tools of the Trade"],"player_choice":"Became Test Subject","damage_taken":0,"max_hp_gain":0,"max_hp_loss":0,"event_name":"Drug Dealer","floor":19,"gold_loss":0,"cards_obtained":["Leg Sweep","Infinite Blades"]},{"cards_removed":["Dagger Throw"],"damage_healed":5,"gold_gain":0,"player_choice":"Offered Common","damage_taken":0,"max_hp_gain":0,"max_hp_loss":0,"event_name":"Bonfire Elementals","floor":20,"gold_loss":0},{"cards_removed":["Dagger Throw"],"damage_healed":5,"gold_gain":0,"player_choice":"Offered Special","damage_taken":0,"max_hp_gain":0,"max_hp_loss":0,"event_name":"Bonfire Elementals","floor":20,"gold_loss":0}],"is_beta":false,"boss_relics":[{"not_picked":["Runic Pyramid","Empty Cage"],"picked":"Pandora\u0027s Box"}],"items_purged_floors":[11,22],"is_endless":false,"potions_floor_spawned":[8,10,16,18],"killed_by":"Slavers","ascension_level":20}