{"gold_per_floor":[365,384,384,459,218,218,263,44,95,110,136,153,153,163,163,236,236,252,152,167,42,62,62,62,73,73,73,86,96,115,115,115,189,189,203,303,322,342,342,370,370,399,399,399,399,419,419,435,435,435,435,435,435,23,58,58],"floor_reached":57,"playtime":3579,"items_purged":["Strike_G","Strike_G","Strike_G","Strike_G+1"],"score":2738,"play_id":"39e6a632-3fe7-4d11-aff2-6b48ce1c7c82","local_time":"20181229214453","is_ascension_mode":true,"campfire_choices":[{"data":"Deadly Poison","floor":6.0,"key":"SMITH"},{"data":"Catalyst","floor":13.0,"key":"SMITH"},{"data":"Noxious Fumes","floor":15.0,"key":"SMITH"},{"data":"Noxious Fumes","floor":23.0,"key":"SMITH"},{"data":"Footwork","floor":27.0,"key":"SMITH"},{"data":"Leg Sweep","floor":32.0,"key":"SMITH"},{"data":"Burst","floor":45.0,"key":"SMITH"},{"floor":47.0,"key":"RECALL"},{"data":"Blur","floor":49.0,"key":"SMITH"},{"data":"Deflect","floor":53,"key":"SMITH"}],"neow_cost":"TEN_PERCENT_HP_LOSS","seed_source_timestamp":36023770442835,"circlet_count":0,"master_deck":["AscendersBane","Defend_G","Defend_G","Defend_G","Defend_G","Survivor","Neutralize+1","Deadly Poison+1","Footwork+1","Catalyst+1","Noxious Fumes+1","Leg Sweep+1","Noxious Fumes+1","Tools of the Trade","Deflect+1","Blur+1","PiercingWail","Bullet Time","Burst+1","Deflect+1","PiercingWail","Finesse","Bandage Up","Thinking Ahead","Dodge and Roll+1","Backflip","Master of Strategy","Backflip"],"special_seed":0,"relics":["Ring of the Snake","Mercury Hourglass","Blood Vial","Art of War","Pen Nib","Centennial Puzzle","Runic Pyramid","Whetstone","Empty Cage","Torii","Orichalcum","Bronze Scales","Shuriken","Dodecahedron","Bag of Preparation"],"potions_floor_usage":[56,56],"damage_taken":[{"damage":0.0,"enemies":"2 Louse","floor":1.0,"turns":4.0},{"damage":7.0,"enemies":"Jaw Worm","floor":2.0,"turns":5.0},{"damage":8.0,"enemies":"Cultist","floor":10.0,"turns":4.0},{"damage":11.0,"enemies":"Gremlin Nob","floor":11.0,"turns":5.0},{"damage":7.0,"enemies":"Exordium Wildlife","floor":12.0,"turns":5.0},{"damage":3.0,"enemies":"Looter","floor":14.0,"turns":4.0},{"damage":2.0,"enemies":"Hexaghost","floor":16.0,"turns":6.0},{"damage":7.0,"enemies":"3 Byrds","floor":18.0,"turns":4.0},{"damage":0.0,"enemies":"Spheric Guardian","floor":20.0,"turns":3.0},{"damage":4.0,"enemies":"Snake Plant","floor":22.0,"turns":4.0},{"damage":11.0,"enemies":"Shelled Parasite and Fungi","floor":25.0,"turns":5.0},{"damage":0.0,"enemies":"Centurion and Healer","floor":28.0,"turns":6.0},{"damage":23.0,"enemies":"Cultist and Chosen","floor":29.0,"turns":7.0},{"damage":0.0,"enemies":"3 Cultists","floor":30.0,"turns":4.0},{"damage":3.0,"enemies":"Champ","floor":33.0,"turns":9.0},{"damage":0.0,"enemies":"3 Darklings","floor":35.0,"turns":6.0},{"damage":0.0,"enemies":"Mind Bloom Boss Battle","floor":36.0,"turns":5.0},{"damage":0.0,"enemies":"Orb Walker","floor":37.0,"turns":3.0},{"damage":0.0,"enemies":"Spire Growth","floor":38.0,"turns":6.0},{"damage":40.0,"enemies":"Reptomancer","floor":40.0,"turns":9.0},{"damage":0.0,"enemies":"Giant Head","floor":42.0,"turns":8.0},{"damage":0.0,"enemies":"Writhing Mass","floor":46.0,"turns":5.0},{"damage":19.0,"enemies":"Jaw Worm Horde","floor":48.0,"turns":6.0},{"damage":1,"enemies":"Awakened One","floor":50,"turns":23},{"damage":2,"enemies":"Donu and Deca","floor":51,"turns":13},{"damage":28,"enemies":"Shield and Spear","floor":55,"turns":9},{"damage":36,"enemies":"The Heart","floor":56,"turns":10}],"seed_played":"-5718041032927875485","potions_obtained":[{"floor":1.0,"key":"Ancient Potion"},{"floor":12.0,"key":"Ancient Potion"},{"floor":18.0,"key":"Fire Potion"},{"floor":29.0,"key":"Ancient Potion"},{"floor":37.0,"key":"Ancient Potion"},{"floor":55,"key":"Regen Potion"}],"is_trial":false,"path_per_floor":["M","M","?","?","$","R","T","$","T","M","E","M","R","M","R","B",null,"M","$","M","$","M","R","?","M","T","R","M","M","M","T","R","B",null,"M","?","M","M","?","E","?","E","T","T","R","M","R","M","R","B","B",null,"R","$","E","B",null],"character_chosen":"THE_SILENT","items_purchased":["Blood Vial","Catalyst","Noxious Fumes","Fire Potion","Master of Strategy","Backflip"],"campfire_rested":0,"item_purchase_floors":[5,8,8,8,54,54],"current_hp_per_floor":[59,52,41,30,30,30,30,30,30,24,15,10,10,9,9,9,47,42,42,44,44,42,42,42,33,33,33,35,14,16,16,16,15,49,51,53,55,57,47,13,13,19,19,19,19,29,29,16,16,21,29,50,50,50,32,17],"gold":58,"neow_bonus":"TWO_FIFTY_GOLD","is_prod":false,"is_daily":false,"chose_seed":false,"campfire_upgraded":9,"win_rate":0,"timestamp":1546091093,"path_taken":["M","M","?","?","?","R","?","$","T","M","E","M","R","M","R","BOSS","M","$","?","$","M","R","?","M","T","R","M","M","M","?","R","BOSS","M","?","M","M","?","E","?","E","T","?","R","M","R","M","R","BOSS","BOSS","R","$","E","BOSS"],"build_version":"2018-12-20","purchased_purges":4,"victory":true,"max_hp_per_floor":[60,60,60,60,60,60,60,60,60,60,60,60,60,60,60,60,60,60,60,60,60,60,60,60,60,60,60,60,60,60,60,60,60,60,60,60,60,60,60,60,57,57,57,57,57,57,57,57,57,57,57,57,57,57,57,57],"card_choices":[{"not_picked":["Reflex","Acrobatics"],"picked":"Deadly Poison","floor":1.0},{"not_picked":["Dodge and Roll","Eviscerate"],"picked":"Footwork","floor":2.0},{"not_picked":["Dagger Spray","Acrobatics"],"picked":"Leg Sweep","floor":10.0},{"not_picked":["Eviscerate","Backflip"],"picked":"Noxious Fumes","floor":11.0},{"not_picked":["Deadly Poison","Crippling Poison","Acrobatics"],"picked":"SKIP","floor":12.0},{"not_picked":["PiercingWail","Tactician"],"picked":"Tools of the Trade","floor":14.0},{"not_picked":["Quick Slash","Sucker Punch","Skewer"],"picked":"SKIP","floor":18.0},{"not_picked":["Deflect","Riddle With Holes","Quick Slash"],"picked":"SKIP","floor":20.0},{"not_picked":["Riddle With Holes","Quick Slash"],"picked":"Deflect","floor":20.0},{"not_picked":["Infinite Blades","Slice","Poisoned Stab"],"picked":"SKIP","floor":22.0},{"not_picked":["Predator","Caltrops"],"picked":"Blur","floor":25.0},{"not_picked":["Accuracy","Outmaneuver"],"picked":"PiercingWail","floor":28.0},{"not_picked":["Bane","Choke","Deadly Poison"],"picked":"SKIP","floor":29.0},{"not_picked":["Prepared","Underhanded Strike"],"picked":"Bullet Time","floor":30.0},{"not_picked":["Malaise","Night Terror"],"picked":"Burst","floor":33.0},{"not_picked":["Blade Dance","Calculated Gamble","Slice"],"picked":"SKIP","floor":35.0},{"not_picked":["Backflip","Backstab"],"picked":"Deflect+1","floor":36.0},{"not_picked":["Cloak And Dagger","Crippling Poison","Quick Slash"],"picked":"SKIP","floor":37.0},{"not_picked":["Cloak And Dagger","Crippling Poison","Quick Slash"],"picked":"SKIP","floor":37.0},{"not_picked":["Acrobatics+1","Poisoned Stab"],"picked":"PiercingWail","floor":38.0},{"not_picked":["Deep Breath","PanicButton"],"picked":"Finesse","floor":39.0},{"not_picked":["Deep Breath","Panache"],"picked":"Bandage Up","floor":39.0},{"not_picked":["Swift Strike","Discovery"],"picked":"Thinking Ahead","floor":39.0},{"not_picked":["Finisher","All Out Attack","Concentrate"],"picked":"SKIP","floor":40.0},{"not_picked":["Bullet Time","Acrobatics"],"picked":"Dodge and Roll+1","floor":42.0},{"not_picked":["Underhanded Strike","Riddle With Holes"],"picked":"Backflip","floor":46.0},{"not_picked":["Terror","Underhanded Strike","Phantasmal Killer"],"picked":"SKIP","floor":48.0},{"not_picked":["Acrobatics","Blade Dance","Flying Knee"],"picked":"SKIP","floor":55}],"player_experience":1581033,"relics_obtained":[{"floor":7.0,"key":"Art of War"},{"floor":9.0,"key":"Pen Nib"},{"floor":11.0,"key":"Centennial Puzzle"},{"floor":31.0,"key":"Whetstone"},{"floor":36.0,"key":"Torii"},{"floor":40.0,"key":"Orichalcum"},{"floor":42.0,"key":"Bronze Scales"},{"floor":43.0,"key":"Shuriken"},{"floor":44.0,"key":"Dodecahedron"},{"floor":55,"key":"Bag of Preparation"}],"event_choices":[{"damage_healed":0.0,"max_hp_gain":0.0,"max_hp_loss":0.0,"gold_gain":0.0,"event_name":"Scrap Ooze","player_choice":"Success","floor":3.0,"gold_loss":0.0,"damage_taken":11.0,"relics_obtained":["Mercury Hourglass"]},{"damage_healed":0.0,"max_hp_gain":0.0,"max_hp_loss":0.0,"gold_gain":75.0,"event_name":"World of Goop","player_choice":"Gather Gold","floor":4.0,"gold_loss":0.0,"damage_taken":11.0},{"damage_healed":0.0,"max_hp_gain":0.0,"max_hp_loss":0.0,"gold_gain":0.0,"event_name":"Beggar","player_choice":"Ignored","floor":24.0,"gold_loss":0.0,"damage_taken":0.0},{"damage_healed":0.0,"max_hp_gain":0.0,"max_hp_loss":0.0,"gold_gain":0.0,"event_name":"MindBloom","player_choice":"Fight","floor":36.0,"gold_loss":0.0,"damage_taken":0.0},{"damage_healed":0.0,"max_hp_gain":0.0,"max_hp_loss":0.0,"gold_gain":0.0,"event_name":"SensoryStone","player_choice":"Memory 3","floor":39.0,"gold_loss":0.0,"damage_taken":10.0},{"damage_healed":0.0,"max_hp_gain":0.0,"max_hp_loss":3.0,"gold_gain":0.0,"event_name":"Winding Halls","player_choice":"Max HP","floor":41.0,"gold_loss":0.0,"damage_taken":0.0}],"is_beta":false,"boss_relics":[{"not_picked":["Busted Crown","Astrolabe"],"picked":"Runic Pyramid"},{"not_picked":["Pandora\u0027s Box","Black Star"],"picked":"Empty Cage"}],"items_purged_floors":[5,19,21,54],"is_endless":false,"potions_floor_spawned":[1,10,12,14,18,22,29,33,35,37,38,42,48,55],"ascension_level":20}