{"gold_per_floor":[360,24,43,43,43,43,60,75,102,102,134,34,53,64,64,135,135,148,148,148,168,168,168,183,183,183,216,216,233,248,80,80,152,152,170,20,38,51,51,83,83,112,163,163,188,188,188,251,251,251,251,251,251,65,90,90],"floor_reached":57,"playtime":3506,"items_purged":["Strike_G","Defend_G","Defend_G","Defend_G","Dash+1"],"score":3345,"play_id":"51c6df21-2aae-4520-82c4-d48a9a82357c","local_time":"20190317145811","is_ascension_mode":true,"campfire_choices":[{"data":"Dash","floor":6.0,"key":"SMITH"},{"data":"Well Laid Plans","floor":15.0,"key":"SMITH"},{"data":"Tactician","floor":23.0,"key":"SMITH"},{"data":"Acrobatics","floor":25.0,"key":"SMITH"},{"data":"Acrobatics","floor":28.0,"key":"SMITH"},{"data":"Concentrate","floor":32.0,"key":"SMITH"},{"data":"Footwork","floor":41.0,"key":"SMITH"},{"floor":44.0,"key":"RECALL"},{"data":"Grand Finale","floor":49.0,"key":"SMITH"},{"data":"Neutralize","floor":53.0,"key":"SMITH"}],"neow_cost":"TEN_PERCENT_HP_LOSS","seed_source_timestamp":303523295340507,"circlet_count":0,"master_deck":["AscendersBane","Defend_G","Defend_G","Survivor","Neutralize+1","Terror","Footwork+1","Tactician+1","Well Laid Plans+1","Acrobatics+1","Acrobatics","A Thousand Cuts","Escape Plan+1","Acrobatics+1","Grand Finale+1","Prepared+1","After Image","Concentrate+1","Adrenaline","PiercingWail+1","Dodge and Roll","Footwork"],"special_seed":0,"relics":["Ring of the Snake","Happy Flower","Eternal Feather","Molten Egg 2","Omamori","Sozu","Smiling Mask","Shuriken","Bag of Preparation","Oddly Smooth Stone","SsserpentHead","Pantograph"],"potions_floor_usage":[56,56],"damage_taken":[{"damage":3.0,"enemies":"Small Slimes","floor":1.0,"turns":6.0},{"damage":0.0,"enemies":"2 Louse","floor":3.0,"turns":3.0},{"damage":0.0,"enemies":"Cultist","floor":7.0,"turns":4.0},{"damage":5.0,"enemies":"Exordium Thugs","floor":8.0,"turns":7.0},{"damage":13.0,"enemies":"Gremlin Nob","floor":11.0,"turns":6.0},{"damage":6.0,"enemies":"3 Louse","floor":13.0,"turns":4.0},{"damage":0.0,"enemies":"2 Fungi Beasts","floor":14.0,"turns":4.0},{"damage":19.0,"enemies":"The Guardian","floor":16.0,"turns":14.0},{"damage":19.0,"enemies":"3 Byrds","floor":18.0,"turns":9.0},{"damage":2.0,"enemies":"Shell Parasite","floor":21.0,"turns":3.0},{"damage":10.0,"enemies":"Shelled Parasite and Fungi","floor":24.0,"turns":3.0},{"damage":12.0,"enemies":"Slavers","floor":27.0,"turns":3.0},{"damage":0.0,"enemies":"Snecko","floor":29.0,"turns":4.0},{"damage":11.0,"enemies":"Snake Plant","floor":30.0,"turns":3.0},{"damage":0.0,"enemies":"Automaton","floor":33.0,"turns":2.0},{"damage":0.0,"enemies":"3 Darklings","floor":35.0,"turns":2.0},{"damage":0.0,"enemies":"Orb Walker","floor":37.0,"turns":1.0},{"damage":0.0,"enemies":"Sphere and 2 Shapes","floor":38.0,"turns":3.0},{"damage":0.0,"enemies":"Reptomancer","floor":40.0,"turns":1.0},{"damage":0.0,"enemies":"Giant Head","floor":42.0,"turns":2.0},{"damage":0.0,"enemies":"Nemesis","floor":45.0,"turns":1.0},{"damage":0.0,"enemies":"Jaw Worm Horde","floor":48.0,"turns":1.0},{"damage":0.0,"enemies":"Donu and Deca","floor":50.0,"turns":1.0},{"damage":0.0,"enemies":"Time Eater","floor":51.0,"turns":4.0},{"damage":0.0,"enemies":"Shield and Spear","floor":55.0,"turns":5.0},{"damage":1,"enemies":"The Heart","floor":56,"turns":8}],"seed_played":"-4548142024850528608","potions_obtained":[{"floor":7.0,"key":"PowerPotion"},{"floor":13.0,"key":"FearPotion"},{"floor":16.0,"key":"Weak Potion"},{"floor":21.0,"key":"Fruit Juice"},{"floor":27.0,"key":"SkillPotion"},{"floor":33.0,"key":"GhostInAJar"}],"is_trial":false,"path_per_floor":["M","$","M","?","?","R","M","M","T","?","E","$","M","M","R","B",null,"M","?","?","M","?","R","M","R","T","E","R","M","M","$","R","B",null,"M","$","M","M","$","E","R","E","T","R","E","?","?","M","R","B","B",null,"R","$","E","B",null],"character_chosen":"THE_SILENT","items_purchased":["Footwork","Tactician","Dash","Poison Potion","Concentrate","Dodge and Roll","Footwork"],"campfire_rested":0,"item_purchase_floors":[2,2,2,2,31,54,54],"current_hp_per_floor":[56,56,56,49,54,54,54,49,49,49,36,36,30,30,30,11,52,33,33,46,49,49,58,48,57,57,45,57,57,46,46,58,58,67,67,67,67,67,67,67,70,70,70,70,70,66,66,66,66,66,66,66,66,66,66,65],"gold":90,"neow_bonus":"TWO_FIFTY_GOLD","is_prod":false,"is_daily":false,"chose_seed":false,"campfire_upgraded":9,"win_rate":0,"timestamp":1552802291,"path_taken":["M","$","M","?","?","R","M","M","T","?","E","$","M","?","R","BOSS","M","?","?","M","?","R","M","R","T","E","R","M","M","$","R","BOSS","M","$","M","M","$","E","R","E","T","R","E","?","?","?","R","BOSS","BOSS","R","$","E","BOSS"],"build_version":"2019-01-23","purchased_purges":5,"victory":true,"max_hp_per_floor":[60,60,60,60,65,65,65,65,65,65,65,65,65,65,65,65,65,65,65,65,70,70,70,70,70,70,70,70,70,70,70,70,70,70,70,70,70,70,70,70,70,70,70,70,70,66,66,66,66,66,66,66,66,66,66,66],"card_choices":[{"not_picked":["Deflect","Concentrate"],"picked":"Terror","floor":1.0},{"not_picked":["Outmaneuver","Backflip"],"picked":"Well Laid Plans","floor":3.0},{"not_picked":["Dodge and Roll","Endless Agony","Poisoned Stab"],"picked":"SKIP","floor":7.0},{"not_picked":["Poisoned Stab","Bane","Underhanded Strike"],"picked":"SKIP","floor":8.0},{"not_picked":["Concentrate","Dagger Throw"],"picked":"Acrobatics","floor":11.0},{"not_picked":["Dodge and Roll","Flying Knee"],"picked":"Acrobatics","floor":13.0},{"not_picked":["Terror","Prepared","Expertise"],"picked":"SKIP","floor":14.0},{"not_picked":["Burst","Die Die Die"],"picked":"A Thousand Cuts","floor":16.0},{"not_picked":["Deflect","PiercingWail"],"picked":"Escape Plan+1","floor":18.0},{"not_picked":["Heel Hook","Blade Dance+1"],"picked":"Prepared+1","floor":21.0},{"not_picked":["Catalyst","Well Laid Plans","Slice"],"picked":"SKIP","floor":24.0},{"not_picked":["Cloak And Dagger+1","Blade Dance+1"],"picked":"After Image","floor":27.0},{"not_picked":["Dagger Spray+1","Deflect","Backflip"],"picked":"SKIP","floor":29.0},{"not_picked":["Deflect","Backflip+1","Slice+1"],"picked":"SKIP","floor":30.0},{"not_picked":["Doppelganger","Tools of the Trade"],"picked":"Adrenaline","floor":33.0},{"not_picked":["Escape Plan","Choke+1","Outmaneuver"],"picked":"SKIP","floor":35.0},{"not_picked":["Dagger Spray+1","Leg Sweep","Dodge and Roll"],"picked":"SKIP","floor":37.0},{"not_picked":["Sucker Punch+1","All Out Attack+1","PiercingWail+1"],"picked":"SKIP","floor":38.0},{"not_picked":["Sucker Punch+1","All Out Attack+1"],"picked":"PiercingWail+1","floor":38.0},{"not_picked":["Glass Knife+1","Dagger Spray+1","Dagger Throw+1"],"picked":"SKIP","floor":40.0},{"not_picked":["Endless Agony+1","Choke+1","Acrobatics"],"picked":"SKIP","floor":42.0},{"not_picked":["Flying Knee+1","Deflect","Bane+1"],"picked":"SKIP","floor":45.0},{"not_picked":["Caltrops","Dagger Spray+1","A Thousand Cuts"],"picked":"SKIP","floor":48.0},{"not_picked":["Cloak And Dagger","Concentrate+1","Sucker Punch+1"],"picked":"SKIP","floor":55.0}],"player_experience":133425,"relics_obtained":[{"floor":11.0,"key":"Happy Flower"},{"floor":26.0,"key":"Molten Egg 2"},{"floor":27.0,"key":"Omamori"},{"floor":40.0,"key":"Smiling Mask"},{"floor":42.0,"key":"Shuriken"},{"floor":43.0,"key":"Bag of Preparation"},{"floor":45.0,"key":"Oddly Smooth Stone"},{"floor":55.0,"key":"Pantograph"}],"event_choices":[{"cards_removed":["Strike_G"],"damage_healed":0.0,"max_hp_gain":0.0,"max_hp_loss":0.0,"gold_gain":0.0,"event_name":"Golden Wing","player_choice":"Card Removal","floor":4.0,"gold_loss":0.0,"damage_taken":7.0},{"damage_healed":0.0,"max_hp_gain":5.0,"max_hp_loss":0.0,"gold_gain":0.0,"event_name":"Big Fish","player_choice":"Donut","floor":5.0,"gold_loss":0.0,"damage_taken":0.0},{"cards_removed":["Strike_G"],"damage_healed":0.0,"max_hp_gain":0.0,"max_hp_loss":0.0,"gold_gain":0.0,"event_name":"Wheel of Change","player_choice":"Card Removal","floor":10.0,"gold_loss":0.0,"damage_taken":0.0},{"damage_healed":0.0,"max_hp_gain":0.0,"max_hp_loss":0.0,"gold_gain":0.0,"cards_transformed":["Strike_G","Strike_G"],"event_name":"Drug Dealer","player_choice":"Became Test Subject","floor":19.0,"gold_loss":0.0,"damage_taken":0.0,"cards_obtained":["Acrobatics","Grand Finale"]},{"damage_healed":13.0,"max_hp_gain":0.0,"max_hp_loss":0.0,"gold_gain":0.0,"event_name":"The Library","player_choice":"Heal","floor":20.0,"gold_loss":0.0,"damage_taken":0.0},{"damage_healed":0.0,"max_hp_gain":0.0,"max_hp_loss":0.0,"gold_gain":0.0,"event_name":"The Mausoleum","player_choice":"Ignored","floor":22.0,"gold_loss":0.0,"damage_taken":0.0},{"damage_healed":0.0,"max_hp_gain":0.0,"max_hp_loss":4.0,"gold_gain":0.0,"event_name":"Winding Halls","player_choice":"Max HP","floor":46.0,"gold_loss":0.0,"damage_taken":0.0},{"damage_healed":0.0,"max_hp_gain":0.0,"max_hp_loss":0.0,"gold_gain":0.0,"event_name":"FaceTrader","player_choice":"Trade","floor":47.0,"gold_loss":0.0,"damage_taken":0.0,"relics_obtained":["SsserpentHead"]}],"is_beta":false,"boss_relics":[{"not_picked":["Snecko Eye","Calling Bell"],"picked":"Eternal Feather"},{"not_picked":["Velvet Choker","Fusion Hammer"],"picked":"Sozu"}],"items_purged_floors":[2,12,31,36,54],"is_endless":false,"potions_floor_spawned":[7,8,13,16,21,27,33,40,45,48],"ascension_level":20}