{"gold_per_floor":[365,365,365,83,83,158,80,111,135,148,148,178,194,205,205,205],"floor_reached":16,"playtime":537,"items_purged":["Strike_G","Strike_G"],"score":181,"play_id":"fafc2772-1755-4d59-95dc-0457e879da9c","local_time":"20181113212511","is_ascension_mode":true,"campfire_choices":[{"data":"Neutralize","floor":11,"key":"SMITH"},{"data":"Prepared","floor":15,"key":"SMITH"}],"neow_cost":"TEN_PERCENT_HP_LOSS","seed_source_timestamp":3530704530227,"circlet_count":0,"master_deck":["AscendersBane","Defend_G","Defend_G","Defend_G","Defend_G","Defend_G","Strike_G","Survivor","Neutralize+1","Flying Knee","Underhanded Strike","Footwork","Prepared+1","PiercingWail","Heel Hook","Well Laid Plans"],"relics":["Ring of the Snake","Membership Card","Strawberry","Bag of Preparation"],"potions_floor_usage":[16,16],"damage_taken":[{"damage":0,"enemies":"Small Slimes","floor":1,"turns":5},{"damage":45,"enemies":"3 Sentries","floor":8,"turns":19},{"damage":0,"enemies":"2 Louse","floor":10,"turns":3},{"damage":0,"enemies":"Jaw Worm","floor":13,"turns":3},{"damage":0,"enemies":"Looter","floor":14,"turns":4},{"damage":13,"enemies":"Hexaghost","floor":16,"turns":14}],"seed_played":"1891661889474108672","potions_obtained":[{"floor":10,"key":"Swift Potion"},{"floor":13,"key":"FearPotion"}],"is_trial":false,"path_per_floor":["M","?","?","$","?","?","$","E","T","M","R","?","M","M","R","B"],"character_chosen":"THE_SILENT","items_purchased":["Membership Card","Underhanded Strike","Prepared"],"campfire_rested":0,"item_purchase_floors":[4,4,7],"current_hp_per_floor":[59,64,57,57,57,46,46,8,8,8,8,8,8,8,8,0],"gold":205,"neow_bonus":"TWO_FIFTY_GOLD","is_prod":false,"is_daily":false,"chose_seed":false,"campfire_upgraded":2,"win_rate":0,"timestamp":1542115511,"path_taken":["M","?","?","$","?","?","$","E","T","?","R","?","M","M","R","BOSS"],"build_version":"2018-11-12","purchased_purges":2,"victory":false,"max_hp_per_floor":[60,65,65,65,65,65,65,72,72,72,72,72,72,72,72,72],"card_choices":[{"not_picked":["Slice","Accuracy"],"picked":"Flying Knee","floor":1},{"not_picked":["A Thousand Cuts","Underhanded Strike"],"picked":"PiercingWail","floor":8},{"not_picked":["Quick Slash","Acrobatics"],"picked":"Heel Hook","floor":10},{"not_picked":["Underhanded Strike","Prepared","Flying Knee"],"picked":"SKIP","floor":13},{"not_picked":["Poisoned Stab","Sucker Punch"],"picked":"Well Laid Plans","floor":14}],"player_experience":1045130,"relics_obtained":[{"floor":8,"key":"Strawberry"},{"floor":9,"key":"Bag of Preparation"}],"event_choices":[{"damage_healed":0,"gold_gain":0,"player_choice":"Donut","damage_taken":0,"max_hp_gain":5,"max_hp_loss":0,"event_name":"Big Fish","floor":2,"gold_loss":0},{"cards_removed":["Strike_G"],"damage_healed":0,"gold_gain":0,"player_choice":"Card Removal","damage_taken":7,"max_hp_gain":0,"max_hp_loss":0,"event_name":"Golden Wing","floor":3,"gold_loss":0},{"damage_healed":0,"gold_gain":0,"cards_transformed":["Strike_G"],"player_choice":"Change","damage_taken":0,"max_hp_gain":0,"max_hp_loss":0,"event_name":"Living Wall","floor":5,"gold_loss":0,"cards_obtained":["Footwork"]},{"damage_healed":0,"gold_gain":75,"player_choice":"Gather Gold","damage_taken":11,"max_hp_gain":0,"max_hp_loss":0,"event_name":"World of Goop","floor":6,"gold_loss":0},{"damage_healed":0,"gold_gain":30,"player_choice":"Searched \u00272\u0027 times","damage_taken":0,"max_hp_gain":0,"max_hp_loss":0,"event_name":"Dead Adventurer","floor":12,"gold_loss":0}],"is_beta":true,"boss_relics":[],"items_purged_floors":[4,7],"is_endless":false,"potions_floor_spawned":[10,13],"killed_by":"Hexaghost","ascension_level":17}