{"gold_per_floor":[114,114,114,40,40,40,73,45,68,95,54,83,103,115,115,192,192,211,211,261,274,47,47,47],"floor_reached":24,"playtime":673,"items_purged":["Strike_B"],"score":470,"play_id":"1fced6c8-31dd-4491-8840-a26c85c3ca39","local_time":"20190227170653","is_ascension_mode":true,"campfire_choices":[{"data":"Sunder","floor":6,"key":"SMITH"},{"data":"Static Discharge","floor":15,"key":"SMITH"},{"data":"Hyperbeam","floor":23,"key":"SMITH"}],"neow_cost":"NONE","seed_source_timestamp":21686532793671,"circlet_count":0,"master_deck":["AscendersBane","Strike_B+1","Strike_B+1","Strike_B","Defend_B","Defend_B","Defend_B","Defend_B","Zap","Dualcast","Amplify","Sunder+1","Self Repair","Seek","Glacier","Double Energy","Turbo","Cold Snap","Loop","Static Discharge+1","Loop","Echo Form","Creative AI","Conserve Battery+1","Hyperbeam+1"],"special_seed":0,"relics":["Cracked Core","Dream Catcher","Whetstone","Lantern","Kunai","Cursed Key"],"potions_floor_usage":[10,24,24],"damage_taken":[{"damage":9.0,"enemies":"Jaw Worm","floor":1.0,"turns":4.0},{"damage":17,"enemies":"3 Sentries","floor":7,"turns":8},{"damage":0,"enemies":"Gremlin Nob","floor":10,"turns":2},{"damage":17,"enemies":"Lagavulin","floor":12,"turns":7},{"damage":7,"enemies":"Small Slimes","floor":13,"turns":3},{"damage":0,"enemies":"2 Louse","floor":14,"turns":3},{"damage":35,"enemies":"Hexaghost","floor":16,"turns":9},{"damage":6,"enemies":"3 Byrds","floor":18,"turns":2},{"damage":34,"enemies":"Shell Parasite","floor":21,"turns":5},{"damage":30,"enemies":"Book of Stabbing","floor":24,"turns":4}],"seed_played":"1650232031122699899","potions_obtained":[{"floor":1.0,"key":"Dexterity Potion"},{"floor":7,"key":"FearPotion"},{"floor":10,"key":"Block Potion"}],"is_trial":false,"path_per_floor":["M","?","?","$","?","R","E","$","T","E","$","E","M","M","R","B",null,"M","?","?","M","$","R","E"],"character_chosen":"DEFECT","items_purchased":["Self Repair","Turbo","Loop","Hyperbeam"],"campfire_rested":0,"item_purchase_floors":[4,8,11,22],"current_hp_per_floor":[55,60,60,60,60,60,50,50,50,50,50,40,47,47,47,19,62,56,56,56,29,29,29,0],"gold":47,"neow_bonus":"ONE_RANDOM_RARE_CARD","is_prod":false,"is_daily":false,"chose_seed":false,"campfire_upgraded":3,"win_rate":0,"timestamp":1551258413,"path_taken":["M","?","?","$","?","R","E","$","T","E","$","E","?","?","R","BOSS","M","?","?","?","$","R","E"],"build_version":"2019-01-23","purchased_purges":1,"victory":false,"max_hp_per_floor":[71,76,76,76,76,76,76,76,76,76,76,76,76,76,76,76,76,76,76,76,76,76,76,76],"card_choices":[{"not_picked":["Tempest","Go for the Eyes"],"picked":"Sunder","floor":1.0},{"not_picked":["Compile Driver","Skim"],"picked":"Double Energy","floor":7},{"not_picked":["Turbo","Scrape"],"picked":"Cold Snap","floor":10},{"not_picked":["Leap","Rebound"],"picked":"Static Discharge","floor":12},{"not_picked":["Barrage","Reprogram"],"picked":"Loop","floor":13},{"not_picked":["Chaos","Steam"],"picked":"Echo Form","floor":14},{"not_picked":["All For One","Fission"],"picked":"Creative AI","floor":16},{"not_picked":["FTL","Beam Cell"],"picked":"Conserve Battery+1","floor":18},{"not_picked":["Streamline","Steam","Compile Driver"],"picked":"SKIP","floor":21}],"player_experience":3199155,"relics_obtained":[{"floor":7,"key":"Dream Catcher"},{"floor":9,"key":"Whetstone"},{"floor":10,"key":"Lantern"},{"floor":12,"key":"Kunai"}],"event_choices":[{"damage_healed":0.0,"max_hp_gain":5.0,"max_hp_loss":0.0,"gold_gain":0.0,"event_name":"Big Fish","player_choice":"Donut","floor":2.0,"gold_loss":0.0,"damage_taken":0.0},{"damage_healed":0.0,"max_hp_gain":0.0,"max_hp_loss":0.0,"gold_gain":0.0,"event_name":"The Cleric","player_choice":"Leave","floor":3.0,"gold_loss":0.0,"damage_taken":0.0},{"damage_healed":0,"gold_gain":0,"player_choice":"2 cards matched","damage_taken":0,"max_hp_gain":0,"max_hp_loss":0,"event_name":"Match and Keep!","floor":5,"gold_loss":0,"cards_obtained":["Seek","Glacier"]},{"damage_healed":0,"gold_gain":0,"player_choice":"Ignored","damage_taken":0,"max_hp_gain":0,"max_hp_loss":0,"event_name":"Vampires","floor":19,"gold_loss":0},{"damage_healed":0,"gold_gain":100,"player_choice":"Bet on Murderer","damage_taken":0,"max_hp_gain":0,"max_hp_loss":0,"event_name":"The Joust","floor":20,"gold_loss":50}],"is_beta":false,"boss_relics":[{"not_picked":["Astrolabe","Tiny House"],"picked":"Cursed Key"}],"items_purged_floors":[22],"is_endless":false,"potions_floor_spawned":[1,7,10,14],"killed_by":"Book of Stabbing","ascension_level":20}