{"gold_per_floor":[112,112,130,142,142,169,169,169,169,94,111,111,111,39,39,144,144,155,60,60,60,72,72,72,72,95,95,95,121,46,57,57,156,156,170,183,183,183,183,183,183,193,193,93,93,108,122,122,122,122],"floor_reached":51,"playtime":1036,"items_purged":["Strike_R","Parasite"],"score":809,"play_id":"df0aea25-1c84-4b1d-a7d9-310fc5e11524","local_time":"20190630172611","is_ascension_mode":false,"campfire_choices":[{"data":"Uppercut","floor":7.0,"key":"SMITH"},{"data":"Shockwave","floor":13.0,"key":"SMITH"},{"data":"Spot Weakness","floor":15.0,"key":"SMITH"},{"data":"Dropkick","floor":23.0,"key":"SMITH"},{"data":"Finesse","floor":25.0,"key":"SMITH"},{"data":"Second Wind","floor":28.0,"key":"SMITH"},{"data":"Defend_R","floor":32.0,"key":"SMITH"},{"data":"Burning Pact","floor":40,"key":"SMITH"},{"data":"Limit Break","floor":41,"key":"SMITH"},{"data":"Defend_R","floor":45,"key":"SMITH"},{"data":"Defend_R","floor":49,"key":"SMITH"}],"neow_cost":"TEN_PERCENT_HP_LOSS","seed_source_timestamp":18722403762604,"circlet_count":0,"master_deck":["Defend_R+1","Defend_R+1","Defend_R+1","Spot Weakness+1","Uppercut+1","Shockwave+1","Dropkick+1","Second Wind+1","Finesse+1","Limit Break+1","Burning Pact+1"],"special_seed":0,"relics":["Burning Blood","WingedGreaves","Self Forming Clay","Paper Frog","Philosopher\u0027s Stone","Red Skull","Boot","Sozu","Gremlin Horn","Bottled Lightning"],"potions_floor_usage":[50,50,50],"damage_taken":[{"damage":1.0,"enemies":"Jaw Worm","floor":1.0,"turns":3.0},{"damage":6.0,"enemies":"Cultist","floor":3.0,"turns":3.0},{"damage":2.0,"enemies":"2 Louse","floor":4.0,"turns":4.0},{"damage":25.0,"enemies":"Lagavulin","floor":6.0,"turns":5.0},{"damage":3.0,"enemies":"Blue Slaver","floor":11.0,"turns":4.0},{"damage":24.0,"enemies":"Hexaghost","floor":16.0,"turns":7.0},{"damage":6.0,"enemies":"Shell Parasite","floor":18.0,"turns":4.0},{"damage":8.0,"enemies":"2 Thieves","floor":22.0,"turns":4.0},{"damage":10.0,"enemies":"Gremlin Leader","floor":29.0,"turns":5.0},{"damage":0.0,"enemies":"Shelled Parasite and Fungi","floor":31.0,"turns":3.0},{"damage":27.0,"enemies":"Automaton","floor":33.0,"turns":6.0},{"damage":5,"enemies":"3 Shapes","floor":35,"turns":3},{"damage":10,"enemies":"3 Darklings","floor":36,"turns":3},{"damage":4,"enemies":"Writhing Mass","floor":42,"turns":3},{"damage":0,"enemies":"4 Shapes","floor":46,"turns":2},{"damage":3,"enemies":"Sphere and 2 Shapes","floor":47,"turns":3},{"damage":33,"enemies":"Donu and Deca","floor":50,"turns":5}],"seed_played":"-401500588246455951","potions_obtained":[{"floor":4.0,"key":"PowerPotion"},{"floor":6.0,"key":"Regen Potion"},{"floor":22.0,"key":"Explosive Potion"}],"is_trial":false,"path_per_floor":["M","?","M","M","?","E","R","?","T","$","M","T","R","$","R","B",null,"M","$","?","?","M","R","$","R","T","$","R","E","?","M","R","B",null,"M","M","?","?","T","R","R","M","T","$","R","M","M","?","R","B",null],"character_chosen":"IRONCLAD","items_purchased":["Second Wind","Finesse"],"campfire_rested":0,"item_purchase_floors":[14,19],"current_hp_per_floor":[72,72,72,72,58,39,39,39,39,39,42,42,42,42,42,24,72,72,72,72,72,70,70,70,70,70,70,70,66,66,72,72,51,72,72,68,68,68,68,68,68,70,70,69,69,69,69,69,69,54],"gold":122,"neow_bonus":"REMOVE_TWO","is_prod":false,"is_daily":false,"chose_seed":false,"campfire_upgraded":11,"win_rate":0,"timestamp":1561886771,"path_taken":["M","?","?","M","?","E","R","?","T","$","M","?","R","$","R","BOSS","M","$","?","?","M","R","$","R","T","$","R","E","?","M","R","BOSS","M","M","?","?","?","R","R","M","T","$","R","M","?","?","R","BOSS"],"build_version":"2019-01-23","purchased_purges":2,"victory":true,"max_hp_per_floor":[72,72,72,72,72,72,72,72,72,72,72,72,72,72,72,72,72,72,72,72,72,72,72,72,72,72,72,72,72,72,72,72,72,72,72,72,72,72,72,72,72,72,72,69,69,69,69,69,69,69],"card_choices":[{"not_picked":["Cleave","Entrench"],"picked":"Spot Weakness","floor":1.0},{"not_picked":["Armaments","Iron Wave"],"picked":"Uppercut","floor":3.0},{"not_picked":["Thunderclap","Havoc","Headbutt"],"picked":"SKIP","floor":4.0},{"not_picked":["Flame Barrier","Corruption"],"picked":"Shockwave","floor":6.0},{"not_picked":["Rupture","Shrug It Off"],"picked":"Dropkick","floor":11.0},{"not_picked":["Thunderclap+1","True Grit","Dual Wield"],"picked":"SKIP","floor":18.0},{"not_picked":["Power Through","Clash","Headbutt"],"picked":"SKIP","floor":22.0},{"not_picked":["Combust+1","Warcry","Iron Wave"],"picked":"SKIP","floor":29.0},{"not_picked":["Warcry+1","Pommel Strike","Clothesline"],"picked":"SKIP","floor":31.0},{"not_picked":["Reaper","Double Tap"],"picked":"Limit Break","floor":33.0},{"not_picked":["Pommel Strike+1","Carnage","Whirlwind"],"picked":"SKIP","floor":35},{"not_picked":["Entrench","Pommel Strike+1"],"picked":"Burning Pact","floor":36},{"not_picked":["Clothesline","Flex","Anger+1"],"picked":"SKIP","floor":42},{"not_picked":["Warcry","Twin Strike+1","Shrug It Off"],"picked":"SKIP","floor":46},{"not_picked":["Combust","Clash+1","Whirlwind"],"picked":"SKIP","floor":47}],"player_experience":5603077,"relics_obtained":[{"floor":6.0,"key":"WingedGreaves"},{"floor":9.0,"key":"Self Forming Clay"},{"floor":12.0,"key":"Paper Frog"},{"floor":26.0,"key":"Red Skull"},{"floor":29.0,"key":"Boot"},{"floor":39,"key":"Gremlin Horn"},{"floor":43,"key":"Bottled Lightning"}],"event_choices":[{"damage_healed":0.0,"max_hp_gain":0.0,"max_hp_loss":0.0,"gold_gain":0.0,"event_name":"NoteForYourself","player_choice":"Ignored","floor":2.0,"gold_loss":0.0,"damage_taken":0.0},{"damage_healed":0.0,"max_hp_gain":0.0,"max_hp_loss":0.0,"gold_gain":0.0,"event_name":"Shining Light","player_choice":"Entered Light","floor":5.0,"gold_loss":0.0,"damage_taken":14.0,"cards_upgraded":["Bash","Defend_R"]},{"cards_removed":["Strike_R"],"damage_healed":0.0,"max_hp_gain":0.0,"max_hp_loss":0.0,"gold_gain":0.0,"event_name":"Living Wall","player_choice":"Forget","floor":8.0,"gold_loss":0.0,"damage_taken":0.0},{"cards_removed":["Strike_R"],"damage_healed":0.0,"max_hp_gain":0.0,"max_hp_loss":0.0,"gold_gain":0.0,"event_name":"Back to Basics","player_choice":"Elegance","floor":20.0,"gold_loss":0.0,"damage_taken":0.0},{"damage_healed":0.0,"max_hp_gain":0.0,"max_hp_loss":0.0,"gold_gain":0.0,"event_name":"Vampires","player_choice":"Ignored","floor":21.0,"gold_loss":0.0,"damage_taken":0.0},{"cards_removed":["Bash"],"damage_healed":0.0,"max_hp_gain":0.0,"max_hp_loss":0.0,"gold_gain":0.0,"event_name":"Beggar","player_choice":"Gave Gold","floor":30.0,"gold_loss":75.0,"damage_taken":0.0},{"damage_healed":0,"gold_gain":0,"player_choice":"Ignored","damage_taken":0,"max_hp_gain":0,"max_hp_loss":0,"event_name":"Tomb of Lord Red Mask","floor":37,"gold_loss":0},{"cards_removed":["Defend_R"],"damage_healed":0,"gold_gain":0,"player_choice":"Removed Skill","damage_taken":0,"max_hp_gain":0,"max_hp_loss":0,"event_name":"Falling","floor":38,"gold_loss":0},{"damage_healed":0,"gold_gain":0,"player_choice":"Bought 0 Potions","damage_taken":0,"max_hp_gain":0,"max_hp_loss":0,"event_name":"The Woman in Blue","floor":48,"gold_loss":0}],"is_beta":false,"boss_relics":[{"not_picked":["Orrery","Runic Cube"],"picked":"Philosopher\u0027s Stone"},{"not_picked":["Cursed Key","Lizard Tail"],"picked":"Sozu"}],"items_purged_floors":[10,44],"is_endless":false,"potions_floor_spawned":[4,6,22,31,35,42,46],"ascension_level":0}