{"path_per_floor":["M","$","?","?","M","R","E","R","T","R","E","M","M","M","R","B",null,"M","?","$","M","M","E","R","E","T","?","?","R","?","M","R","B",null,"M","?","?","M","M","R","?","R","T","M","$","M","R","?","R"],"character_chosen":"THE_SILENT","items_purchased":["Dagger Throw","Well Laid Plans"],"gold_per_floor":[118,19,19,0,20,20,55,55,79,79,111,126,146,161,161,240,240,253,178,1,11,24,51,51,76,101,16,16,16,16,30,30,107,107,122,82,82,102,112,112,112,112,112,127,2,17,17,17,17,17],"floor_reached":50,"campfire_rested":4,"playtime":2133,"item_purchase_floors":[2,20],"current_hp_per_floor":[50,50,47,47,47,47,42,42,42,42,38,38,38,38,38,32,55,47,47,47,47,30,33,33,10,10,10,10,28,28,19,37,2,48,48,48,38,46,40,40,40,40,40,40,40,24,42,42,60,0],"items_purged":["Strike_G","Strike_G","Slice"],"gold":17,"score":805,"play_id":"aa4aed26-7456-4774-a8ab-1c80b8acbf86","local_time":"20180614215801","is_prod":false,"is_daily":false,"chose_seed":false,"is_ascension_mode":true,"campfire_upgraded":7,"win_rate":0,"timestamp":1528984681,"campfire_choices":[{"data":"Neutralize","floor":6,"key":"SMITH"},{"data":"Footwork","floor":8,"key":"SMITH"},{"data":"After Image","floor":10,"key":"SMITH"},{"data":"Deadly Poison","floor":15,"key":"SMITH"},{"data":"Bullet Time","floor":24,"key":"SMITH"},{"floor":29,"key":"REST"},{"floor":32,"key":"REST"},{"data":"Burst","floor":40,"key":"SMITH"},{"data":"Survivor","floor":42,"key":"SMITH"},{"floor":47,"key":"REST"},{"floor":49,"key":"REST"}],"path_taken":["M","$","?","?","?","R","E","R","T","R","E","M","M","?","R","BOSS","M","?","$","M","?","E","R","E","T","?","?","R","?","M","R","BOSS","M","?","?","M","M","R","?","R","T","M","$","?","R","?","R","BOSS"],"build_version":"2018-06-13v3","seed_source_timestamp":33348828885191,"purchased_purges":3,"victory":false,"master_deck":["Defend_G+1","Defend_G+1","Survivor+1","Neutralize+1","AscendersBane","Dagger Throw","After Image+1","Footwork+1","Deadly Poison+1","PiercingWail","Poisoned Stab","Bullet Time+1","Well Laid Plans","Unload+1","Burst+1","Bandage Up","Flechettes+1","Noxious Fumes"],"max_hp_per_floor":[63,63,63,63,63,63,63,63,63,63,63,63,63,63,63,63,63,63,63,63,63,63,63,63,63,63,63,63,63,63,63,63,63,63,63,63,63,63,63,63,63,63,63,63,63,63,63,63,63,63],"relics":["Ring of the Snake","Du-Vu Doll","Centennial Puzzle","Potion Belt","War Paint","Black Star","Mummified Hand","Molten Egg 2","Ninja Scroll","Bottled Flame","Pen Nib","Incense Burner","Runic Pyramid","Matryoshka"],"card_choices":[{"not_picked":["Flechettes","Acrobatics"],"picked":"Backstab","floor":1},{"not_picked":["Sucker Punch","Slice"],"picked":"After Image","floor":5},{"not_picked":["Flying Knee","Poisoned Stab"],"picked":"Footwork","floor":7},{"not_picked":["Sucker Punch","Bane"],"picked":"Deadly Poison","floor":11},{"not_picked":["Storm of Steel","Bane"],"picked":"Slice","floor":12},{"not_picked":["Dagger Spray","Predator"],"picked":"PiercingWail","floor":13},{"not_picked":["Dodge and Roll","All Out Attack"],"picked":"Poisoned Stab","floor":14},{"not_picked":["Die Die Die","Storm of Steel"],"picked":"Bullet Time","floor":16},{"not_picked":["Flying Knee","Expertise","Backflip"],"picked":"SKIP","floor":18},{"not_picked":["Calculated Gamble","Dagger Spray","Bane"],"picked":"SKIP","floor":21},{"not_picked":["Outmaneuver","Dodge and Roll+1","PiercingWail"],"picked":"SKIP","floor":22},{"not_picked":["Acrobatics","Finisher","Sucker Punch"],"picked":"SKIP","floor":23},{"not_picked":["Quick Slash+1","Blade Dance"],"picked":"Unload+1","floor":25},{"not_picked":["Prepared","Cloak And Dagger","Backflip"],"picked":"SKIP","floor":31},{"not_picked":["Phantasmal Killer","A Thousand Cuts"],"picked":"Burst","floor":33},{"not_picked":["Masterful Stab+1","Quick Slash+1","Dagger Throw+1"],"picked":"SKIP","floor":35},{"not_picked":["Jack Of All Trades","Master of Strategy"],"picked":"Bandage Up","floor":37},{"not_picked":["Masterful Stab+1","Outmaneuver"],"picked":"Flechettes+1","floor":38},{"not_picked":["Accuracy","Sucker Punch+1"],"picked":"Noxious Fumes","floor":39},{"not_picked":["Quick Slash+1","Acrobatics","Storm of Steel"],"picked":"SKIP","floor":44},{"not_picked":["Riddle With Holes+1","Flying Knee+1","Deadly Poison"],"picked":"SKIP","floor":46}],"player_experience":602166,"potions_floor_usage":[16,18,22,23,23,25,25,33,39,44,50,50],"damage_taken":[{"damage":13,"enemies":"Jaw Worm","floor":1,"turns":4},{"damage":0,"enemies":"Cultist","floor":5,"turns":3},{"damage":5,"enemies":"3 Sentries","floor":7,"turns":9},{"damage":4,"enemies":"Lagavulin","floor":11,"turns":9},{"damage":0,"enemies":"Small Slimes","floor":12,"turns":3},{"damage":0,"enemies":"Looter","floor":13,"turns":3},{"damage":0,"enemies":"Exordium Wildlife","floor":14,"turns":5},{"damage":6,"enemies":"Hexaghost","floor":16,"turns":9},{"damage":8,"enemies":"Chosen","floor":18,"turns":5},{"damage":0,"enemies":"Shell Parasite","floor":21,"turns":6},{"damage":17,"enemies":"Sentry and Sphere","floor":22,"turns":6},{"damage":12,"enemies":"Book of Stabbing","floor":23,"turns":6},{"damage":23,"enemies":"Slavers","floor":25,"turns":10},{"damage":9,"enemies":"Slaver and Parasite","floor":31,"turns":5},{"damage":35,"enemies":"Automaton","floor":33,"turns":13},{"damage":0,"enemies":"Orb Walker","floor":35,"turns":4},{"damage":0,"enemies":"3 Darklings","floor":38,"turns":5},{"damage":10,"enemies":"Flame Bruiser 2 Orb","floor":39,"turns":3},{"damage":8,"enemies":"Transient","floor":44,"turns":5},{"damage":24,"enemies":"4 Shapes","floor":46,"turns":6},{"damage":78,"enemies":"Donu and Deca","floor":50,"turns":11}],"relics_obtained":[{"floor":7,"key":"Centennial Puzzle"},{"floor":9,"key":"Potion Belt"},{"floor":11,"key":"War Paint"},{"floor":23,"key":"Mummified Hand"},{"floor":23,"key":"Molten Egg 2"},{"floor":25,"key":"Ninja Scroll"},{"floor":25,"key":"Bottled Flame"},{"floor":26,"key":"Pen Nib"},{"floor":43,"key":"Matryoshka"}],"event_choices":[{"event_name":"Scrap Ooze","player_choice":"success","floor":3,"damage_taken":3},{"event_name":"World of Goop","player_choice":"Left","floor":4,"damage_taken":0},{"event_name":"Beggar","player_choice":"Gave Gold","floor":19,"damage_taken":0},{"event_name":"Addict","player_choice":"Obtained Relic","floor":27,"damage_taken":0},{"event_name":"Purifier","player_choice":"One Purge","floor":28,"damage_taken":0},{"event_name":"Back to Basics","player_choice":"Elegance","floor":30,"damage_taken":0},{"event_name":"The Woman in Blue","player_choice":"Bought 3 Potions","floor":36,"damage_taken":0},{"event_name":"SensoryStone","player_choice":"Memory 3","floor":37,"damage_taken":0},{"event_name":"Falling","player_choice":"Removed Attack","floor":41,"damage_taken":0},{"event_name":"Purifier","player_choice":"One Purge","floor":48,"damage_taken":0}],"boss_relics":[{"not_picked":["Orrery","Ectoplasm"],"picked":"Black Star"},{"not_picked":["Snecko Eye","Lizard Tail"],"picked":"Runic Pyramid"}],"items_purged_floors":[2,20,45],"potions_floor_spawned":[1,11,13,14,16,22,23,31,39],"seed_played":"-8053751102309252751","killed_by":"Donu and Deca","ascension_level":13,"potions_obtained":[{"floor":1,"key":"Poison Potion"},{"floor":11,"key":"AttackPotion"},{"floor":13,"key":"Swift Potion"},{"floor":14,"key":"Regen Potion"},{"floor":16,"key":"PowerPotion"},{"floor":22,"key":"SteroidPotion"},{"floor":23,"key":"Dexterity Potion"},{"floor":31,"key":"GamblersBrew"},{"floor":36,"key":"Fire Potion"},{"floor":36,"key":"PowerPotion"},{"floor":36,"key":"Weak Potion"},{"floor":39,"key":"Fire Potion"}],"is_trial":false}