{"gold_per_floor":[118,118,180,230,205,255,29,72,102,427,491,616,630,630],"floor_reached":14,"playtime":200,"items_purged":[],"score":226,"play_id":"8c9ee7d6-f737-416f-9e3a-9d4b0da0bafe","local_time":"20190301221547","is_ascension_mode":true,"campfire_choices":[],"neow_cost":"NONE","seed_source_timestamp":110833566169353,"circlet_count":0,"master_deck":["AscendersBane","Strike_B","Strike_B","Defend_B","Defend_B","Defend_B","Defend_B","Zap","Dualcast","Hologram","Compile Driver","Loop","Secret Technique","Steam","Regret","Coolheaded","Streamline"],"relics":["Cracked Core","NeowsBlessing","SsserpentHead","Golden Idol","Centennial Puzzle","Tiny Chest"],"potions_floor_usage":[13],"damage_taken":[{"damage":0,"enemies":"Cultist","floor":1,"turns":1},{"damage":0,"enemies":"Small Slimes","floor":3,"turns":1},{"damage":0,"enemies":"3 Sentries","floor":8,"turns":1},{"damage":2,"enemies":"2 Louse","floor":11,"turns":2},{"damage":5,"enemies":"Red Slaver","floor":13,"turns":4},{"damage":46,"enemies":"Lagavulin","floor":14,"turns":6}],"seed_played":"8970565318111665962","potions_obtained":[{"floor":3,"key":"SkillPotion"},{"floor":11,"key":"Fire Potion"}],"is_trial":false,"path_per_floor":["M","?","M","?","?","?","$","E","T","?","M","?","M","E"],"character_chosen":"DEFECT","items_purchased":["Loop","Secret Technique"],"campfire_rested":0,"item_purchase_floors":[7,7],"current_hp_per_floor":[64,64,64,57,57,57,57,57,57,57,55,44,39,0],"gold":630,"neow_bonus":"THREE_ENEMY_KILL","is_prod":false,"is_daily":false,"chose_seed":false,"campfire_upgraded":0,"win_rate":0,"timestamp":1551449747,"path_taken":["M","?","?","?","?","?","$","E","T","?","?","?","M","E"],"build_version":"2019-01-23","purchased_purges":0,"victory":false,"max_hp_per_floor":[71,71,71,71,71,64,64,64,64,64,64,64,64,64],"card_choices":[{"not_picked":["Conserve Battery","Barrage"],"picked":"Hologram","floor":1},{"not_picked":["Rebound","Go for the Eyes"],"picked":"Compile Driver","floor":3},{"not_picked":["Compile Driver","Sweeping Beam"],"picked":"Steam","floor":8},{"not_picked":["Steam Power","Hologram"],"picked":"Coolheaded","floor":11},{"not_picked":["Machine Learning","Steam"],"picked":"Streamline","floor":13}],"player_experience":1060993,"relics_obtained":[{"floor":8,"key":"Centennial Puzzle"},{"floor":9,"key":"Tiny Chest"}],"event_choices":[{"damage_healed":0,"gold_gain":0,"player_choice":"Trade","damage_taken":0,"relics_obtained":["SsserpentHead"],"max_hp_gain":0,"max_hp_loss":0,"event_name":"FaceTrader","floor":2,"gold_loss":0},{"cards_removed":["Strike_B"],"damage_healed":0,"gold_gain":0,"player_choice":"Card Removal","damage_taken":7,"max_hp_gain":0,"max_hp_loss":0,"event_name":"Golden Wing","floor":4,"gold_loss":0},{"cards_removed":["Strike_B"],"damage_healed":0,"gold_gain":0,"player_choice":"Card Removal","damage_taken":0,"max_hp_gain":0,"max_hp_loss":0,"event_name":"The Cleric","floor":5,"gold_loss":75},{"damage_healed":0,"gold_gain":0,"player_choice":"Lose Max HP","damage_taken":0,"relics_obtained":["Golden Idol"],"max_hp_gain":0,"max_hp_loss":7,"event_name":"Golden Idol","floor":6,"gold_loss":0},{"damage_healed":0,"gold_gain":275,"player_choice":"Desecrate","damage_taken":0,"max_hp_gain":0,"max_hp_loss":0,"event_name":"Golden Shrine","floor":10,"gold_loss":0,"cards_obtained":["Regret"]},{"damage_healed":0,"gold_gain":75,"player_choice":"Gather Gold","damage_taken":11,"max_hp_gain":0,"max_hp_loss":0,"event_name":"World of Goop","floor":12,"gold_loss":0}],"is_beta":false,"boss_relics":[],"items_purged_floors":[],"is_endless":false,"potions_floor_spawned":[3,11],"killed_by":"Lagavulin","ascension_level":20}