{"gold_per_floor":[15,15,31,31,43,43,118,148,148,45,45,45,45,75,75,148,148,165,165,181,199,43,43,76,76,76,76,31,31,45,45,45,120,120,140,140,240,251,261,287,287,318,318,348,366,394,394,407,407,407,407,407,407,100,125,125],"floor_reached":57,"playtime":3451,"items_purged":["Strike_B","Defend_B"],"score":3363,"play_id":"07329aac-e2d9-4cf7-8a0e-f4197101a14f","local_time":"20190516030507","is_ascension_mode":true,"campfire_choices":[{"data":"Dualcast","floor":6.0,"key":"SMITH"},{"floor":11.0,"key":"REST"},{"data":"Coolheaded","floor":13.0,"key":"SMITH"},{"data":"Recycle","floor":15.0,"key":"SMITH"},{"data":"Biased Cognition","floor":23.0,"key":"SMITH"},{"data":"Turbo","floor":25.0,"key":"SMITH"},{"data":"Defend_B","floor":27.0,"key":"PURGE"},{"data":"Recycle","floor":32.0,"key":"SMITH"},{"data":"Coolheaded","floor":41.0,"key":"SMITH"},{"floor":47.0,"key":"RECALL"},{"data":"Zap","floor":49.0,"key":"PURGE"},{"data":"Ball Lightning","floor":53.0,"key":"PURGE"}],"neow_cost":"NO_GOLD","seed_source_timestamp":52681397328297,"circlet_count":0,"master_deck":["AscendersBane","Dualcast+1","Recycle+1","White Noise","Creative AI","Coolheaded+1","Reboot","Biased Cognition+1","Coolheaded+1","Glacier+1","Turbo+1","Creative AI","Recycle+1","Core Surge","Coolheaded+1","Electrodynamics+1","Fission+1","Coolheaded+1","Recycle+1","Turbo+1","Biased Cognition","Capacitor+1","Consume+1","Chill","All For One"],"special_seed":0,"relics":["Cracked Core","Peace Pipe","Matryoshka","Gambling Chip","Question Card","Inserter","FaceOfCleric","Vajra","Symbiotic Virus","Astrolabe","Thread and Needle","War Paint","The Courier","Ancient Tea Set","Pantograph","Bird Faced Urn","Art of War","ClockworkSouvenir","Centennial Puzzle","Strawberry"],"potions_floor_usage":[56],"damage_taken":[{"damage":3.0,"enemies":"Small Slimes","floor":1.0,"turns":3.0},{"damage":0.0,"enemies":"Cultist","floor":3.0,"turns":4.0},{"damage":5.0,"enemies":"2 Louse","floor":5.0,"turns":2.0},{"damage":44.0,"enemies":"Gremlin Nob","floor":8.0,"turns":4.0},{"damage":0.0,"enemies":"Lagavulin","floor":14.0,"turns":7.0},{"damage":12.0,"enemies":"The Guardian","floor":16.0,"turns":11.0},{"damage":0.0,"enemies":"3 Byrds","floor":18.0,"turns":1.0},{"damage":5.0,"enemies":"Chosen","floor":20.0,"turns":5.0},{"damage":13.0,"enemies":"Shelled Parasite and Fungi","floor":21.0,"turns":6.0},{"damage":4.0,"enemies":"Slavers","floor":24.0,"turns":6.0},{"damage":6.0,"enemies":"Snake Plant","floor":30.0,"turns":4.0},{"damage":11.0,"enemies":"Colosseum Slavers","floor":31.0,"turns":5.0},{"damage":0.0,"enemies":"Collector","floor":33.0,"turns":9.0},{"damage":0.0,"enemies":"3 Darklings","floor":35.0,"turns":1.0},{"damage":0.0,"enemies":"Mind Bloom Boss Battle","floor":37.0,"turns":4.0},{"damage":0.0,"enemies":"Orb Walker","floor":38.0,"turns":2.0},{"damage":0.0,"enemies":"Jaw Worm Horde","floor":39.0,"turns":2.0},{"damage":0.0,"enemies":"Nemesis","floor":40.0,"turns":7.0},{"damage":3.0,"enemies":"Reptomancer","floor":42.0,"turns":6.0},{"damage":11.0,"enemies":"Nemesis","floor":44.0,"turns":7.0},{"damage":0.0,"enemies":"Spire Growth","floor":45.0,"turns":5.0},{"damage":0.0,"enemies":"Giant Head","floor":46.0,"turns":7.0},{"damage":0.0,"enemies":"Transient","floor":48.0,"turns":6.0},{"damage":0.0,"enemies":"Donu and Deca","floor":50.0,"turns":8.0},{"damage":0.0,"enemies":"Awakened One","floor":51.0,"turns":7.0},{"damage":0,"enemies":"Shield and Spear","floor":55,"turns":5},{"damage":30,"enemies":"The Heart","floor":56,"turns":9}],"seed_played":"4500809492933225937","potions_obtained":[{"floor":5.0,"key":"Regen Potion"},{"floor":16.0,"key":"Poison Potion"},{"floor":21.0,"key":"Weak Potion"},{"floor":30.0,"key":"GamblersBrew"},{"floor":33.0,"key":"Explosive Potion"},{"floor":37.0,"key":"FocusPotion"},{"floor":40.0,"key":"Regen Potion"},{"floor":45.0,"key":"SpeedPotion"},{"floor":48.0,"key":"GamblersBrew"}],"is_trial":false,"path_per_floor":["M","?","M","?","M","R","?","E","T","$","R","?","R","E","R","B",null,"M","?","M","M","$","R","E","R","T","R","$","?","M","?","R","B",null,"M","?","?","M","M","E","R","E","T","E","M","E","R","M","R","B","B",null,"R","$","E","B",null],"character_chosen":"DEFECT","items_purchased":["Coolheaded","Turbo","Recycle","ClockworkSouvenir","Centennial Puzzle"],"campfire_rested":1,"item_purchase_floors":[10,22,28,54,54],"current_hp_per_floor":[61,61,61,54,49,49,38,6,6,6,27,27,27,27,27,15,57,57,57,53,41,41,41,38,38,38,38,38,27,22,12,12,13,61,62,62,63,64,65,66,66,79,79,69,85,86,86,87,87,88,89,89,89,89,97,96],"gold":125,"neow_bonus":"REMOVE_TWO","is_prod":false,"is_daily":false,"chose_seed":false,"campfire_upgraded":7,"win_rate":0,"timestamp":1557947107,"path_taken":["M","?","?","?","M","R","?","E","T","$","R","?","R","E","R","BOSS","M","?","?","M","$","R","E","R","T","R","$","?","?","?","R","BOSS","M","?","?","M","M","E","R","E","T","E","M","E","R","M","R","BOSS","BOSS","R","$","E","BOSS"],"build_version":"2019-01-23","purchased_purges":2,"victory":true,"max_hp_per_floor":[71,71,71,71,71,71,71,71,71,71,71,71,71,71,71,71,71,71,71,72,73,73,73,74,74,74,74,74,74,75,76,76,77,77,78,78,79,80,81,82,82,83,83,84,85,86,86,87,87,88,89,89,89,89,97,98],"card_choices":[{"not_picked":["Barrage","Conserve Battery"],"picked":"Cold Snap","floor":1.0},{"not_picked":["Compile Driver","Stack"],"picked":"Cold Snap","floor":3.0},{"not_picked":["Leap","Sweeping Beam"],"picked":"White Noise","floor":5.0},{"not_picked":["Rebound","Amplify"],"picked":"Creative AI","floor":8.0},{"not_picked":["Leap","Conserve Battery"],"picked":"Reboot","floor":14.0},{"not_picked":["Core Surge","Electrodynamics","Buffer"],"picked":"Biased Cognition","floor":16.0},{"not_picked":["Redo","Compile Driver+1","Aggregate"],"picked":"Ball Lightning","floor":18.0},{"not_picked":["Storm","Stack","Ball Lightning"],"picked":"Coolheaded+1","floor":20.0},{"not_picked":["Go for the Eyes","Melter","Cold Snap"],"picked":"Glacier","floor":21.0},{"not_picked":["All For One","Aggregate","Redo"],"picked":"Creative AI","floor":24.0},{"not_picked":["Beam Cell","Rebound","Aggregate"],"picked":"Recycle","floor":30.0},{"not_picked":["Electrodynamics","Rainbow","Biased Cognition"],"picked":"Core Surge","floor":33.0},{"not_picked":["Scrape","Stack","Barrage+1","Genetic Algorithm"],"picked":"SKIP","floor":35.0},{"not_picked":["Streamline","Sunder","Lockon+1"],"picked":"Coolheaded","floor":38.0},{"not_picked":["Multi-Cast","Steam Power+1","Redo+1"],"picked":"Recycle","floor":39.0},{"not_picked":["Coolheaded","Cold Snap","Streamline"],"picked":"Turbo+1","floor":40.0},{"not_picked":["Compile Driver","Streamline","FTL","Leap"],"picked":"SKIP","floor":42.0},{"not_picked":["Static Discharge","White Noise+1","Darkness"],"picked":"Biased Cognition","floor":44.0},{"not_picked":["Beam Cell","Turbo","Ball Lightning"],"picked":"Capacitor+1","floor":45.0},{"not_picked":["Hologram","Go for the Eyes","Scrape"],"picked":"Consume+1","floor":46.0},{"not_picked":["Force Field+1","Rebound+1","Beam Cell"],"picked":"Chill","floor":48.0},{"not_picked":["Turbo","Compile Driver","Chill"],"picked":"All For One","floor":55}],"player_experience":4790878,"relics_obtained":[{"floor":8.0,"key":"Peace Pipe"},{"floor":9.0,"key":"Matryoshka"},{"floor":14.0,"key":"Question Card"},{"floor":24.0,"key":"Vajra"},{"floor":26.0,"key":"Symbiotic Virus"},{"floor":37.0,"key":"Thread and Needle"},{"floor":40.0,"key":"War Paint"},{"floor":42.0,"key":"The Courier"},{"floor":43.0,"key":"Ancient Tea Set"},{"floor":43.0,"key":"Pantograph"},{"floor":44.0,"key":"Bird Faced Urn"},{"floor":46.0,"key":"Art of War"},{"floor":55,"key":"Strawberry"}],"event_choices":[{"damage_healed":0.0,"max_hp_gain":0.0,"max_hp_loss":0.0,"gold_gain":0.0,"cards_transformed":["Strike_B"],"event_name":"Transmorgrifier","player_choice":"Transformed","floor":2.0,"gold_loss":0.0,"damage_taken":0.0,"cards_obtained":["Recycle"]},{"cards_removed":["Strike_B"],"damage_healed":0.0,"max_hp_gain":0.0,"max_hp_loss":0.0,"gold_gain":0.0,"event_name":"Golden Wing","player_choice":"Card Removal","floor":4.0,"gold_loss":0.0,"damage_taken":7.0},{"damage_healed":0.0,"max_hp_gain":0.0,"max_hp_loss":0.0,"gold_gain":75.0,"event_name":"World of Goop","player_choice":"Gather Gold","floor":7.0,"gold_loss":0.0,"damage_taken":11.0},{"damage_healed":0.0,"max_hp_gain":0.0,"max_hp_loss":0.0,"gold_gain":0.0,"event_name":"Dead Adventurer","player_choice":"Searched \u00271\u0027 times","floor":12.0,"gold_loss":0.0,"damage_taken":0.0,"relics_obtained":["Gambling Chip"]},{"damage_healed":0.0,"max_hp_gain":0.0,"max_hp_loss":0.0,"gold_gain":0.0,"event_name":"FaceTrader","player_choice":"Trade","floor":19.0,"gold_loss":0.0,"damage_taken":0.0,"relics_obtained":["FaceOfCleric"]},{"damage_healed":0.0,"max_hp_gain":0.0,"max_hp_loss":0.0,"gold_gain":0.0,"event_name":"Wheel of Change","player_choice":"Damaged","floor":29.0,"gold_loss":0.0,"damage_taken":11.0},{"damage_healed":0.0,"max_hp_gain":0.0,"max_hp_loss":0.0,"gold_gain":0.0,"event_name":"Colosseum","player_choice":"Fight","floor":31.0,"gold_loss":0.0,"damage_taken":0.0},{"damage_healed":0.0,"max_hp_gain":0.0,"max_hp_loss":0.0,"gold_gain":0.0,"event_name":"Colosseum","player_choice":"Fled From Nobs","floor":31.0,"gold_loss":0.0,"damage_taken":0.0},{"cards_removed":["Recycle"],"damage_healed":0.0,"max_hp_gain":0.0,"max_hp_loss":0.0,"gold_gain":0.0,"event_name":"Falling","player_choice":"Removed Skill","floor":36.0,"gold_loss":0.0,"damage_taken":0.0},{"damage_healed":0.0,"max_hp_gain":0.0,"max_hp_loss":0.0,"gold_gain":0.0,"event_name":"MindBloom","player_choice":"Fight","floor":37.0,"gold_loss":0.0,"damage_taken":0.0}],"is_beta":false,"boss_relics":[{"not_picked":["Lizard Tail","Eternal Feather"],"picked":"Inserter"},{"not_picked":["FrozenCore","Cursed Key"],"picked":"Astrolabe"}],"items_purged_floors":[10,22],"is_endless":false,"potions_floor_spawned":[5,16,21,30,33,37,40,45,48],"ascension_level":20}