{"path_per_floor":["M","$","M","?","?","E","R","M","T","M","M","?","M","M","R","B",null],"character_chosen":"DEFECT","items_purchased":["Self Repair"],"gold_per_floor":[118,38,56,56,56,85,85,102,174,190,209,209,232,245,245,368,368,393],"floor_reached":18,"campfire_rested":1,"playtime":2484,"item_purchase_floors":[],"current_hp_per_floor":[69,69,70,55,50,32,56,57,57,58,57,46,37,36,36,8,76,33],"items_purged":[],"gold":393,"score":168,"play_id":"5820d7a0-b810-4fcf-99f7-5311cf54d7f0","local_time":"20180614193054","is_prod":false,"is_daily":false,"chose_seed":false,"is_ascension_mode":false,"campfire_upgraded":1,"win_rate":0.0,"timestamp":1528997454,"campfire_choices":[{"floor":7.0,"key":"REST"},{"data":"Zap","floor":15.0,"key":"SMITH"}],"path_taken":["M","$","M","?","?","E","R","M","T","M","M","?","M","?","R","BOSS","M"],"build_version":"2018-06-07v3","seed_source_timestamp":0,"purchased_purges":0,"victory":false,"master_deck":["Strike_B+1","Strike_B","Strike_B","Strike_B","Defend_B","Defend_B","Defend_B+1","Defend_B","Zap+1","Dualcast","Aggregate","Self Repair","Defragment","Beam Cell","Rainbow","Stack","Reinforced Body","Compile Driver","Static Discharge","Fission","Decay","Doubt","Pain"],"max_hp_per_floor":[75,75,75,75,82,82,82,82,82,82,82,76,76,76,76,76,76,76],"relics":["Cracked Core","Strawberry","Blue Candle","Dodecahedron","Golden Idol","Calling Bell","Ancient Tea Set","Centennial Puzzle","Peace Pipe"],"card_choices":[{"not_picked":["Barrage","Steam"],"picked":"Aggregate","floor":1.0},{"not_picked":["Go for the Eyes","Scrape"],"picked":"Defragment","floor":3.0},{"not_picked":["Hologram","Gash"],"picked":"Beam Cell","floor":6.0},{"not_picked":["Redo","Barrage"],"picked":"Rainbow","floor":8.0},{"not_picked":["Coolheaded","Hologram"],"picked":"Stack","floor":10.0},{"not_picked":["Defragment","Beam Cell"],"picked":"Reinforced Body","floor":11.0},{"not_picked":["Stack","Conserve Battery"],"picked":"Compile Driver","floor":13.0},{"not_picked":["Conserve Battery","Lockon"],"picked":"Static Discharge","floor":14.0},{"not_picked":["Machine Learning","Creative AI"],"picked":"Fission","floor":16.0}],"player_experience":232785,"potions_floor_usage":[],"damage_taken":[{"damage":6.0,"enemies":"Jaw Worm","floor":1.0,"turns":3.0},{"damage":6.0,"enemies":"Small Slimes","floor":3.0,"turns":4.0},{"damage":25.0,"enemies":"3 Sentries","floor":6.0,"turns":7.0},{"damage":6.0,"enemies":"Cultist","floor":8.0,"turns":3.0},{"damage":6.0,"enemies":"2 Fungi Beasts","floor":10.0,"turns":4.0},{"damage":8.0,"enemies":"3 Louse","floor":11.0,"turns":4.0},{"damage":18.0,"enemies":"Lots of Slimes","floor":12.0,"turns":7.0},{"damage":16.0,"enemies":"Lots of Slimes","floor":13.0,"turns":5.0},{"damage":8.0,"enemies":"Exordium Wildlife","floor":14.0,"turns":4.0},{"damage":35.0,"enemies":"Hexaghost","floor":16.0,"turns":9.0},{"damage":50.0,"enemies":"3 Byrds","floor":18.0,"turns":4.0}],"relics_obtained":[{"floor":6.0,"key":"Blue Candle"},{"floor":9.0,"key":"Dodecahedron"},{"floor":17.0,"key":"Ancient Tea Set"},{"floor":17.0,"key":"Centennial Puzzle"},{"floor":17.0,"key":"Peace Pipe"}],"event_choices":[{"event_name":"Shining Light","player_choice":"Entered Light","floor":4.0,"damage_taken":0.0},{"event_name":"Scrap Ooze","player_choice":"success","floor":5.0,"damage_taken":12.0},{"event_name":"Golden Idol","player_choice":"Lose Max HP","floor":12.0,"damage_taken":0.0}],"boss_relics":[{"not_picked":["Astrolabe","Ectoplasm"],"picked":"Calling Bell"}],"items_purged_floors":[],"potions_floor_spawned":[3,8,12,16],"seed_played":"-2585619611035842925","killed_by":"3 Byrds","ascension_level":0,"potions_obtained":[{"floor":3.0,"key":"FocusPotion"},{"floor":8.0,"key":"FearPotion"},{"floor":16.0,"key":"FocusPotion"}],"is_trial":false}