{"gold_per_floor":[112,124,124,12,12,30,40,55,55,55,75,75,75,75,75,75],"floor_reached":16,"playtime":335,"items_purged":["Defend_G"],"score":184,"play_id":"98d9ae6a-e167-4c1d-bb76-66cb0ae87811","local_time":"20181224140627","is_ascension_mode":true,"campfire_choices":[{"data":"Well Laid Plans","floor":12,"key":"SMITH"},{"data":"Neutralize","floor":15,"key":"SMITH"}],"neow_cost":"NONE","seed_source_timestamp":18501039797601,"circlet_count":0,"master_deck":["AscendersBane","Defend_G","Defend_G","Defend_G","Defend_G","Strike_G+1","Strike_G","Strike_G","Survivor","Neutralize+1","Well Laid Plans+1","Calculated Gamble+1","Catalyst"],"relics":["Ring of the Snake","Omamori","Ornamental Fan","Blood Vial"],"potions_floor_usage":[],"damage_taken":[{"damage":5,"enemies":"Small Slimes","floor":1,"turns":4},{"damage":8,"enemies":"Cultist","floor":2,"turns":6},{"damage":0,"enemies":"2 Louse","floor":6,"turns":3},{"damage":6,"enemies":"Red Slaver","floor":7,"turns":5},{"damage":6,"enemies":"Blue Slaver","floor":8,"turns":6},{"damage":5,"enemies":"3 Louse","floor":11,"turns":6},{"damage":0,"enemies":"Hexaghost","floor":16,"turns":1}],"seed_played":"869900505533924332","potions_obtained":[{"floor":7,"key":"GamblersBrew"},{"floor":11,"key":"Dexterity Potion"}],"is_trial":false,"path_per_floor":["M","M","?","$","?","M","M","M","T","?","M","R","$","?","R","B"],"character_chosen":"THE_SILENT","items_purchased":["Well Laid Plans"],"campfire_rested":0,"item_purchase_floors":[4],"current_hp_per_floor":[54,46,46,46,46,46,40,34,34,34,31,31,31,11,11,13],"gold":75,"neow_bonus":"REMOVE_CARD","is_prod":false,"is_daily":false,"chose_seed":false,"campfire_upgraded":2,"win_rate":0,"timestamp":1545631587,"path_taken":["M","M","?","$","?","M","?","M","T","?","?","R","$","?","R","BOSS"],"build_version":"2018-12-20","purchased_purges":1,"victory":false,"max_hp_per_floor":[66,66,66,66,66,66,66,66,66,66,66,66,66,66,66,66],"card_choices":[{"not_picked":["Deflect","Distraction"],"picked":"PiercingWail","floor":1},{"not_picked":["Deflect","Bane","Choke"],"picked":"SKIP","floor":2},{"not_picked":["Escape Plan","Dagger Spray"],"picked":"Calculated Gamble","floor":6},{"not_picked":["Dodge and Roll","Underhanded Strike","Backflip"],"picked":"SKIP","floor":7},{"not_picked":["Setup","Choke"],"picked":"Catalyst","floor":8},{"not_picked":["Infinite Blades","Bane","Prepared"],"picked":"SKIP","floor":11}],"player_experience":1469215,"relics_obtained":[{"floor":5,"key":"Ornamental Fan"},{"floor":9,"key":"Blood Vial"}],"event_choices":[{"cards_removed":["PiercingWail"],"damage_healed":0,"gold_gain":0,"player_choice":"Gave Card","damage_taken":0,"relics_obtained":["Omamori"],"max_hp_gain":0,"max_hp_loss":0,"event_name":"WeMeetAgain","floor":3,"gold_loss":0},{"damage_healed":0,"gold_gain":0,"player_choice":"Relic","damage_taken":0,"max_hp_gain":0,"max_hp_loss":0,"event_name":"Wheel of Change","floor":5,"gold_loss":0},{"cards_removed":["Strike_G"],"damage_healed":0,"gold_gain":0,"player_choice":"Offered Basic","damage_taken":0,"max_hp_gain":0,"max_hp_loss":0,"event_name":"Bonfire Elementals","floor":10,"gold_loss":0},{"damage_healed":0,"gold_gain":0,"player_choice":"Entered Light","damage_taken":20,"max_hp_gain":0,"max_hp_loss":0,"event_name":"Shining Light","floor":14,"gold_loss":0,"cards_upgraded":["Strike_G","Calculated Gamble"]}],"is_beta":false,"boss_relics":[],"items_purged_floors":[4],"is_endless":false,"potions_floor_spawned":[7,11],"killed_by":"Hexaghost","ascension_level":20}