{"gold_per_floor":[215,365,365,383,308,308,30,48,48,48,75,85,149,178,178,251,251,261,261,261,275,290,315,315,342,397,423,423,448,460,483,495,578,590,621,633,45,58,77,77,87,119,119,147,147,66,115,129,129,129,129,129,129,54,89,89],"floor_reached":57,"playtime":8563,"items_purged":["Gash+1"],"score":2967,"play_id":"1fb958cb-3b96-4ca6-a7fc-ac3ce68a915c","local_time":"20190323204003","is_ascension_mode":true,"campfire_choices":[{"data":"Dualcast","floor":6.0,"key":"SMITH"},{"data":"Chaos","floor":10.0,"key":"SMITH"},{"data":"Redo","floor":15.0,"key":"SMITH"},{"data":"Fission","floor":24.0,"key":"SMITH"},{"data":"Recycle","floor":30.0,"key":"SMITH"},{"data":"Turbo","floor":32.0,"key":"SMITH"},{"data":"Double Energy","floor":40.0,"key":"SMITH"},{"data":"Skim","floor":45.0,"key":"SMITH"},{"floor":49,"key":"RECALL"},{"data":"Defragment","floor":53,"key":"SMITH"}],"neow_cost":"NONE","seed_source_timestamp":24210675643094,"circlet_count":0,"master_deck":["AscendersBane","Zap+1","Dualcast+1","Conserve Battery","Glacier","Chaos+1","Recycle+1","Cold Snap","Redo+1","Echo Form","Fission+1","All For One","Creative AI","Conserve Battery","Creative AI","Force Field","Force Field","Conserve Battery","Reinforced Body","White Noise","Core Surge","Double Energy+1","Turbo+1","Coolheaded+1","Creative AI","Storm+1","Skim+1","Skim+1","White Noise","Glacier","Hologram+1","Defragment","Defragment+1","Glacier+1","Creative AI"],"special_seed":0,"relics":["Cracked Core","PreservedInsect","Shuriken","Mummified Hand","Bag of Preparation","Pandora\u0027s Box","Question Card","Meat on the Bone","Bronze Scales","Whetstone","Calipers","MawBank","Orrery","Lee\u0027s Waffle","Dodecahedron","Torii","Symbiotic Virus","War Paint","Ginger","Boot"],"potions_floor_usage":[56,56],"damage_taken":[{"damage":5.0,"enemies":"Small Slimes","floor":1.0,"turns":4.0},{"damage":7.0,"enemies":"Jaw Worm","floor":4.0,"turns":2.0},{"damage":0.0,"enemies":"Cultist","floor":8.0,"turns":3.0},{"damage":18.0,"enemies":"Lagavulin","floor":11.0,"turns":6.0},{"damage":4.0,"enemies":"Exordium Wildlife","floor":12.0,"turns":8.0},{"damage":0.0,"enemies":"Gremlin Nob","floor":13.0,"turns":3.0},{"damage":17.0,"enemies":"3 Sentries","floor":14.0,"turns":9.0},{"damage":16.0,"enemies":"Hexaghost","floor":16.0,"turns":10.0},{"damage":0.0,"enemies":"3 Byrds","floor":18.0,"turns":2.0},{"damage":0.0,"enemies":"Shell Parasite","floor":21.0,"turns":6.0},{"damage":9.0,"enemies":"Shelled Parasite and Fungi","floor":22.0,"turns":5.0},{"damage":0.0,"enemies":"Book of Stabbing","floor":23.0,"turns":4.0},{"damage":20.0,"enemies":"Slavers","floor":25.0,"turns":2.0},{"damage":9.0,"enemies":"Gremlin Leader","floor":27.0,"turns":5.0},{"damage":2.0,"enemies":"Book of Stabbing","floor":29.0,"turns":3.0},{"damage":23.0,"enemies":"3 Cultists","floor":31.0,"turns":5.0},{"damage":0.0,"enemies":"Collector","floor":33.0,"turns":8.0},{"damage":11.0,"enemies":"3 Darklings","floor":35.0,"turns":4.0},{"damage":0.0,"enemies":"3 Shapes","floor":38.0,"turns":2.0},{"damage":15.0,"enemies":"3 Darklings","floor":39.0,"turns":3.0},{"damage":11.0,"enemies":"Writhing Mass","floor":41.0,"turns":4.0},{"damage":2.0,"enemies":"Giant Head","floor":42.0,"turns":4.0},{"damage":1.0,"enemies":"Reptomancer","floor":44.0,"turns":4.0},{"damage":12,"enemies":"2 Orb Walkers","floor":47,"turns":3},{"damage":0,"enemies":"Transient","floor":48,"turns":5},{"damage":1,"enemies":"Donu and Deca","floor":50,"turns":7},{"damage":28,"enemies":"Time Eater","floor":51,"turns":8},{"damage":22,"enemies":"Shield and Spear","floor":55,"turns":3},{"damage":14,"enemies":"The Heart","floor":56,"turns":6}],"seed_played":"5223948110250400982","potions_obtained":[{"floor":1.0,"key":"Block Potion"},{"floor":8.0,"key":"Regen Potion"},{"floor":13.0,"key":"Block Potion"},{"floor":14.0,"key":"Swift Potion"},{"floor":21.0,"key":"EntropicBrew"},{"floor":27.0,"key":"PowerPotion"},{"floor":39.0,"key":"PowerPotion"}],"is_trial":false,"path_per_floor":["M","?","?","M","?","R","$","M","T","R","E","M","?","E","R","B",null,"M","?","T","M","M","E","R","E","T","E","?","E","R","M","R","B",null,"M","?","$","M","M","R","M","E","T","E","R","$","?","M","R","B","B",null,"R","$","E","B",null],"character_chosen":"DEFECT","items_purchased":["Chaos","PreservedInsect","Recycle","Skim","White Noise","Lee\u0027s Waffle","Dodecahedron","Defragment"],"campfire_rested":0,"item_purchase_floors":[7,7,7,37,37,37,37,46],"current_hp_per_floor":[59,59,59,52,52,52,52,52,52,52,34,45,45,28,28,12,56,56,56,56,56,47,47,47,39,39,42,42,40,40,29,29,41,64,53,53,78,78,63,63,52,50,50,49,49,49,49,49,49,48,32,67,67,67,45,43],"gold":89,"neow_bonus":"HUNDRED_GOLD","is_prod":false,"is_daily":false,"chose_seed":false,"campfire_upgraded":9,"win_rate":0,"timestamp":1553344803,"path_taken":["M","?","?","?","?","R","$","M","T","R","E","M","?","E","R","BOSS","M","?","?","M","M","E","R","E","T","E","?","E","R","M","R","BOSS","M","?","$","M","?","R","M","E","T","E","R","?","?","M","R","BOSS","BOSS","R","$","E","BOSS"],"build_version":"2019-01-23","purchased_purges":1,"victory":true,"max_hp_per_floor":[71,71,71,71,71,71,71,71,71,71,71,71,71,71,71,71,71,71,71,71,71,71,71,71,71,71,71,71,71,71,71,71,71,71,71,71,78,78,78,78,78,78,78,78,78,78,78,78,78,78,78,78,78,78,78,78],"card_choices":[{"not_picked":["Static Discharge","Redo"],"picked":"Conserve Battery","floor":1.0},{"not_picked":["Static Discharge","Sweeping Beam"],"picked":"Glacier","floor":4.0},{"not_picked":["Lockon","Leap"],"picked":"Cold Snap","floor":8.0},{"not_picked":["Rip and Tear","Streamline"],"picked":"Gash","floor":11.0},{"not_picked":["Force Field","Stack"],"picked":"Rebound","floor":12.0},{"not_picked":["Barrage","Turbo"],"picked":"Redo","floor":13.0},{"not_picked":["Force Field","Coolheaded"],"picked":"Echo Form","floor":14.0},{"not_picked":["Seek","Echo Form"],"picked":"Fission","floor":16.0},{"not_picked":["Recycle","Cold Snap"],"picked":"Reinforced Body","floor":18.0},{"not_picked":["Hologram","Sunder","Steam Power","Streamline+1"],"picked":"SKIP","floor":21.0},{"not_picked":["Redo","Fusion","Capacitor"],"picked":"White Noise","floor":22.0},{"not_picked":["Rebound","All For One","Undo"],"picked":"Core Surge","floor":23.0},{"not_picked":["Chaos","FTL","Coolheaded"],"picked":"Double Energy","floor":25.0},{"not_picked":["Leap","Barrage","Auto Shields","Blizzard"],"picked":"SKIP","floor":27.0},{"not_picked":["Compile Driver","All For One","Sweeping Beam+1"],"picked":"Turbo","floor":29.0},{"not_picked":["Double Energy","Beam Cell","Stack+1"],"picked":"Coolheaded+1","floor":31.0},{"not_picked":["Buffer","Electrodynamics","Echo Form"],"picked":"Creative AI","floor":33.0},{"not_picked":["Ball Lightning","Hologram+1","Undo"],"picked":"Storm+1","floor":34.0},{"not_picked":["Fusion+1","Rip and Tear","Leap"],"picked":"Skim","floor":34.0},{"not_picked":["Gash","Coolheaded","Darkness","Ball Lightning+1"],"picked":"SKIP","floor":35.0},{"not_picked":["Auto Shields","Reinforced Body","Steam+1","Undo"],"picked":"SKIP","floor":38.0},{"not_picked":["Compile Driver+1","Gash","Sunder"],"picked":"Glacier","floor":39.0},{"not_picked":["Compile Driver","Loop","Tempest+1","Streamline+1"],"picked":"SKIP","floor":41.0},{"not_picked":["Auto Shields","Ball Lightning","Sweeping Beam","Beam Cell+1"],"picked":"SKIP","floor":42.0},{"not_picked":["Stack","Rebound","Hyperbeam"],"picked":"Hologram","floor":44.0},{"not_picked":["Leap+1","Rebound","Coolheaded"],"picked":"Defragment","floor":47},{"not_picked":["Coolheaded+1","Capacitor","Conserve Battery"],"picked":"Glacier+1","floor":48},{"not_picked":["Barrage+1","Rainbow","Static Discharge"],"picked":"Creative AI","floor":55}],"player_experience":3817953,"relics_obtained":[{"floor":11.0,"key":"Shuriken"},{"floor":13.0,"key":"Mummified Hand"},{"floor":14.0,"key":"Bag of Preparation"},{"floor":20.0,"key":"Question Card"},{"floor":23.0,"key":"Meat on the Bone"},{"floor":25.0,"key":"Bronze Scales"},{"floor":26.0,"key":"Whetstone"},{"floor":27.0,"key":"Calipers"},{"floor":29.0,"key":"MawBank"},{"floor":42.0,"key":"Torii"},{"floor":43.0,"key":"Symbiotic Virus"},{"floor":44.0,"key":"War Paint"},{"floor":47,"key":"Ginger"},{"floor":55,"key":"Boot"}],"event_choices":[{"damage_healed":0.0,"max_hp_gain":0.0,"max_hp_loss":0.0,"gold_gain":150.0,"event_name":"Liars Game","player_choice":"AGREE","floor":2.0,"gold_loss":0.0,"damage_taken":0.0,"cards_obtained":["Doubt"]},{"damage_healed":0.0,"max_hp_gain":0.0,"max_hp_loss":0.0,"gold_gain":0.0,"event_name":"Upgrade Shrine","player_choice":"Upgraded","floor":3.0,"gold_loss":0.0,"damage_taken":0.0,"cards_upgraded":["Zap"]},{"cards_removed":["Doubt"],"damage_healed":0.0,"max_hp_gain":0.0,"max_hp_loss":0.0,"gold_gain":0.0,"event_name":"The Cleric","player_choice":"Card Removal","floor":5.0,"gold_loss":75.0,"damage_taken":0.0},{"damage_healed":0.0,"max_hp_gain":0.0,"max_hp_loss":0.0,"gold_gain":0.0,"event_name":"Dead Adventurer","player_choice":"Searched \u00272\u0027 times","floor":13.0,"gold_loss":0.0,"damage_taken":0.0},{"damage_healed":0.0,"max_hp_gain":0.0,"max_hp_loss":0.0,"gold_gain":0.0,"event_name":"Vampires","player_choice":"Ignored","floor":19.0,"gold_loss":0.0,"damage_taken":0.0},{"cards_removed":["Rebound"],"damage_healed":0.0,"max_hp_gain":0.0,"max_hp_loss":0.0,"gold_gain":0.0,"event_name":"Back to Basics","player_choice":"Elegance","floor":28.0,"gold_loss":0.0,"damage_taken":0.0},{"cards_removed":["Hyperbeam"],"damage_healed":0.0,"max_hp_gain":0.0,"max_hp_loss":0.0,"gold_gain":0.0,"event_name":"Purifier","player_choice":"Purged","floor":36.0,"gold_loss":0.0,"damage_taken":0.0},{"damage_healed":0,"gold_gain":0,"player_choice":"Fight","damage_taken":0,"max_hp_gain":0,"max_hp_loss":0,"event_name":"Mysterious Sphere","floor":47,"gold_loss":0}],"is_beta":false,"boss_relics":[{"not_picked":["Black Star","Cursed Key"],"picked":"Pandora\u0027s Box"},{"not_picked":["Velvet Choker","Runic Dome"],"picked":"Orrery"}],"items_purged_floors":[54],"is_endless":false,"potions_floor_spawned":[1,8,13,14,21,27,29,31,39,41,48],"ascension_level":20}