{"gold_per_floor":[115,133,147,68,83,83,110,110,188,188,188,188,188,202,202,333,333,353,338,338,354,373,373,423,423,446,446,446,371,470,180,180,309,309,334,120,120,120,45,86,86,86,86,107,0,100,100,114,114,114],"floor_reached":51,"playtime":2010,"items_purged":["Strike_G","Defend_G","Blade Dance","Defend_G+1","Ball Lightning+1"],"score":819,"play_id":"b2a845fa-8151-401d-b259-192e9d5c9e06","local_time":"20181022223027","is_ascension_mode":false,"campfire_choices":[{"data":"Deadly Poison","floor":6,"key":"SMITH"},{"data":"Footwork","floor":8,"key":"SMITH"},{"data":"Neutralize","floor":12,"key":"SMITH"},{"data":"Footwork","floor":15,"key":"SMITH"},{"data":"Burst","floor":23,"key":"SMITH"},{"data":"Defend_G","floor":25,"key":"SMITH"},{"data":"Defend_G","floor":28,"key":"SMITH"},{"data":"Footwork","floor":32,"key":"SMITH"},{"floor":41,"key":"REST"},{"data":"Footwork","floor":47,"key":"SMITH"},{"data":"Metallicize","floor":49,"key":"SMITH"}],"neow_cost":"NONE","seed_source_timestamp":51599561316566,"circlet_count":0,"master_deck":["Defend_G+1","Strike_G+1","Survivor+1","Neutralize+1","Deadly Poison+1","Footwork+1","Escape Plan+1","Footwork+1","Burst+1","Leg Sweep+1","Acrobatics+1","Dagger Throw+1","Footwork+1","Night Terror+1","Blur+1","Purity+1","Fusion+1","Footwork+1","Metallicize+1"],"relics":["Ring of the Snake","WingedGreaves","Paper Crane","Golden Idol","Runic Pyramid","Boot","Membership Card","Cursed Key","PrismaticShard","Mark of the Bloom","Anchor"],"potions_floor_usage":[7,7,22,48,50],"damage_taken":[{"damage":0,"enemies":"Jaw Worm","floor":1,"turns":3},{"damage":0,"enemies":"2 Louse","floor":2,"turns":3},{"damage":2,"enemies":"Small Slimes","floor":3,"turns":3},{"damage":1,"enemies":"3 Louse","floor":5,"turns":4},{"damage":23,"enemies":"3 Sentries","floor":7,"turns":15},{"damage":3,"enemies":"Exordium Thugs","floor":14,"turns":4},{"damage":0,"enemies":"The Guardian","floor":16,"turns":12},{"damage":0,"enemies":"Spheric Guardian","floor":18,"turns":5},{"damage":8,"enemies":"2 Thieves","floor":19,"turns":4},{"damage":0,"enemies":"Centurion and Healer","floor":21,"turns":8},{"damage":0,"enemies":"Chosen and Byrds","floor":22,"turns":6},{"damage":8,"enemies":"Collector","floor":33,"turns":14},{"damage":0,"enemies":"3 Darklings","floor":35,"turns":8},{"damage":0,"enemies":"Reptomancer","floor":40,"turns":8},{"damage":0,"enemies":"Orb Walker","floor":44,"turns":4},{"damage":0,"enemies":"Sphere and 2 Shapes","floor":48,"turns":5},{"damage":0,"enemies":"Time Eater","floor":50,"turns":23}],"seed_played":"-1115241860908778212","potions_obtained":[{"floor":1,"key":"SkillPotion"},{"floor":5,"key":"Regen Potion"},{"floor":11,"key":"SpeedPotion"},{"floor":11,"key":"FairyPotion"},{"floor":11,"key":"LiquidBronze"},{"floor":21,"key":"SteroidPotion"},{"floor":40,"key":"GamblersBrew"},{"floor":48,"key":"AttackPotion"}],"is_trial":false,"path_per_floor":["M","M","M","$","M","R","E","R","T","?","?","R","?","M","R","B",null,"M","M","?","M","M","R","?","R","T","?","R","$","?","$","R","B",null,"M","$","?","?","$","E","R","T","T","M","$","?","R","M","R","B"],"character_chosen":"THE_SILENT","items_purchased":["Footwork","Membership Card","Footwork","PrismaticShard","Purity","Footwork"],"campfire_rested":1,"item_purchase_floors":[4,31,31,36,36,45],"current_hp_per_floor":[70,70,68,68,67,67,58,58,58,51,51,51,34,31,31,31,70,70,62,62,62,62,62,62,62,62,62,62,62,62,62,62,54,70,70,70,66,66,66,66,66,66,66,66,66,66,66,66,66,66],"gold":114,"neow_bonus":"TRANSFORM_CARD","is_prod":false,"is_daily":false,"chose_seed":false,"campfire_upgraded":10,"win_rate":0,"timestamp":1540218627,"path_taken":["M","M","M","$","M","R","E","R","T","?","?","R","?","M","R","BOSS","M","M","?","M","M","R","?","R","T","?","R","$","?","$","R","BOSS","M","$","?","?","$","E","R","?","T","M","$","?","R","M","R","BOSS"],"build_version":"2018-10-18","purchased_purges":5,"victory":true,"max_hp_per_floor":[70,70,70,70,70,70,70,70,70,70,70,70,70,70,70,70,70,70,70,70,70,70,70,70,70,70,70,70,70,70,70,70,70,70,70,70,66,66,66,66,66,66,66,66,66,66,66,66,66,66],"card_choices":[{"not_picked":["Distraction","Quick Slash"],"picked":"Deadly Poison","floor":1},{"not_picked":["Acrobatics","Cloak And Dagger","Dodge and Roll"],"picked":"SKIP","floor":2},{"not_picked":["Concentrate","Flying Knee","Bane"],"picked":"SKIP","floor":3},{"not_picked":["Deflect","Tactician"],"picked":"Escape Plan","floor":5},{"not_picked":["Heel Hook","Dodge and Roll","Expertise"],"picked":"SKIP","floor":7},{"not_picked":["Blade Dance","Backflip"],"picked":"Footwork","floor":14},{"not_picked":["Doppelganger","Wraith Form v2"],"picked":"Burst","floor":16},{"not_picked":["Calculated Gamble","Flying Knee+1","Slice"],"picked":"SKIP","floor":18},{"not_picked":["Acrobatics","Cloak And Dagger+1"],"picked":"Leg Sweep+1","floor":19},{"not_picked":["Masterful Stab","Dagger Spray","Acrobatics"],"picked":"SKIP","floor":21},{"not_picked":["Bane","PiercingWail","Dash"],"picked":"SKIP","floor":22},{"not_picked":["Wraith Form v2","Venomology"],"picked":"Night Terror","floor":33},{"not_picked":["Quick Slash","Underhanded Strike+1"],"picked":"Blur+1","floor":35},{"not_picked":["Perfected Strike+1","Quick Slash"],"picked":"Ball Lightning+1","floor":40},{"not_picked":["PiercingWail+1","Deflect+1"],"picked":"Fusion+1","floor":44},{"not_picked":["Skewer+1","Gash"],"picked":"Metallicize","floor":48}],"player_experience":533792,"relics_obtained":[{"floor":7,"key":"WingedGreaves"},{"floor":9,"key":"Paper Crane"},{"floor":26,"key":"Boot"},{"floor":40,"key":"Anchor"}],"event_choices":[{"cards_removed":["Strike_G"],"damage_healed":0,"gold_gain":0,"player_choice":"Card Removal","damage_taken":7,"max_hp_gain":0,"max_hp_loss":0,"event_name":"Golden Wing","floor":10,"gold_loss":0},{"damage_healed":0,"gold_gain":0,"player_choice":"Got Potions","damage_taken":0,"max_hp_gain":0,"max_hp_loss":0,"event_name":"The Lab","floor":11,"gold_loss":0},{"damage_healed":0,"gold_gain":0,"player_choice":"Take Damage","damage_taken":17,"relics_obtained":["Golden Idol"],"max_hp_gain":0,"max_hp_loss":0,"event_name":"Golden Idol","floor":13,"gold_loss":0},{"damage_healed":0,"gold_gain":0,"cards_transformed":["Defend_G","Strike_G"],"player_choice":"Became Test Subject","damage_taken":0,"max_hp_gain":0,"max_hp_loss":0,"event_name":"Drug Dealer","floor":20,"gold_loss":0,"cards_obtained":["Acrobatics","Dagger Throw"]},{"damage_healed":0,"gold_gain":100,"player_choice":"Bet on Murderer","damage_taken":0,"max_hp_gain":0,"max_hp_loss":0,"event_name":"The Joust","floor":24,"gold_loss":50},{"cards_removed":["Defend_G"],"damage_healed":0,"gold_gain":0,"player_choice":"Elegance","damage_taken":0,"max_hp_gain":0,"max_hp_loss":0,"event_name":"Back to Basics","floor":27,"gold_loss":0},{"damage_healed":0,"gold_gain":99,"player_choice":"Stole From Cult","damage_taken":0,"max_hp_gain":0,"max_hp_loss":0,"event_name":"Nest","floor":30,"gold_loss":0},{"damage_healed":0,"gold_gain":0,"player_choice":"Max HP","damage_taken":0,"max_hp_gain":0,"max_hp_loss":4,"event_name":"Winding Halls","floor":37,"gold_loss":0},{"damage_healed":0,"gold_gain":0,"player_choice":"Upgrade","damage_taken":0,"relics_obtained":["Mark of the Bloom"],"max_hp_gain":0,"max_hp_loss":0,"event_name":"MindBloom","floor":38,"gold_loss":0,"cards_upgraded":["Strike_G","Survivor","Escape Plan","Acrobatics","Dagger Throw","Night Terror","Purity"]},{"damage_healed":0,"gold_gain":100,"player_choice":"Pray","damage_taken":0,"max_hp_gain":0,"max_hp_loss":0,"event_name":"Golden Shrine","floor":46,"gold_loss":0}],"is_beta":false,"boss_relics":[{"not_picked":["HoveringKite","Snecko Eye"],"picked":"Runic Pyramid"},{"not_picked":["Sozu","Ring of the Serpent"],"picked":"Cursed Key"}],"items_purged_floors":[29,31,36,39,45],"is_endless":false,"potions_floor_spawned":[1,5,21,40,48],"ascension_level":0}