{"gold_per_floor":[111,111,128,278,31,65,83,83,135,135,135,135,149,164,164,238,238,248,248,248,173,191,191,191,203,257,273,273,283,300,69,69,145,145,155,80,100,0,0,0,0,11,38,38,38,58,58,74,74,74],"floor_reached":50,"playtime":1607,"items_purged":["All Out Attack","Strike_G+1"],"score":983,"play_id":"ae8ec9f6-0a14-4aca-8e86-3842ea6d8994","local_time":"20181007210403","is_ascension_mode":true,"campfire_choices":[{"data":"Noxious Fumes","floor":10.0,"key":"SMITH"},{"data":"Cloak And Dagger","floor":12.0,"key":"SMITH"},{"data":"Neutralize","floor":15.0,"key":"SMITH"},{"data":"Noxious Fumes","floor":23.0,"key":"SMITH"},{"floor":28.0,"key":"REST"},{"floor":32.0,"key":"REST"},{"data":"Envenom","floor":40,"key":"SMITH"},{"data":"Footwork","floor":45,"key":"SMITH"},{"data":"Blade Dance","floor":47,"key":"SMITH"},{"floor":49,"key":"REST"}],"neow_cost":"NONE","seed_source_timestamp":0,"circlet_count":0,"master_deck":["Defend_G","Defend_G","Defend_G","Defend_G","Defend_G","Survivor","Neutralize+1","AscendersBane","Noxious Fumes+1","Cloak And Dagger+1","Glass Knife+1","Flechettes+1","After Image+1","Noxious Fumes+1","Backflip","Blade Dance+1","Envenom+1","Catalyst+1","Footwork+1","Infinite Blades"],"special_seed":0,"relics":["Ring of the Snake","NeowsBlessing","Snake Skull","Whetstone","Omamori","Kunai","Astrolabe","Spirit Poop","MutagenicStrength","Art of War","ClockworkSouvenir","WristBlade","Lantern"],"potions_floor_usage":[],"damage_taken":[{"damage":0.0,"enemies":"2 Louse","floor":1.0,"turns":1.0},{"damage":0.0,"enemies":"Cultist","floor":3.0,"turns":1.0},{"damage":0.0,"enemies":"3 Sentries","floor":6.0,"turns":2.0},{"damage":0.0,"enemies":"Jaw Worm","floor":7.0,"turns":4.0},{"damage":4.0,"enemies":"Looter","floor":13.0,"turns":4.0},{"damage":5.0,"enemies":"Large Slime","floor":14.0,"turns":5.0},{"damage":37.0,"enemies":"Slime Boss","floor":16.0,"turns":11.0},{"damage":5.0,"enemies":"3 Byrds","floor":18.0,"turns":6.0},{"damage":16.0,"enemies":"2 Thieves","floor":22.0,"turns":3.0},{"damage":18.0,"enemies":"Colosseum Slavers","floor":24.0,"turns":5.0},{"damage":3.0,"enemies":"Centurion and Healer","floor":25.0,"turns":7.0},{"damage":13.0,"enemies":"3 Cultists","floor":27.0,"turns":5.0},{"damage":6.0,"enemies":"Snecko","floor":29.0,"turns":5.0},{"damage":11.0,"enemies":"Snake Plant","floor":30.0,"turns":4.0},{"damage":25.0,"enemies":"Automaton","floor":33.0,"turns":11.0},{"damage":0,"enemies":"3 Shapes","floor":35,"turns":6},{"damage":21,"enemies":"3 Darklings","floor":37,"turns":5},{"damage":11,"enemies":"Maw","floor":42,"turns":6},{"damage":3,"enemies":"4 Shapes","floor":46,"turns":5},{"damage":14,"enemies":"3 Darklings","floor":48,"turns":6},{"damage":79,"enemies":"Time Eater","floor":50,"turns":6}],"seed_played":"-2679945299783293239","potions_obtained":[{"floor":3.0,"key":"FearPotion"},{"floor":14.0,"key":"AttackPotion"},{"floor":16.0,"key":"Dexterity Potion"},{"floor":29.0,"key":"Fire Potion"},{"floor":30.0,"key":"Block Potion"},{"floor":35,"key":"FairyPotion"}],"is_trial":false,"path_per_floor":["M","?","M","?","$","E","M","?","T","R","T","R","M","M","R","B",null,"M","?","?","?","M","R","?","M","T","M","R","M","M","$","R","B",null,"M","$","M","$","?","R","?","M","T","$","R","M","R","M","R"],"character_chosen":"THE_SILENT","items_purchased":["Snake Skull","Noxious Fumes","ClockworkSouvenir"],"campfire_rested":3,"item_purchase_floors":[5,5,31],"current_hp_per_floor":[59,64,64,64,64,64,64,64,64,64,64,64,60,55,55,18,58,53,53,53,53,37,37,19,16,16,3,24,18,7,7,28,3,54,54,54,33,33,33,33,71,60,60,60,60,57,57,43,64,0],"gold":74,"neow_bonus":"THREE_ENEMY_KILL","is_prod":false,"is_daily":false,"chose_seed":false,"campfire_upgraded":7,"win_rate":0,"timestamp":1538917443,"path_taken":["M","?","M","?","$","E","M","?","T","R","?","R","?","M","R","BOSS","M","?","?","?","M","R","?","M","T","M","R","?","M","$","R","BOSS","M","$","M","$","?","R","?","M","T","?","R","?","R","M","R","BOSS"],"build_version":"2018-10-04v2","purchased_purges":2,"victory":false,"max_hp_per_floor":[66,71,71,71,71,71,71,71,71,71,71,71,71,71,71,71,71,71,71,71,71,71,71,71,71,71,71,71,71,71,71,71,71,71,71,71,71,71,71,71,71,71,71,71,71,71,71,71,71,71],"card_choices":[{"not_picked":["Poisoned Stab","Distraction","Quick Slash"],"picked":"SKIP","floor":1.0},{"not_picked":["Poisoned Stab","Distraction","Quick Slash"],"picked":"SKIP","floor":3.0},{"not_picked":["Riddle With Holes","Cloak And Dagger"],"picked":"Sucker Punch","floor":6.0},{"not_picked":["Dagger Spray","Concentrate"],"picked":"Cloak And Dagger","floor":7.0},{"not_picked":["Skewer","Sucker Punch","Outmaneuver"],"picked":"SKIP","floor":13.0},{"not_picked":["Dagger Spray","Calculated Gamble"],"picked":"All Out Attack","floor":14.0},{"not_picked":["Flechettes","Well Laid Plans"],"picked":"Noxious Fumes","floor":18.0},{"not_picked":["Blade Dance","Cloak And Dagger"],"picked":"Backflip","floor":22.0},{"not_picked":["Dagger Spray","Quick Slash","Skewer+1"],"picked":"SKIP","floor":25.0},{"not_picked":["Underhanded Strike","Quick Slash","Flying Knee"],"picked":"SKIP","floor":27.0},{"not_picked":["Masterful Stab","Underhanded Strike","Acrobatics"],"picked":"SKIP","floor":29.0},{"not_picked":["Bane","Calculated Gamble"],"picked":"Blade Dance","floor":30.0},{"not_picked":["Glass Knife","Grand Finale"],"picked":"Envenom","floor":33.0},{"not_picked":["Choke","Outmaneuver+1"],"picked":"Catalyst+1","floor":35},{"not_picked":["Blade Dance","Well Laid Plans"],"picked":"Footwork","floor":37},{"not_picked":["Sucker Punch","Deflect"],"picked":"Infinite Blades","floor":42},{"not_picked":["Underhanded Strike+1","Flying Knee","Prepared"],"picked":"SKIP","floor":46},{"not_picked":["Venomology","PiercingWail","Deadly Poison"],"picked":"SKIP","floor":48}],"player_experience":219985,"relics_obtained":[{"floor":6.0,"key":"Whetstone"},{"floor":9.0,"key":"Omamori"},{"floor":11.0,"key":"Kunai"},{"floor":26.0,"key":"Art of War"},{"floor":43,"key":"Lantern"}],"event_choices":[{"event_name":"Big Fish","player_choice":"Donut","floor":2.0,"damage_taken":0.0},{"event_name":"Liars Game","player_choice":"agreed","floor":4.0,"damage_taken":0.0},{"event_name":"Dead Adventurer","player_choice":"Searched \u00270\u0027 times","floor":8.0,"damage_taken":0.0},{"event_name":"Bonfire Elementals","player_choice":"CURSE","floor":19.0,"damage_taken":0.0},{"event_name":"Drug Dealer","player_choice":"Inject Mutagens","floor":20.0,"damage_taken":0.0},{"event_name":"Beggar","player_choice":"Gave Gold","floor":21.0,"damage_taken":0.0},{"event_name":"Colosseum","player_choice":"Fight","floor":24.0,"damage_taken":0.0},{"event_name":"Colosseum","player_choice":"Fled From Nobs","floor":24.0,"damage_taken":0.0},{"event_name":"Purifier","player_choice":"One Purge","floor":39,"damage_taken":0},{"event_name":"MindBloom","player_choice":"Heal","floor":41,"damage_taken":0}],"is_beta":false,"boss_relics":[{"not_picked":["Empty Cage","Runic Pyramid"],"picked":"Astrolabe"},{"not_picked":["Lizard Tail","Pandora\u0027s Box"],"picked":"WristBlade"}],"items_purged_floors":[36,38],"is_endless":false,"potions_floor_spawned":[3,14,16,24,29,30,35,46],"killed_by":"Time Eater","ascension_level":20}