{"gold_per_floor":[20,20,39,54,65,65,84,84,157,176,191,191,191,29,29,108,108,123,0,0,18,18,18,36,36,112,112,112,125,125,137,137,211,211,231,13,13,13,23,58,58,413,440,457,321,337,367,380,380,380,380,380,380,43,72,72],"floor_reached":57,"playtime":3081,"items_purged":["Strike_G","Strike_G","Strike_G"],"score":3158,"play_id":"d5cf6705-1328-4fac-9aa7-27a6e1622ca8","local_time":"20190216105754","is_ascension_mode":true,"campfire_choices":[{"data":"Neutralize","floor":6.0,"key":"SMITH"},{"data":"Cloak And Dagger","floor":8.0,"key":"SMITH"},{"data":"Catalyst","floor":12.0,"key":"SMITH"},{"data":"Bouncing Flask","floor":15.0,"key":"SMITH"},{"data":"Wraith Form v2","floor":23.0,"key":"SMITH"},{"data":"Ghostly","floor":25.0,"key":"SMITH"},{"data":"Ghostly","floor":27.0,"key":"SMITH"},{"data":"Ghostly","floor":30.0,"key":"SMITH"},{"floor":32.0,"key":"RECALL"},{"data":"Grand Finale","floor":41,"key":"SMITH"},{"data":"Adrenaline","floor":49,"key":"SMITH"},{"data":"After Image","floor":53,"key":"SMITH"}],"neow_cost":"NO_GOLD","seed_source_timestamp":4620000419254,"circlet_count":0,"master_deck":["AscendersBane","Defend_G","Defend_G","Defend_G","Defend_G","Defend_G","Strike_G","Survivor","Neutralize+1","After Image+1","Backflip","Cloak And Dagger+1","Heel Hook","Blur","Catalyst+1","Bouncing Flask+1","Burst+1","Acrobatics+1","Wraith Form v2+1","Ghostly+1","Ghostly+1","Ghostly+1","Deadly Poison+1","Concentrate","Adrenaline+1","Escape Plan","Grand Finale+1","Concentrate","Catalyst+1","Escape Plan+1"],"special_seed":0,"relics":["Ring of the Snake","Ice Cream","Sozu","Gremlin Horn","Pen Nib","Runic Pyramid","Membership Card","Bag of Preparation","Old Coin","PreservedInsect","Strawberry","Toxic Egg 2","Snake Skull","Orichalcum","Chemical X","Du-Vu Doll"],"potions_floor_usage":[],"damage_taken":[{"damage":1.0,"enemies":"2 Louse","floor":1.0,"turns":3.0},{"damage":6.0,"enemies":"Cultist","floor":3.0,"turns":8.0},{"damage":1.0,"enemies":"Small Slimes","floor":4.0,"turns":8.0},{"damage":11.0,"enemies":"3 Louse","floor":5.0,"turns":6.0},{"damage":0.0,"enemies":"Looter","floor":7.0,"turns":4.0},{"damage":0.0,"enemies":"Red Slaver","floor":10.0,"turns":4.0},{"damage":6.0,"enemies":"3 Louse","floor":11.0,"turns":7.0},{"damage":0.0,"enemies":"The Guardian","floor":16.0,"turns":7.0},{"damage":22.0,"enemies":"3 Byrds","floor":18.0,"turns":8.0},{"damage":0.0,"enemies":"Spheric Guardian","floor":21.0,"turns":2.0},{"damage":0.0,"enemies":"Snake Plant","floor":24.0,"turns":5.0},{"damage":3.0,"enemies":"Shelled Parasite and Fungi","floor":29.0,"turns":5.0},{"damage":0.0,"enemies":"3 Cultists","floor":31.0,"turns":7.0},{"damage":2.0,"enemies":"Champ","floor":33.0,"turns":8.0},{"damage":0.0,"enemies":"3 Shapes","floor":35.0,"turns":6.0},{"damage":0,"enemies":"Orb Walker","floor":39,"turns":2},{"damage":0,"enemies":"Nemesis","floor":40,"turns":3},{"damage":0,"enemies":"2 Orb Walkers","floor":42,"turns":6},{"damage":0,"enemies":"Transient","floor":44,"turns":6},{"damage":0,"enemies":"Sphere and 2 Shapes","floor":46,"turns":5},{"damage":0,"enemies":"Giant Head","floor":47,"turns":5},{"damage":0,"enemies":"3 Darklings","floor":48,"turns":4},{"damage":0,"enemies":"Donu and Deca","floor":50,"turns":8},{"damage":0,"enemies":"Time Eater","floor":51,"turns":5},{"damage":0,"enemies":"Shield and Spear","floor":55,"turns":6},{"damage":4,"enemies":"The Heart","floor":56,"turns":7}],"seed_played":"-4043077503905332060","potions_obtained":[{"floor":5.0,"key":"Poison Potion"},{"floor":7.0,"key":"Fire Potion"},{"floor":16.0,"key":"Weak Potion"}],"is_trial":false,"path_per_floor":["M","?","M","M","M","R","M","R","T","M","M","R","?","$","R","B",null,"M","?","?","M","?","R","M","R","T","R","T","M","R","M","R","B",null,"M","$","?","$","M","E","R","?","T","M","$","M","E","M","R","B","B",null,"R","$","E","B",null],"character_chosen":"THE_SILENT","items_purchased":["Bouncing Flask","Membership Card","Strawberry","Snake Skull","Orichalcum","Chemical X"],"campfire_rested":0,"item_purchase_floors":[14,36,45,54,54,54],"current_hp_per_floor":[58,49,43,42,31,31,31,31,31,31,25,25,14,14,14,14,53,31,31,31,31,31,31,31,31,31,31,31,28,28,28,28,26,31,31,31,31,31,31,31,31,31,31,31,38,38,38,38,38,38,38,40,40,40,40,36],"gold":72,"neow_bonus":"THREE_RARE_CARDS","is_prod":false,"is_daily":false,"chose_seed":false,"campfire_upgraded":11,"win_rate":0,"timestamp":1550285874,"path_taken":["M","?","M","?","M","R","M","R","T","M","M","R","?","$","R","BOSS","M","?","?","?","?","R","M","R","T","R","?","M","R","M","R","BOSS","M","$","?","?","M","E","R","?","T","M","?","?","E","M","R","BOSS","BOSS","R","$","E","BOSS"],"build_version":"2019-01-23","purchased_purges":3,"victory":true,"max_hp_per_floor":[66,66,66,66,66,66,66,66,66,66,66,66,66,66,66,66,66,66,66,66,66,33,33,33,33,33,33,33,33,33,33,33,33,33,33,33,33,33,33,33,33,33,33,33,40,40,40,40,40,40,40,40,40,40,40,40],"card_choices":[{"not_picked":["Storm of Steel","A Thousand Cuts"],"picked":"After Image","floor":0.0},{"not_picked":["PiercingWail","Quick Slash"],"picked":"Backflip","floor":1.0},{"not_picked":["Blade Dance","Dagger Spray","Flying Knee"],"picked":"SKIP","floor":3.0},{"not_picked":["Underhanded Strike","Crippling Poison","Outmaneuver"],"picked":"SKIP","floor":4.0},{"not_picked":["Flying Knee","Acrobatics"],"picked":"Cloak And Dagger","floor":5.0},{"not_picked":["Bullet Time","Terror"],"picked":"Heel Hook","floor":7.0},{"not_picked":["Prepared","Flechettes"],"picked":"Blur","floor":10.0},{"not_picked":["Flying Knee","Setup"],"picked":"Catalyst","floor":11.0},{"not_picked":["Malaise","Unload"],"picked":"Burst","floor":16.0},{"not_picked":["Reflex+1","Backflip"],"picked":"Acrobatics+1","floor":18.0},{"not_picked":["Acrobatics","Slice"],"picked":"Wraith Form v2","floor":21.0},{"not_picked":["Dagger Throw","Bane","Slice+1"],"picked":"SKIP","floor":24.0},{"not_picked":["Sucker Punch","Finisher"],"picked":"Deadly Poison+1","floor":29.0},{"not_picked":["Reflex","Expertise"],"picked":"Concentrate","floor":31.0},{"not_picked":["After Image","Night Terror"],"picked":"Adrenaline","floor":33.0},{"not_picked":["Quick Slash","Poisoned Stab","Dash"],"picked":"SKIP","floor":35.0},{"not_picked":["Underhanded Strike","PiercingWail","Backflip"],"picked":"SKIP","floor":39},{"not_picked":["Underhanded Strike","PiercingWail","Backflip"],"picked":"SKIP","floor":39},{"not_picked":["Caltrops","Slice"],"picked":"Grand Finale","floor":40},{"not_picked":["Outmaneuver","Blur","Dagger Throw"],"picked":"SKIP","floor":44},{"not_picked":["Endless Agony+1","Masterful Stab+1"],"picked":"Concentrate","floor":46},{"not_picked":["PiercingWail","Dagger Spray+1"],"picked":"Catalyst","floor":47},{"not_picked":["Endless Agony","Dagger Throw","Slice+1"],"picked":"SKIP","floor":48},{"not_picked":["Quick Slash","Sucker Punch"],"picked":"Escape Plan+1","floor":55}],"player_experience":2808235,"relics_obtained":[{"floor":26.0,"key":"Gremlin Horn"},{"floor":28.0,"key":"Pen Nib"},{"floor":40,"key":"Bag of Preparation"},{"floor":42,"key":"Old Coin"},{"floor":43,"key":"PreservedInsect"},{"floor":47,"key":"Toxic Egg 2"},{"floor":55,"key":"Du-Vu Doll"}],"event_choices":[{"damage_healed":0.0,"max_hp_gain":0.0,"max_hp_loss":0.0,"gold_gain":0.0,"event_name":"Wheel of Change","player_choice":"Damaged","floor":2.0,"gold_loss":0.0,"damage_taken":9.0},{"damage_healed":0.0,"max_hp_gain":0.0,"max_hp_loss":0.0,"gold_gain":0.0,"event_name":"Scrap Ooze","player_choice":"Success","floor":13.0,"gold_loss":0.0,"damage_taken":11.0,"relics_obtained":["Ice Cream"]},{"damage_healed":0.0,"max_hp_gain":0.0,"max_hp_loss":0.0,"gold_gain":0.0,"event_name":"Masked Bandits","player_choice":"Paid Fearfully","floor":19.0,"gold_loss":123.0,"damage_taken":0.0},{"damage_healed":0.0,"max_hp_gain":0.0,"max_hp_loss":0.0,"gold_gain":0.0,"event_name":"Upgrade Shrine","player_choice":"Upgraded","floor":20.0,"gold_loss":0.0,"damage_taken":0.0,"cards_upgraded":["Burst"]},{"damage_healed":0.0,"max_hp_gain":0.0,"max_hp_loss":33.0,"gold_gain":0.0,"event_name":"Ghosts","player_choice":"Became a Ghost","floor":22.0,"gold_loss":0.0,"damage_taken":0.0,"cards_obtained":["Ghostly","Ghostly","Ghostly"]},{"damage_healed":0,"gold_gain":0,"cards_transformed":["Strike_G"],"player_choice":"Transformed","damage_taken":0,"max_hp_gain":0,"max_hp_loss":0,"event_name":"Transmorgrifier","floor":37,"gold_loss":0,"cards_obtained":["Escape Plan"]},{"damage_healed":0,"gold_gain":0,"player_choice":"Fight","damage_taken":0,"max_hp_gain":0,"max_hp_loss":0,"event_name":"Mysterious Sphere","floor":42,"gold_loss":0}],"is_beta":false,"boss_relics":[{"not_picked":["Velvet Choker","Empty Cage"],"picked":"Sozu"},{"not_picked":["Tiny House","White Beast Statue"],"picked":"Runic Pyramid"}],"items_purged_floors":[14,45,54],"is_endless":false,"potions_floor_spawned":[5,7,16,21,33,39,42,46,55],"ascension_level":20}