{"gold_per_floor":[109,109,109,26,37,37,37,71,94,124,139,167,181,198,198,277,277,296,114,114,164,174,174,193,212,212,212,212,229,229],"floor_reached":30,"playtime":855,"items_purged":["Strike_B"],"score":550,"play_id":"9e639bbd-2f04-41d7-ba4f-505ad55811be","local_time":"20190226145851","is_ascension_mode":true,"campfire_choices":[{"data":"Zap","floor":6.0,"key":"SMITH"},{"data":"Capacitor","floor":15,"key":"SMITH"},{"data":"Barrage","floor":23,"key":"SMITH"},{"data":"Coolheaded","floor":27,"key":"SMITH"}],"neow_cost":"NONE","seed_source_timestamp":759334497974705,"circlet_count":0,"master_deck":["AscendersBane","Strike_B","Strike_B","Defend_B","Defend_B","Defend_B","Defend_B","Zap+1","Dualcast","Compile Driver","Loop","Recycle","Ball Lightning","Doom and Gloom","Cold Snap","Skim","Capacitor+1","Barrage+1","Biased Cognition","Stack","Coolheaded+1","Turbo+1","Cold Snap"],"special_seed":0,"relics":["Cracked Core","NeowsBlessing","Vajra","Lantern","Turnip","PreservedInsect","Nuclear Battery","Meat on the Bone","Ice Cream"],"potions_floor_usage":[12,12,14,24,29,29],"damage_taken":[{"damage":0.0,"enemies":"Jaw Worm","floor":1.0,"turns":1.0},{"damage":0.0,"enemies":"Small Slimes","floor":5.0,"turns":1.0},{"damage":0.0,"enemies":"Lagavulin","floor":8.0,"turns":2.0},{"damage":25,"enemies":"3 Sentries","floor":10,"turns":7},{"damage":0,"enemies":"Cultist","floor":11,"turns":3},{"damage":13,"enemies":"Lagavulin","floor":12,"turns":7},{"damage":1,"enemies":"3 Louse","floor":13,"turns":2},{"damage":0,"enemies":"Looter","floor":14,"turns":2},{"damage":16,"enemies":"Hexaghost","floor":16,"turns":8},{"damage":2,"enemies":"3 Byrds","floor":18,"turns":4},{"damage":0,"enemies":"Chosen","floor":22,"turns":5},{"damage":15,"enemies":"Snecko","floor":24,"turns":5},{"damage":29,"enemies":"Chosen and Byrds","floor":25,"turns":6},{"damage":2,"enemies":"3 Cultists","floor":29,"turns":4},{"damage":36,"enemies":"Cultist and Chosen","floor":30,"turns":3}],"seed_played":"1012981498416409195","potions_obtained":[{"floor":1.0,"key":"SkillPotion"},{"floor":3.0,"key":"AttackPotion"},{"floor":10,"key":"FocusPotion"},{"floor":12,"key":"SkillPotion"},{"floor":13,"key":"FearPotion"},{"floor":24,"key":"SpeedPotion"}],"is_trial":false,"path_per_floor":["M","?","?","$","M","R","$","E","T","E","M","E","M","M","R","B",null,"M","$","?","?","M","R","M","M","T","R","T","M","M"],"character_chosen":"DEFECT","items_purchased":["Loop","Coolheaded","Block Potion"],"campfire_rested":0,"item_purchase_floors":[4,19,19],"current_hp_per_floor":[64,57,57,57,57,57,57,57,57,32,32,19,18,18,18,2,54,52,52,52,52,52,52,37,8,8,8,8,18,0],"gold":229,"neow_bonus":"THREE_ENEMY_KILL","is_prod":false,"is_daily":false,"chose_seed":false,"campfire_upgraded":4,"win_rate":0,"timestamp":1551164331,"path_taken":["M","?","?","$","?","R","$","E","T","E","M","E","M","M","R","BOSS","M","$","?","?","?","R","M","M","T","R","?","M","M"],"build_version":"2019-01-23","purchased_purges":1,"victory":false,"max_hp_per_floor":[71,71,71,71,71,71,71,71,71,71,71,71,71,71,71,71,71,71,71,71,71,71,71,71,71,71,71,71,71,71],"card_choices":[{"not_picked":["Force Field","Redo"],"picked":"Compile Driver","floor":1.0},{"not_picked":["Barrage","Hologram"],"picked":"Recycle","floor":5.0},{"not_picked":["White Noise","Compile Driver"],"picked":"Ball Lightning","floor":8.0},{"not_picked":["Genetic Algorithm","Beam Cell"],"picked":"Doom and Gloom","floor":10},{"not_picked":["Leap","Blizzard"],"picked":"Cold Snap","floor":11},{"not_picked":["Steam","Conserve Battery"],"picked":"Skim","floor":12},{"not_picked":["Doom and Gloom","Cold Snap"],"picked":"Capacitor","floor":13},{"not_picked":["White Noise","Beam Cell"],"picked":"Barrage","floor":14},{"not_picked":["Creative AI","Amplify"],"picked":"Biased Cognition","floor":16},{"not_picked":["Barrage","Rebound"],"picked":"Stack","floor":18},{"not_picked":["Hello World+1","Streamline","Loop"],"picked":"SKIP","floor":22},{"not_picked":["Fusion","White Noise"],"picked":"Turbo+1","floor":24},{"not_picked":["Undo","Sweeping Beam"],"picked":"Cold Snap","floor":25},{"not_picked":["Chaos","Darkness","Beam Cell"],"picked":"SKIP","floor":29}],"player_experience":1003433,"relics_obtained":[{"floor":8.0,"key":"Vajra"},{"floor":9.0,"key":"Lantern"},{"floor":10,"key":"Turnip"},{"floor":12,"key":"PreservedInsect"},{"floor":26,"key":"Meat on the Bone"},{"floor":28,"key":"Ice Cream"}],"event_choices":[{"cards_removed":["Strike_B"],"damage_healed":0.0,"max_hp_gain":0.0,"max_hp_loss":0.0,"gold_gain":0.0,"event_name":"Golden Wing","player_choice":"Card Removal","floor":2.0,"gold_loss":0.0,"damage_taken":7.0},{"damage_healed":0.0,"max_hp_gain":0.0,"max_hp_loss":0.0,"gold_gain":0.0,"event_name":"Lab","player_choice":"Got Potions","floor":3.0,"gold_loss":0.0,"damage_taken":0.0},{"damage_healed":0,"gold_gain":0,"player_choice":"Ignored","damage_taken":0,"max_hp_gain":0,"max_hp_loss":0,"event_name":"Vampires","floor":20,"gold_loss":0},{"damage_healed":0,"gold_gain":50,"player_choice":"Pray","damage_taken":0,"max_hp_gain":0,"max_hp_loss":0,"event_name":"Golden Shrine","floor":21,"gold_loss":0}],"is_beta":false,"boss_relics":[{"not_picked":["Calling Bell","Eternal Feather"],"picked":"Nuclear Battery"}],"items_purged_floors":[19],"is_endless":false,"potions_floor_spawned":[1,10,11,12,13,22,24],"killed_by":"Cultist and Chosen","ascension_level":20}