{"gold_per_floor":[111,36,36,49,25,54,54,29,55,66,66,99,99,115,115,188,188,203,214,214,214,224,242,242,277,329,329,58,71,104,123,123,123],"floor_reached":33,"playtime":2209,"items_purged":["Parasite"],"score":516,"play_id":"5c6d5eb4-cf78-4d7e-90b4-230c3ceb2abe","local_time":"20190808043738","is_ascension_mode":true,"campfire_choices":[{"floor":11,"key":"REST"},{"floor":13,"key":"REST"},{"data":"Rampage","floor":15,"key":"SMITH"},{"data":"Body Slam","floor":24,"key":"SMITH"},{"floor":27,"key":"REST"},{"floor":32,"key":"REST"}],"neow_cost":"NONE","seed_source_timestamp":162000560211560,"circlet_count":0,"master_deck":["AscendersBane","Strike_R+1","Strike_R+1","Strike_R+1","Defend_R+1","Defend_R+1","Defend_R+1","Defend_R+1","Bash","Rampage","Hemokinesis","True Grit","Flame Barrier","Body Slam+1","Rampage+1","Power Through","Headbutt","Reaper","Flame Barrier","Battle Trance","Ghostly Armor","Shrug It Off","Armaments+1"],"relics":["Burning Blood","Vajra","Anchor","StoneCalendar","Cursed Key","Singing Bowl","Oddly Smooth Stone","Omamori"],"potions_floor_usage":[12,22,22,23,28,30,33,33],"damage_taken":[{"damage":7,"enemies":"2 Louse","floor":1,"turns":3},{"damage":2,"enemies":"Jaw Worm","floor":4,"turns":3},{"damage":67,"enemies":"3 Sentries","floor":6,"turns":10},{"damage":7,"enemies":"Cultist","floor":10,"turns":3},{"damage":16,"enemies":"Gremlin Nob","floor":12,"turns":4},{"damage":3,"enemies":"2 Fungi Beasts","floor":14,"turns":3},{"damage":46,"enemies":"Hexaghost","floor":16,"turns":8},{"damage":9,"enemies":"2 Thieves","floor":18,"turns":5},{"damage":39,"enemies":"Shell Parasite","floor":19,"turns":6},{"damage":8,"enemies":"Snecko","floor":22,"turns":6},{"damage":21,"enemies":"Snake Plant","floor":23,"turns":4},{"damage":35,"enemies":"Book of Stabbing","floor":25,"turns":6},{"damage":8,"enemies":"Shelled Parasite and Fungi","floor":29,"turns":6},{"damage":49,"enemies":"Gremlin Leader","floor":30,"turns":9},{"damage":11,"enemies":"Cultist and Chosen","floor":31,"turns":6},{"damage":76,"enemies":"Collector","floor":33,"turns":5}],"seed_played":"740805205976714410","potions_obtained":[{"floor":6,"key":"Energy Potion"},{"floor":16,"key":"Regen Potion"},{"floor":18,"key":"Weak Potion"},{"floor":22,"key":"BloodPotion"},{"floor":30,"key":"Strength Potion"},{"floor":31,"key":"Strength Potion"}],"is_trial":false,"path_per_floor":["M","?","?","M","$","E","$","$","T","M","R","E","R","M","R","B",null,"M","M","?","?","M","M","R","E","T","R","$","M","E","M","R","B"],"character_chosen":"IRONCLAD","items_purchased":["True Grit","Body Slam","Fruit Juice","Shrug It Off","Block Potion"],"campfire_rested":4,"item_purchase_floors":[5,8,28,28,28],"current_hp_per_floor":[74,74,67,71,71,10,10,10,10,9,33,23,47,50,50,10,64,61,28,28,28,46,51,51,29,29,54,59,57,31,38,65,0],"gold":123,"neow_bonus":"TEN_PERCENT_HP_BONUS","is_prod":false,"is_daily":false,"chose_seed":false,"campfire_upgraded":2,"win_rate":0,"timestamp":1565257058,"path_taken":["M","?","?","M","$","E","?","$","T","?","R","E","R","M","R","BOSS","M","M","?","?","M","M","R","E","T","R","$","M","E","M","R","BOSS"],"build_version":"2019-07-17","purchased_purges":1,"victory":false,"max_hp_per_floor":[82,82,82,82,82,82,82,82,82,82,82,82,82,82,82,82,82,82,82,82,82,82,82,82,84,84,84,86,86,88,90,90,90],"card_choices":[{"not_picked":["Iron Wave","True Grit"],"picked":"Rampage","floor":1},{"not_picked":["Wild Strike","Cleave"],"picked":"Hemokinesis","floor":4},{"not_picked":["Spot Weakness","Pummel"],"picked":"Flame Barrier","floor":6},{"not_picked":["Twin Strike","Clash"],"picked":"Rampage","floor":10},{"not_picked":["Pommel Strike","Sentinel"],"picked":"Power Through","floor":12},{"not_picked":["Clothesline","Intimidate"],"picked":"Headbutt","floor":14},{"not_picked":["Brutality","Immolate"],"picked":"Reaper","floor":16},{"not_picked":["Rupture","Wild Strike","Cleave"],"picked":"SKIP","floor":18},{"not_picked":["Flex","Clothesline"],"picked":"Flame Barrier","floor":19},{"not_picked":["Warcry","Flex","Evolve"],"picked":"SKIP","floor":22},{"not_picked":["Thunderclap","Armaments"],"picked":"Ghostly Armor","floor":23},{"not_picked":["Immolate","Reaper","Thunderclap"],"picked":"Singing Bowl","floor":25},{"not_picked":["Anger+1","Disarm"],"picked":"Armaments+1","floor":29},{"not_picked":["True Grit","Twin Strike","Second Wind"],"picked":"Singing Bowl","floor":30},{"not_picked":["Dual Wield","Power Through","Flex"],"picked":"Singing Bowl","floor":31}],"player_experience":465278,"relics_obtained":[{"floor":6,"key":"Vajra"},{"floor":9,"key":"Anchor"},{"floor":12,"key":"StoneCalendar"},{"floor":25,"key":"Singing Bowl"},{"floor":26,"key":"Oddly Smooth Stone"},{"floor":30,"key":"Omamori"}],"event_choices":[{"cards_removed":["Strike_R"],"damage_healed":0,"gold_gain":0,"player_choice":"Card Removal","damage_taken":0,"max_hp_gain":0,"max_hp_loss":0,"event_name":"The Cleric","floor":2,"gold_loss":75},{"cards_removed":["Strike_R"],"damage_healed":0,"gold_gain":0,"player_choice":"Card Removal","damage_taken":7,"max_hp_gain":0,"max_hp_loss":0,"event_name":"Golden Wing","floor":3,"gold_loss":0},{"damage_healed":0,"gold_gain":0,"player_choice":"Simplicity","damage_taken":0,"max_hp_gain":0,"max_hp_loss":0,"event_name":"Back to Basics","floor":20,"gold_loss":0,"cards_upgraded":["Strike_R","Strike_R","Strike_R","Defend_R","Defend_R","Defend_R","Defend_R"]},{"damage_healed":0,"gold_gain":0,"player_choice":"Read","damage_taken":0,"max_hp_gain":0,"max_hp_loss":0,"event_name":"The Library","floor":21,"gold_loss":0,"cards_obtained":["Battle Trance"]}],"is_beta":false,"boss_relics":[{"not_picked":["Astrolabe","Runic Pyramid"],"picked":"Cursed Key"}],"items_purged_floors":[28],"is_endless":false,"potions_floor_spawned":[6,16,18,22,30,31],"killed_by":"Collector","ascension_level":15}