{"gold_per_floor":[114,289,3,3,19,19,33,33,58,88,98,118,118,145,145,243,243,263,188,39,39,56,56,56,70,70,70,83,16,34,45,45,145,145,165,180,192,47,47,47,58,58,81,81,99,99,99,118,118,118],"floor_reached":51,"playtime":3974,"items_purged":["Doubt"],"score":709,"play_id":"d6ca0ddb-c79e-4ae4-99aa-504fd41772f2","local_time":"20190615165759","is_ascension_mode":false,"campfire_choices":[{"data":"Redo","floor":6.0,"key":"SMITH"},{"data":"Dualcast","floor":8.0,"key":"SMITH"},{"data":"Zap","floor":13.0,"key":"SMITH"},{"data":"Rainbow","floor":15.0,"key":"SMITH"},{"data":"Recycle","floor":23.0,"key":"SMITH"},{"floor":32.0,"key":"REST"},{"data":"Heatsinks","floor":40,"key":"SMITH"},{"data":"Self Repair","floor":42,"key":"SMITH"},{"floor":44,"key":"REST"},{"data":"Capacitor","floor":47,"key":"SMITH"},{"data":"White Noise","floor":49,"key":"SMITH"}],"neow_cost":"TEN_PERCENT_HP_LOSS","seed_source_timestamp":19464324848775,"circlet_count":0,"master_deck":["Strike_B","Strike_B","Defend_B","Defend_B","Defend_B","Zap+1","Dualcast+1","Cold Snap","Rainbow+1","Ball Lightning","Redo+1","Self Repair+1","White Noise+1","Creative AI","Capacitor+1","Recycle+1","Auto Shields","Heatsinks+1","BootSequence","Electrodynamics","Hologram+1","Pain"],"special_seed":0,"relics":["Cracked Core","Bronze Scales","Blood Vial","Blue Candle","Sozu","Bag of Preparation","Mummified Hand","Busted Crown","Anchor","WarpedTongs","DataDisk"],"potions_floor_usage":[],"damage_taken":[{"damage":6.0,"enemies":"Jaw Worm","floor":1.0,"turns":3.0},{"damage":8.0,"enemies":"Small Slimes","floor":5.0,"turns":3.0},{"damage":0.0,"enemies":"2 Louse","floor":7.0,"turns":1.0},{"damage":8.0,"enemies":"Gremlin Nob","floor":10.0,"turns":3.0},{"damage":0.0,"enemies":"Blue Slaver","floor":11.0,"turns":2.0},{"damage":7.0,"enemies":"Red Slaver","floor":12.0,"turns":3.0},{"damage":15.0,"enemies":"3 Sentries","floor":14.0,"turns":5.0},{"damage":9.0,"enemies":"Slime Boss","floor":16.0,"turns":6.0},{"damage":21.0,"enemies":"2 Thieves","floor":18.0,"turns":3.0},{"damage":17.0,"enemies":"Shell Parasite","floor":22.0,"turns":5.0},{"damage":17.0,"enemies":"Shelled Parasite and Fungi","floor":25.0,"turns":6.0},{"damage":20.0,"enemies":"Centurion and Healer","floor":28.0,"turns":5.0},{"damage":8.0,"enemies":"Cultist and Chosen","floor":30.0,"turns":5.0},{"damage":9.0,"enemies":"3 Cultists","floor":31.0,"turns":5.0},{"damage":36,"enemies":"Automaton","floor":33,"turns":9},{"damage":29,"enemies":"3 Darklings","floor":35,"turns":4},{"damage":0,"enemies":"3 Shapes","floor":36,"turns":4},{"damage":23,"enemies":"Sphere and 2 Shapes","floor":37,"turns":4},{"damage":15,"enemies":"Spire Growth","floor":41,"turns":4},{"damage":1,"enemies":"Jaw Worm Horde","floor":45,"turns":4},{"damage":6,"enemies":"Transient","floor":48,"turns":5},{"damage":27,"enemies":"Time Eater","floor":50,"turns":10}],"seed_played":"2037452154194352282","potions_obtained":[{"floor":5.0,"key":"Weak Potion"},{"floor":7.0,"key":"Energy Potion"},{"floor":10.0,"key":"Poison Potion"}],"is_trial":false,"path_per_floor":["M","?","$","?","M","R","M","R","T","E","M","M","R","E","R","B",null,"M","?","$","?","M","R","?","M","T","$","M","$","M","M","R","B",null,"M","M","M","$","?","R","M","R","T","R","M","?","R","M","R","B",null],"character_chosen":"DEFECT","items_purchased":["Rainbow","Ball Lightning","Bag of Preparation","Heatsinks","Anchor"],"campfire_rested":2,"item_purchase_floors":[3,3,20,29,38],"current_hp_per_floor":[62,62,62,67,59,59,59,59,59,51,53,55,55,49,49,49,73,52,52,52,52,44,44,31,23,23,23,12,12,13,13,36,9,78,56,65,51,51,51,51,45,45,45,68,78,74,74,74,74,57],"gold":118,"neow_bonus":"REMOVE_TWO","is_prod":false,"is_daily":false,"chose_seed":false,"campfire_upgraded":9,"win_rate":0,"timestamp":1560589079,"path_taken":["M","?","$","?","M","R","M","R","T","E","M","M","R","E","R","BOSS","M","?","$","?","M","R","?","M","T","$","M","?","?","M","R","BOSS","M","M","M","$","?","R","M","R","T","R","?","?","R","M","R","BOSS"],"build_version":"2019-01-23","purchased_purges":1,"victory":true,"max_hp_per_floor":[68,68,68,73,73,73,73,73,73,73,73,73,73,73,73,73,73,73,73,73,73,73,73,78,78,78,78,78,78,78,78,78,78,78,78,78,78,78,78,78,78,78,78,78,78,74,74,74,74,74],"card_choices":[{"not_picked":["Conserve Battery","FTL"],"picked":"Cold Snap","floor":1.0},{"not_picked":["Gash","Lockon"],"picked":"Redo","floor":5.0},{"not_picked":["Fusion","Gash","Sunder"],"picked":"SKIP","floor":7.0},{"not_picked":["Melter","Beam Cell","Cold Snap"],"picked":"SKIP","floor":10.0},{"not_picked":["Heatsinks","Streamline"],"picked":"Self Repair","floor":11.0},{"not_picked":["Leap","Rebound","Steam Power"],"picked":"SKIP","floor":12.0},{"not_picked":["Stack","Ball Lightning"],"picked":"White Noise","floor":14.0},{"not_picked":["Fission","Echo Form"],"picked":"Creative AI","floor":16.0},{"not_picked":["Rebound+1","Go for the Eyes+1"],"picked":"Capacitor","floor":18.0},{"not_picked":["Sunder","Redo+1","Go for the Eyes"],"picked":"SKIP","floor":22.0},{"not_picked":["Hologram","Go for the Eyes"],"picked":"Auto Shields","floor":25.0},{"not_picked":["Hyperbeam","Beam Cell","Static Discharge"],"picked":"SKIP","floor":28.0},{"not_picked":["Aggregate+1","Barrage+1"],"picked":"BootSequence","floor":30.0},{"not_picked":["Hologram","Cold Snap","Reprogram+1"],"picked":"SKIP","floor":31.0},{"not_picked":["Amplify","Echo Form"],"picked":"Electrodynamics","floor":33},{"not_picked":["Auto Shields+1"],"picked":"SKIP","floor":35},{"not_picked":[],"picked":"Hologram+1","floor":36},{"not_picked":["Beam Cell"],"picked":"SKIP","floor":37},{"not_picked":["Cold Snap+1"],"picked":"SKIP","floor":41},{"not_picked":["Beam Cell+1"],"picked":"SKIP","floor":45},{"not_picked":["Auto Shields+1"],"picked":"SKIP","floor":48}],"player_experience":5247491,"relics_obtained":[{"floor":9.0,"key":"Bronze Scales"},{"floor":10.0,"key":"Blood Vial"},{"floor":14.0,"key":"Blue Candle"},{"floor":26.0,"key":"Mummified Hand"},{"floor":43,"key":"DataDisk"}],"event_choices":[{"damage_healed":0.0,"max_hp_gain":0.0,"max_hp_loss":0.0,"gold_gain":175.0,"event_name":"Liars Game","player_choice":"AGREE","floor":2.0,"gold_loss":0.0,"damage_taken":0.0,"cards_obtained":["Doubt"]},{"damage_healed":0.0,"max_hp_gain":5.0,"max_hp_loss":0.0,"gold_gain":0.0,"event_name":"Big Fish","player_choice":"Donut","floor":4.0,"gold_loss":0.0,"damage_taken":0.0},{"cards_removed":["Strike_B"],"damage_healed":0.0,"max_hp_gain":0.0,"max_hp_loss":0.0,"gold_gain":0.0,"event_name":"Beggar","player_choice":"Gave Gold","floor":19.0,"gold_loss":75.0,"damage_taken":0.0},{"damage_healed":0.0,"max_hp_gain":0.0,"max_hp_loss":0.0,"gold_gain":0.0,"event_name":"The Library","player_choice":"Read","floor":21.0,"gold_loss":0.0,"damage_taken":0.0,"cards_obtained":["Recycle"]},{"damage_healed":0.0,"max_hp_gain":5.0,"max_hp_loss":0.0,"gold_gain":0.0,"event_name":"Forgotten Altar","player_choice":"Shed Blood","floor":24.0,"gold_loss":0.0,"damage_taken":18.0},{"damage_healed":0,"gold_gain":0,"player_choice":"Rummage","damage_taken":0,"relics_obtained":["WarpedTongs"],"max_hp_gain":0,"max_hp_loss":0,"event_name":"Accursed Blacksmith","floor":39,"gold_loss":0,"cards_obtained":["Pain"]},{"damage_healed":0,"gold_gain":0,"player_choice":"Max HP","damage_taken":0,"max_hp_gain":0,"max_hp_loss":4,"event_name":"Winding Halls","floor":46,"gold_loss":0}],"is_beta":false,"boss_relics":[{"not_picked":["Eternal Feather","Ectoplasm"],"picked":"Sozu"},{"not_picked":["Fusion Hammer","Snecko Eye"],"picked":"Busted Crown"}],"items_purged_floors":[3],"is_endless":false,"potions_floor_spawned":[5,7,10,12,18,28,33,35,48],"ascension_level":0}