{"path_per_floor":["M","M","?","$","M","R","?","M","T","T","$","M","?","$","R","B",null,"M","?","$","?","M","E","R"],"character_chosen":"DEFECT","items_purchased":["Self Repair","Sweeping Beam+1","Beam Cell+1"],"gold_per_floor":[15,35,210,135,148,148,207,220,220,220,127,143,93,43,43,139,139,139,139,39,39,39,39,39,39],"floor_reached":25,"campfire_rested":0,"playtime":1687,"item_purchase_floors":[11,11,14],"current_hp_per_floor":[75,74,74,74,74,74,55,55,55,55,55,52,52,52,52,33,75,75,61,61,61,59,23,23,0],"items_purged":["Doubt","Defend_B"],"gold":39,"score":209,"play_id":"bee39730-0c0f-4d9d-89da-75c72e8a0b55","local_time":"20180602164744","is_prod":false,"is_daily":false,"chose_seed":false,"is_ascension_mode":false,"campfire_upgraded":3,"win_rate":0,"timestamp":1527950864,"campfire_choices":[{"data":"Zap","floor":6,"key":"SMITH"},{"data":"Streamline","floor":15,"key":"SMITH"},{"data":"White Noise","floor":24,"key":"SMITH"}],"path_taken":["M","M","?","$","?","R","?","M","T","?","$","?","?","?","R","BOSS","M","?","$","?","M","E","R","E"],"build_version":"2018-05-30v2","seed_source_timestamp":0,"purchased_purges":2,"victory":false,"master_deck":["Strike_B","Strike_B","Defend_B","Defend_B","Zap+1","Dualcast","Scrape","Chill","Streamline+1","Turbo","Steam","Scrape","Steam Power","Self Repair","Sweeping Beam+1","White Noise+1","Beam Cell+1","Rainbow","Turbo","Streamline+1","White Noise+1"],"max_hp_per_floor":[75,75,75,75,75,75,75,75,75,75,75,75,75,75,75,75,75,75,80,80,80,80,80,80,80],"relics":["Cracked Core","Lantern","Gremlin Horn","Molten Egg 2","Ectoplasm","Toxic Egg 2"],"card_choices":[{"not_picked":["Hologram","Coolheaded"],"picked":"Streamline","floor":1.0},{"not_picked":["Static Discharge","Cold Snap"],"picked":"Turbo","floor":2},{"not_picked":["Hologram","Doom and Gloom"],"picked":"Steam","floor":5},{"not_picked":["Fusion","Coolheaded"],"picked":"Scrape","floor":7},{"not_picked":["Double Energy","Rip and Tear"],"picked":"Steam Power","floor":8},{"not_picked":["Redo","Ball Lightning+1"],"picked":"White Noise","floor":12},{"not_picked":["Reboot","Electrodynamics"],"picked":"Rainbow","floor":16},{"not_picked":["Defragment+1","Coolheaded"],"picked":"Turbo","floor":18},{"not_picked":["Hologram","Leap"],"picked":"Streamline+1","floor":22},{"not_picked":["Streamline+1","Core Surge+1"],"picked":"White Noise+1","floor":23}],"player_experience":84834,"potions_floor_usage":[16,25],"damage_taken":[{"damage":0.0,"enemies":"Cultist","floor":1.0,"turns":3.0},{"damage":1,"enemies":"Jaw Worm","floor":2,"turns":3},{"damage":0,"enemies":"2 Louse","floor":5,"turns":1},{"damage":19,"enemies":"Lagavulin Event","floor":7,"turns":5},{"damage":0,"enemies":"Lots of Slimes","floor":8,"turns":4},{"damage":10,"enemies":"Exordium Thugs","floor":12,"turns":3},{"damage":26,"enemies":"Hexaghost","floor":16,"turns":8},{"damage":0,"enemies":"3 Byrds","floor":18,"turns":4},{"damage":9,"enemies":"Shell Parasite","floor":22,"turns":4},{"damage":43,"enemies":"Book of Stabbing","floor":23,"turns":5}],"relics_obtained":[{"floor":7,"key":"Lantern"},{"floor":9,"key":"Gremlin Horn"},{"floor":10,"key":"Molten Egg 2"},{"floor":23,"key":"Toxic Egg 2"}],"event_choices":[{"event_name":"Liars Game","player_choice":"agreed","floor":3,"damage_taken":0},{"event_name":"Dead Adventurer","player_choice":"Searched \u00272\u0027 times","floor":7,"damage_taken":0},{"event_name":"The Cleric","player_choice":"Card Removal","floor":13,"damage_taken":0},{"event_name":"Forgotten Altar","player_choice":"Shed Blood","floor":19,"damage_taken":0},{"event_name":"Beggar","player_choice":"Ignored","floor":21,"damage_taken":0}],"boss_relics":[{"not_picked":["Runic Pyramid","Astrolabe"],"picked":"Ectoplasm"}],"items_purged_floors":[4,20],"potions_floor_spawned":[2,7,8,18,23],"seed_played":"8206960392429952003","killed_by":"Slavers","ascension_level":0,"potions_obtained":[{"floor":2,"key":"Weak Potion"},{"floor":7,"key":"Explosive Potion"},{"floor":8,"key":"SpeedPotion"},{"floor":18,"key":"FairyPotion"},{"floor":23,"key":"Ancient Potion"}],"is_trial":false}