{"gold_per_floor":[118,129,20,36,36,52,52,67,123,123,136,162,162,187,187,282,282,294,310,210,224,241,241,259,259,259,259,273,290,205,215,215,318,318,331,331,73,73,90,90,109,128,128,148,165,9,9,22,22,22],"floor_reached":51,"playtime":1519,"items_purged":["Regret","Strike_R","Defend_R"],"score":1131,"play_id":"77c97ede-679b-4bd0-b084-ba53a6306121","local_time":"20181009230104","is_ascension_mode":true,"campfire_choices":[{"data":"Inflame","floor":7,"key":"SMITH"},{"data":"Flex","floor":10,"key":"SMITH"},{"data":"Feed","floor":13,"key":"SMITH"},{"data":"Disarm","floor":15,"key":"SMITH"},{"data":"Limit Break","floor":23,"key":"SMITH"},{"data":"Bash","floor":25,"key":"SMITH"},{"data":"Strike_R","floor":27,"key":"SMITH"},{"data":"Strike_R","floor":32,"key":"SMITH"},{"data":"Double Tap","floor":40,"key":"SMITH"},{"data":"Strike_R","floor":49,"key":"SMITH"}],"neow_cost":"CURSE","seed_source_timestamp":43424179774407,"circlet_count":0,"master_deck":["Strike_R+1","Strike_R+1","Strike_R+1","Defend_R","Defend_R","Defend_R","Bash+1","Reaper+1","Flex+1","Clash+1","Inflame+1","Disarm+1","Limit Break+1","Double Tap+1","Heavy Blade+1"],"relics":["Burning Blood","Tiny Chest","Pen Nib","Dream Catcher","Busted Crown","Blue Candle","The Courier","Runic Pyramid","ClockworkSouvenir","Turnip","Brimstone"],"potions_floor_usage":[18,24,33,35,50,50,50],"damage_taken":[{"damage":26,"enemies":"Jaw Worm","floor":1,"turns":4},{"damage":7,"enemies":"2 Louse","floor":2,"turns":2},{"damage":1,"enemies":"Cultist","floor":4,"turns":4},{"damage":44,"enemies":"Gremlin Gang","floor":6,"turns":5},{"damage":23,"enemies":"Lots of Slimes","floor":8,"turns":3},{"damage":6,"enemies":"3 Louse","floor":11,"turns":2},{"damage":32,"enemies":"Gremlin Nob","floor":12,"turns":4},{"damage":26,"enemies":"Lagavulin","floor":14,"turns":7},{"damage":30,"enemies":"The Guardian","floor":16,"turns":11},{"damage":3,"enemies":"Shell Parasite","floor":18,"turns":4},{"damage":7,"enemies":"Chosen","floor":19,"turns":3},{"damage":18,"enemies":"Snake Plant","floor":21,"turns":4},{"damage":14,"enemies":"Cultist and Chosen","floor":22,"turns":4},{"damage":42,"enemies":"Chosen and Byrds","floor":24,"turns":5},{"damage":13,"enemies":"3 Cultists","floor":28,"turns":4},{"damage":17,"enemies":"Snecko","floor":29,"turns":5},{"damage":26,"enemies":"Snake Plant","floor":31,"turns":4},{"damage":43,"enemies":"Champ","floor":33,"turns":7},{"damage":56,"enemies":"3 Darklings","floor":35,"turns":4},{"damage":20,"enemies":"Orb Walker","floor":39,"turns":3},{"damage":35,"enemies":"Reptomancer","floor":41,"turns":5},{"damage":57,"enemies":"3 Darklings","floor":42,"turns":4},{"damage":29,"enemies":"Transient","floor":44,"turns":5},{"damage":34,"enemies":"4 Shapes","floor":45,"turns":5},{"damage":22,"enemies":"Sphere and 2 Shapes","floor":48,"turns":3},{"damage":125,"enemies":"Donu and Deca","floor":50,"turns":5}],"seed_played":"2666488442664152265","potions_obtained":[{"floor":1,"key":"LiquidBronze"},{"floor":4,"key":"LiquidBronze"},{"floor":12,"key":"Block Potion"},{"floor":18,"key":"Strength Potion"},{"floor":19,"key":"PowerPotion"},{"floor":28,"key":"Explosive Potion"},{"floor":33,"key":"PowerPotion"},{"floor":41,"key":"AttackPotion"}],"is_trial":false,"path_per_floor":["M","M","$","M","?","M","R","M","T","R","M","E","R","E","R","B",null,"M","M","$","M","M","R","M","R","T","R","M","M","?","M","R","B",null,"M","?","$","?","M","R","M","M","T","M","M","$","?","M","R","B"],"character_chosen":"IRONCLAD","items_purchased":["Inflame","ClockworkSouvenir","Brimstone"],"campfire_rested":0,"item_purchase_floors":[3,37,46],"current_hp_per_floor":[56,63,63,74,58,42,42,55,55,55,80,66,66,61,61,53,76,88,88,88,82,82,82,68,68,68,68,89,94,94,78,78,62,94,102,102,102,102,109,109,116,116,116,116,120,120,130,124,124,92],"gold":22,"neow_bonus":"THREE_RARE_CARDS","is_prod":false,"is_daily":false,"chose_seed":false,"campfire_upgraded":10,"win_rate":0,"timestamp":1539097264,"path_taken":["M","M","$","M","?","?","R","M","T","R","M","E","R","E","R","BOSS","M","M","$","M","M","R","?","R","T","R","?","M","?","?","R","BOSS","M","?","$","?","?","R","M","M","T","M","?","$","?","M","R","BOSS"],"build_version":"2018-10-04v2","purchased_purges":3,"victory":true,"max_hp_per_floor":[80,80,80,80,80,80,80,80,80,80,80,80,80,84,84,84,84,88,88,88,88,88,88,92,92,92,92,96,100,100,104,104,104,104,108,108,108,108,112,112,116,116,116,116,120,120,130,130,130,130],"card_choices":[{"not_picked":["Offering","Feed"],"picked":"Reaper","floor":0},{"not_picked":["Wild Strike","Cleave"],"picked":"Flex","floor":1},{"not_picked":["Headbutt","Fire Breathing"],"picked":"Clash","floor":2},{"not_picked":["Power Through","Blood for Blood","Evolve"],"picked":"SKIP","floor":4},{"not_picked":["Flame Barrier","Entrench","Rampage"],"picked":"SKIP","floor":6},{"not_picked":["Clothesline","Cleave","Hemokinesis"],"picked":"SKIP","floor":8},{"not_picked":["Warcry","Shockwave"],"picked":"Disarm","floor":11},{"not_picked":["Clothesline","Dual Wield"],"picked":"Feed","floor":12},{"not_picked":["Fire Breathing","Infernal Blade","Pommel Strike"],"picked":"SKIP","floor":14},{"not_picked":["Juggernaut","Impervious"],"picked":"Limit Break","floor":16},{"not_picked":["Fire Breathing"],"picked":"SKIP","floor":18},{"not_picked":["Clash"],"picked":"SKIP","floor":19},{"not_picked":["Wild Strike"],"picked":"SKIP","floor":21},{"not_picked":["Hemokinesis"],"picked":"SKIP","floor":22},{"not_picked":["Dropkick"],"picked":"SKIP","floor":24},{"not_picked":["Anger"],"picked":"SKIP","floor":28},{"not_picked":["Iron Wave"],"picked":"SKIP","floor":29},{"not_picked":["Combust+1"],"picked":"SKIP","floor":31},{"not_picked":[],"picked":"Double Tap","floor":33},{"not_picked":["Clothesline"],"picked":"SKIP","floor":35},{"not_picked":["Iron Wave"],"picked":"SKIP","floor":39},{"not_picked":["Shrug It Off+1"],"picked":"SKIP","floor":41},{"not_picked":[],"picked":"Heavy Blade+1","floor":42},{"not_picked":["Rage"],"picked":"SKIP","floor":44},{"not_picked":["Armaments"],"picked":"SKIP","floor":45},{"not_picked":["Perfected Strike+1"],"picked":"SKIP","floor":48}],"player_experience":64893,"relics_obtained":[{"floor":9,"key":"Tiny Chest"},{"floor":12,"key":"Pen Nib"},{"floor":14,"key":"Dream Catcher"},{"floor":26,"key":"Blue Candle"},{"floor":43,"key":"Turnip"}],"event_choices":[{"event_name":"Shining Light","player_choice":"Entered Light","floor":5,"damage_taken":0},{"event_name":"Addict","player_choice":"Obtained Relic","floor":30,"damage_taken":0},{"event_name":"Wheel of Change","player_choice":"Card Removal","floor":36,"damage_taken":0},{"event_name":"Mysterious Sphere","player_choice":"Ignore","floor":38,"damage_taken":0},{"event_name":"Bonfire Elementals","player_choice":"RARE","floor":47,"damage_taken":0}],"is_beta":false,"boss_relics":[{"not_picked":["Pandora\u0027s Box","Calling Bell"],"picked":"Busted Crown"},{"not_picked":["Lizard Tail","Runic Dome"],"picked":"Runic Pyramid"}],"items_purged_floors":[3,20,37],"is_endless":false,"potions_floor_spawned":[1,4,12,14,16,18,19,28,33,41,44],"ascension_level":9}