{"gold_per_floor":[111,36,56,71,221,221,221,232,232,251,251,34,50,64,64,141,141,152,168,14,64,64,64,5,5,5,5,23,42,59,75,75,152,152,171,271,271,282,58,58,91,91,91,104,136,151,51,61,61,61,61,61,61,33,67,67],"floor_reached":56,"playtime":4245,"items_purged":["Strike_G","Strike_G"],"score":2327,"play_id":"80ebdd7c-d823-4d4c-a78e-dc65dca59954","local_time":"20190325011554","is_ascension_mode":true,"campfire_choices":[{"data":"Neutralize","floor":6.0,"key":"SMITH"},{"data":"Poisoned Stab","floor":15.0,"key":"SMITH"},{"data":"Apotheosis","floor":23.0,"key":"SMITH"},{"data":"Well Laid Plans","floor":27.0,"key":"SMITH"},{"data":"Hologram","floor":32.0,"key":"SMITH"},{"floor":40.0,"key":"RECALL"},{"data":"Metallicize","floor":42.0,"key":"SMITH"},{"data":"Offering","floor":49.0,"key":"SMITH"},{"data":"Creative AI","floor":53.0,"key":"SMITH"}],"neow_cost":"CURSE","seed_source_timestamp":47606003261960,"circlet_count":0,"master_deck":["AscendersBane","Defend_G","Defend_G","Defend_G","Defend_G","Defend_G","Strike_G","Survivor","Neutralize+1","Forethought","Flash of Steel","Footwork","Backflip","Poisoned Stab+1","Masterful Stab","Creative AI+1","Apotheosis+1","Stack","Genetic Algorithm","Well Laid Plans+1","Acrobatics","Ghostly","Ghostly","Ghostly","Prepared","Deadly Poison","Hologram+1","Dual Wield+1","Meteor Strike","Metallicize+1","Shrug It Off+1","Hello World","Evolve","Offering+1","Backflip","Corruption+1"],"special_seed":0,"relics":["Ring of the Snake","PrismaticShard","Cursed Key","Coffee Dripper","Nunchaku","Strange Spoon","Blue Candle","Singing Bowl","Unceasing Top"],"potions_floor_usage":[56,56],"damage_taken":[{"damage":3.0,"enemies":"Jaw Worm","floor":1.0,"turns":6.0},{"damage":0.0,"enemies":"Small Slimes","floor":3.0,"turns":5.0},{"damage":0.0,"enemies":"2 Louse","floor":4.0,"turns":4.0},{"damage":25.0,"enemies":"Exordium Wildlife","floor":8.0,"turns":10.0},{"damage":16.0,"enemies":"Large Slime","floor":10.0,"turns":10.0},{"damage":0.0,"enemies":"Blue Slaver","floor":13.0,"turns":4.0},{"damage":3.0,"enemies":"Looter","floor":14.0,"turns":4.0},{"damage":0.0,"enemies":"Hexaghost","floor":16.0,"turns":9.0},{"damage":22.0,"enemies":"3 Byrds","floor":18.0,"turns":10.0},{"damage":7.0,"enemies":"Shell Parasite","floor":19.0,"turns":6.0},{"damage":2.0,"enemies":"Centurion and Healer","floor":28.0,"turns":12.0},{"damage":0.0,"enemies":"Cultist and Chosen","floor":29.0,"turns":8.0},{"damage":1.0,"enemies":"Snake Plant","floor":30.0,"turns":6.0},{"damage":3.0,"enemies":"Centurion and Healer","floor":31.0,"turns":10.0},{"damage":0.0,"enemies":"Automaton","floor":33.0,"turns":15.0},{"damage":0.0,"enemies":"Orb Walker","floor":35.0,"turns":4.0},{"damage":0.0,"enemies":"Mind Bloom Boss Battle","floor":36.0,"turns":9.0},{"damage":0.0,"enemies":"3 Shapes","floor":38.0,"turns":6.0},{"damage":0.0,"enemies":"Nemesis","floor":41.0,"turns":7.0},{"damage":0.0,"enemies":"Sphere and 2 Shapes","floor":44.0,"turns":6.0},{"damage":0.0,"enemies":"Reptomancer","floor":45.0,"turns":9.0},{"damage":0.0,"enemies":"Writhing Mass","floor":46.0,"turns":7.0},{"damage":22.0,"enemies":"3 Darklings","floor":48.0,"turns":8.0},{"damage":1.0,"enemies":"Awakened One","floor":50.0,"turns":18.0},{"damage":0.0,"enemies":"Time Eater","floor":51.0,"turns":22.0},{"damage":6.0,"enemies":"Shield and Spear","floor":55.0,"turns":12.0},{"damage":27,"enemies":"The Heart","floor":56,"turns":3}],"seed_played":"-8367698303564652965","potions_obtained":[{"floor":3.0,"key":"Poison Potion"},{"floor":13.0,"key":"SpeedPotion"},{"floor":14.0,"key":"EssenceOfSteel"},{"floor":16.0,"key":"Ancient Potion"},{"floor":28.0,"key":"Swift Potion"},{"floor":29.0,"key":"Explosive Potion"},{"floor":31.0,"key":"PowerPotion"},{"floor":38.0,"key":"EssenceOfSteel"},{"floor":44.0,"key":"Dexterity Potion"},{"floor":46.0,"key":"Poison Potion"}],"is_trial":false,"path_per_floor":["M","?","M","M","?","R","?","M","T","M","?","$","M","M","R","B",null,"M","M","$","?","?","R","$","?","T","R","M","M","M","M","R","B",null,"M","?","?","M","$","R","E","R","T","M","E","M","$","M","R","B","B",null,"R","$","E","B"],"character_chosen":"THE_SILENT","items_purchased":["PrismaticShard","Well Laid Plans","Acrobatics","Strange Spoon","Backflip"],"campfire_rested":0,"item_purchase_floors":[12,20,24,39,54],"current_hp_per_floor":[56,56,56,56,56,56,49,24,24,8,8,8,8,5,5,5,51,29,22,22,22,22,22,22,22,22,22,20,20,19,16,16,16,29,29,29,29,29,29,29,29,29,29,29,29,31,31,9,9,8,8,28,28,28,22,0],"gold":67,"neow_bonus":"RANDOM_COLORLESS_2","is_prod":false,"is_daily":false,"chose_seed":false,"campfire_upgraded":8,"win_rate":0,"timestamp":1553447754,"path_taken":["M","?","M","M","?","R","?","M","T","?","?","$","M","M","R","BOSS","M","M","$","?","?","R","?","?","T","R","M","M","?","M","R","BOSS","M","?","?","M","?","R","E","R","T","M","E","M","$","M","R","BOSS","BOSS","R","$","E","BOSS"],"build_version":"2019-01-23","purchased_purges":2,"victory":false,"max_hp_per_floor":[66,66,66,66,66,66,66,66,66,66,66,66,66,66,66,66,66,66,66,66,66,66,66,66,33,33,33,33,33,33,33,33,33,33,33,33,33,33,33,33,33,33,33,33,33,35,35,35,35,35,35,35,35,35,35,35],"card_choices":[{"not_picked":["Prepared","Blade Dance","Accuracy"],"picked":"SKIP","floor":1.0},{"not_picked":["Cloak And Dagger","Distraction"],"picked":"Footwork","floor":3.0},{"not_picked":["Dodge and Roll","Sucker Punch"],"picked":"Backflip","floor":4.0},{"not_picked":["Setup","Outmaneuver","Underhanded Strike"],"picked":"SKIP","floor":8.0},{"not_picked":["Dagger Throw","Riddle With Holes"],"picked":"Poisoned Stab","floor":10.0},{"not_picked":["Slice","Distraction"],"picked":"Creative AI","floor":13.0},{"not_picked":["Underhanded Strike","Slice","Thunderclap"],"picked":"SKIP","floor":14.0},{"not_picked":["Underhanded Strike","Slice","Thunderclap"],"picked":"SKIP","floor":14.0},{"not_picked":["Bludgeon","Unload"],"picked":"Apotheosis","floor":16.0},{"not_picked":["Leg Sweep","Deflect"],"picked":"Stack","floor":18.0},{"not_picked":["Mind Blast","Quick Slash"],"picked":"Genetic Algorithm","floor":19.0},{"not_picked":["Hemokinesis","Trip"],"picked":"Prepared","floor":28.0},{"not_picked":["Wild Strike","Blood for Blood"],"picked":"Deadly Poison","floor":29.0},{"not_picked":["Pommel Strike","Twin Strike"],"picked":"Hologram","floor":30.0},{"not_picked":["Reckless Charge+1","Leap+1"],"picked":"Dual Wield+1","floor":31.0},{"not_picked":["Storm of Steel","Multi-Cast"],"picked":"Meteor Strike","floor":33.0},{"not_picked":["Leap","Blizzard","Iron Wave"],"picked":"SKIP","floor":35.0},{"not_picked":["Dagger Spray","Armaments"],"picked":"Metallicize","floor":36.0},{"not_picked":["Storm of Steel","Cleave+1"],"picked":"Shrug It Off+1","floor":38.0},{"not_picked":["Iron Wave","Phantasmal Killer","Hemokinesis"],"picked":"SKIP","floor":41.0},{"not_picked":["Clash","Intimidate"],"picked":"Hello World","floor":44.0},{"not_picked":["Warcry","Quick Slash"],"picked":"Evolve","floor":45.0},{"not_picked":["Armaments","Trip","Madness"],"picked":"Singing Bowl","floor":46.0},{"not_picked":["Go for the Eyes","Stack"],"picked":"Offering","floor":48.0},{"not_picked":["Reflex","Twin Strike"],"picked":"Corruption+1","floor":55.0}],"player_experience":3850461,"relics_obtained":[{"floor":36.0,"key":"Nunchaku"},{"floor":41.0,"key":"Blue Candle"},{"floor":45.0,"key":"Singing Bowl"},{"floor":55.0,"key":"Unceasing Top"}],"event_choices":[{"cards_removed":["Doubt"],"damage_healed":0.0,"max_hp_gain":0.0,"max_hp_loss":0.0,"gold_gain":0.0,"event_name":"The Cleric","player_choice":"Card Removal","floor":2.0,"gold_loss":75.0,"damage_taken":0.0},{"damage_healed":0.0,"max_hp_gain":0.0,"max_hp_loss":0.0,"gold_gain":150.0,"event_name":"Liars Game","player_choice":"AGREE","floor":5.0,"gold_loss":0.0,"damage_taken":0.0,"cards_obtained":["Doubt"]},{"cards_removed":["Doubt"],"damage_healed":0.0,"max_hp_gain":0.0,"max_hp_loss":0.0,"gold_gain":0.0,"event_name":"Golden Wing","player_choice":"Card Removal","floor":7.0,"gold_loss":0.0,"damage_taken":7.0},{"damage_healed":0.0,"max_hp_gain":0.0,"max_hp_loss":0.0,"gold_gain":0.0,"cards_transformed":["Strike_G"],"event_name":"Living Wall","player_choice":"Change","floor":11.0,"gold_loss":0.0,"damage_taken":0.0,"cards_obtained":["Masterful Stab"]},{"damage_healed":0.0,"max_hp_gain":0.0,"max_hp_loss":0.0,"gold_gain":50.0,"event_name":"Nest","player_choice":"Stole From Cult","floor":21.0,"gold_loss":0.0,"damage_taken":0.0},{"damage_healed":0.0,"max_hp_gain":0.0,"max_hp_loss":0.0,"gold_gain":0.0,"event_name":"Cursed Tome","player_choice":"Ignored","floor":22.0,"gold_loss":0.0,"damage_taken":0.0},{"damage_healed":0.0,"max_hp_gain":0.0,"max_hp_loss":33.0,"gold_gain":0.0,"event_name":"Ghosts","player_choice":"Became a Ghost","floor":25.0,"gold_loss":0.0,"damage_taken":0.0,"cards_obtained":["Ghostly","Ghostly","Ghostly"]},{"damage_healed":0.0,"max_hp_gain":0.0,"max_hp_loss":0.0,"gold_gain":0.0,"event_name":"MindBloom","player_choice":"Fight","floor":36.0,"gold_loss":0.0,"damage_taken":0.0},{"cards_removed":["Strike_G"],"damage_healed":0.0,"max_hp_gain":0.0,"max_hp_loss":0.0,"gold_gain":0.0,"event_name":"Falling","player_choice":"Removed Attack","floor":37.0,"gold_loss":0.0,"damage_taken":0.0}],"is_beta":false,"boss_relics":[{"not_picked":["Tiny House","Eternal Feather"],"picked":"Cursed Key"},{"not_picked":["Orrery","Velvet Choker"],"picked":"Coffee Dripper"}],"items_purged_floors":[20,47],"is_endless":false,"potions_floor_spawned":[3,13,14,16,28,29,31,38,44,46,48],"killed_by":"The Heart","ascension_level":20}