{"gold_per_floor":[139,139,314,160,173,173,203,279,279,179,179,104,123,42,42,138,138,148,148,167,187,187,187,202,77,77,77,77,110,122,141,141,246,246,259,271,151,203,222,222,222,222,246,258,285,135,170,30,30,30],"floor_reached":55,"playtime":1233,"items_purged":["Doubt","Strike_R","Strike_R","Defend_R","Defend_R"],"score":901,"play_id":"226f389d-ae4d-4317-a461-83caa88e532d","local_time":"20190807062414","is_ascension_mode":false,"campfire_choices":[{"data":"Bash","floor":6.0,"key":"SMITH"},{"data":"Purity","floor":15.0,"key":"SMITH"},{"data":"Dropkick","floor":23.0,"key":"SMITH"},{"data":"Dropkick","floor":32.0,"key":"SMITH"},{"floor":44,"key":"REST"},{"data":"Burning Pact","floor":46,"key":"SMITH"},{"floor":53,"key":"RECALL"}],"neow_cost":"NONE","seed_source_timestamp":64346391168564,"circlet_count":0,"master_deck":["Bash+1","Burning Pact+1","Dropkick+1","Dropkick+1","Purity+1"],"special_seed":0,"relics":["Calling Bell","Tiny Chest","Singing Bowl","Magic Flower","Odd Mushroom","Gremlin Horn","Anchor","Regal Pillow","Black Star","Meat on the Bone","Bag of Preparation","The Courier","Empty Cage","Nunchaku","MawBank","Bottled Flame","TheAbacus","Centennial Puzzle","Blue Candle"],"potions_floor_usage":[54,54,54],"damage_taken":[{"damage":6.0,"enemies":"Jaw Worm","floor":1.0,"turns":3.0},{"damage":0.0,"enemies":"Small Slimes","floor":5.0,"turns":3.0},{"damage":29.0,"enemies":"The Mushroom Lair","floor":7.0,"turns":5.0},{"damage":0.0,"enemies":"2 Louse","floor":13.0,"turns":2.0},{"damage":32.0,"enemies":"The Guardian","floor":16.0,"turns":3.0},{"damage":0.0,"enemies":"Chosen","floor":18.0,"turns":4.0},{"damage":20.0,"enemies":"3 Byrds","floor":20.0,"turns":4.0},{"damage":11.0,"enemies":"Snake Plant","floor":21.0,"turns":3.0},{"damage":3.0,"enemies":"Chosen and Byrds","floor":24.0,"turns":4.0},{"damage":24.0,"enemies":"Gremlin Leader","floor":29.0,"turns":3.0},{"damage":15.0,"enemies":"Snecko","floor":30.0,"turns":3.0},{"damage":10.0,"enemies":"Centurion and Healer","floor":31.0,"turns":2.0},{"damage":50,"enemies":"Automaton","floor":33,"turns":6},{"damage":0,"enemies":"3 Darklings","floor":39,"turns":2},{"damage":21,"enemies":"3 Shapes","floor":40,"turns":2},{"damage":0,"enemies":"2 Orb Walkers","floor":42,"turns":2},{"damage":0,"enemies":"Transient","floor":43,"turns":5},{"damage":0,"enemies":"Maw","floor":49,"turns":2},{"damage":0,"enemies":"Giant Head","floor":51,"turns":1},{"damage":0,"enemies":"Time Eater","floor":54,"turns":3}],"seed_played":"6313696255022117996","potions_obtained":[{"floor":13.0,"key":"Poison Potion"},{"floor":18.0,"key":"Fire Potion"},{"floor":20.0,"key":"SkillPotion"},{"floor":29.0,"key":"AttackPotion"},{"floor":30.0,"key":"LiquidBronze"},{"floor":33,"key":"PowerPotion"},{"floor":39,"key":"EssenceOfSteel"}],"is_trial":false,"path_per_floor":["M","?","?","$","M","R","?","T","T","$","T","$","M","$","R","B",null,"M","?","M","M","?","R","M","$","T","$","?","E","M","M","R","B",null,"M","M","$","?","M","R","?","R","T","T","M","$","E","$","R","B",null],"character_chosen":"IRONCLAD","items_purchased":["Dropkick","Dropkick","Purity","TheAbacus"],"campfire_rested":1,"item_purchase_floors":[4,12,14,50],"current_hp_per_floor":[74,74,74,74,76,76,49,49,49,49,49,49,51,51,51,21,88,90,90,72,63,63,63,62,62,62,62,62,58,63,55,55,25,104,106,87,87,89,91,112,112,112,112,112,114,114,116,116,116,116],"gold":30,"neow_bonus":"BOSS_RELIC","is_prod":false,"is_daily":false,"chose_seed":false,"campfire_upgraded":5,"win_rate":0,"timestamp":1565126654,"path_taken":["M","?","?","$","M","R","?","?","T","?","?","$","M","$","R","BOSS","M","?","M","M","?","R","M","$","T","$","?","E","M","M","R","BOSS","M","M","$","?","M","R","?","R","T","?","?","$","E","$","R","BOSS"],"build_version":"2019-07-17","purchased_purges":5,"victory":true,"max_hp_per_floor":[80,80,80,80,82,82,84,84,84,84,84,84,86,86,86,88,88,90,90,92,94,94,94,96,96,96,96,96,98,100,102,102,104,104,106,108,108,110,112,112,112,112,112,112,114,114,116,116,116,116],"card_choices":[{"not_picked":["Armaments","Heavy Blade"],"picked":"Burning Pact","floor":1.0},{"not_picked":["Battle Trance","Corruption","Searing Blow"],"picked":"Singing Bowl","floor":5.0},{"not_picked":["Body Slam","Blood for Blood","Armaments"],"picked":"Singing Bowl","floor":7.0},{"not_picked":["Carnage","Cleave","Warcry"],"picked":"Singing Bowl","floor":13.0},{"not_picked":["Dark Embrace","Berserk","Fiend Fire"],"picked":"Singing Bowl","floor":16.0},{"not_picked":["Metallicize","Pommel Strike+1","Iron Wave+1"],"picked":"Singing Bowl","floor":18.0},{"not_picked":["Thunderclap","Twin Strike","Sword Boomerang"],"picked":"Singing Bowl","floor":20.0},{"not_picked":["Armaments","Flame Barrier","Sword Boomerang+1"],"picked":"Singing Bowl","floor":21.0},{"not_picked":["True Grit","Blood for Blood","Hemokinesis"],"picked":"Singing Bowl","floor":24.0},{"not_picked":["Shrug It Off","Demon Form","Sword Boomerang"],"picked":"Singing Bowl","floor":29.0},{"not_picked":["Anger","Twin Strike","Clothesline"],"picked":"Singing Bowl","floor":30.0},{"not_picked":["Anger+1","Wild Strike","Pommel Strike"],"picked":"Singing Bowl","floor":31.0},{"not_picked":["Immolate","Double Tap","Bludgeon"],"picked":"Singing Bowl","floor":33},{"not_picked":["Pummel","Combust+1","Thunderclap"],"picked":"Singing Bowl","floor":39},{"not_picked":["Perfected Strike","Anger+1","Iron Wave+1"],"picked":"Singing Bowl","floor":40},{"not_picked":["Whirlwind","Thunderclap","Sever Soul+1"],"picked":"Singing Bowl","floor":42},{"not_picked":["Rage","Blood for Blood+1","True Grit+1"],"picked":"Singing Bowl","floor":43},{"not_picked":["Dropkick","Wild Strike+1","Pummel+1"],"picked":"Singing Bowl","floor":49},{"not_picked":["Armaments+1","True Grit+1","Rampage+1"],"picked":"Singing Bowl","floor":51}],"player_experience":796531,"relics_obtained":[{"floor":0.0,"key":"Tiny Chest"},{"floor":0.0,"key":"Singing Bowl"},{"floor":0.0,"key":"Magic Flower"},{"floor":7.0,"key":"Odd Mushroom"},{"floor":8.0,"key":"Gremlin Horn"},{"floor":9.0,"key":"Anchor"},{"floor":11.0,"key":"Regal Pillow"},{"floor":26.0,"key":"Meat on the Bone"},{"floor":29.0,"key":"Bag of Preparation"},{"floor":29.0,"key":"The Courier"},{"floor":42,"key":"Nunchaku"},{"floor":47,"key":"MawBank"},{"floor":48,"key":"Bottled Flame"},{"floor":51,"key":"Centennial Puzzle"},{"floor":51,"key":"Blue Candle"}],"event_choices":[{"cards_removed":["Strike_R"],"damage_healed":0.0,"max_hp_gain":0.0,"max_hp_loss":0.0,"gold_gain":0.0,"event_name":"Living Wall","player_choice":"Forget","floor":2.0,"gold_loss":0.0,"damage_taken":0.0},{"damage_healed":0.0,"max_hp_gain":0.0,"max_hp_loss":0.0,"gold_gain":175.0,"event_name":"Liars Game","player_choice":"AGREE","floor":3.0,"gold_loss":0.0,"damage_taken":0.0,"cards_obtained":["Doubt"]},{"damage_healed":0.0,"max_hp_gain":0.0,"max_hp_loss":0.0,"gold_gain":0.0,"event_name":"Mushrooms","player_choice":"Fought Mushrooms","floor":7.0,"gold_loss":0.0,"damage_taken":0.0},{"cards_removed":["Strike_R"],"damage_healed":0.0,"max_hp_gain":0.0,"max_hp_loss":0.0,"gold_gain":0.0,"event_name":"Back to Basics","player_choice":"Elegance","floor":19.0,"gold_loss":0.0,"damage_taken":0.0},{"damage_healed":0.0,"max_hp_gain":0.0,"max_hp_loss":0.0,"gold_gain":0.0,"event_name":"The Mausoleum","player_choice":"Ignored","floor":22.0,"gold_loss":0.0,"damage_taken":0.0},{"damage_healed":0,"gold_gain":0,"player_choice":"Fight","damage_taken":0,"max_hp_gain":0,"max_hp_loss":0,"event_name":"Mysterious Sphere","floor":42,"gold_loss":0},{"cards_removed":["Defend_R"],"damage_healed":0,"gold_gain":0,"player_choice":"Removed Skill","damage_taken":0,"max_hp_gain":0,"max_hp_loss":0,"event_name":"Falling","floor":45,"gold_loss":0}],"is_beta":false,"boss_relics":[{"not_picked":["Philosopher\u0027s Stone","Sozu"],"picked":"Black Star"},{"not_picked":["Fusion Hammer","Runic Dome"],"picked":"Empty Cage"}],"items_purged_floors":[4,10,25,41,52],"is_endless":false,"potions_floor_spawned":[13,18,20,29,30,33,39,42,49],"ascension_level":0}