{"gold_per_floor":[118,118,132,151,23,23,55,55,101,176,206,206,217,233,233,233],"floor_reached":16,"playtime":671,"items_purged":["Strike_R"],"score":200,"play_id":"31a713d9-2bd2-4f0a-9dd9-9401873bf1e5","local_time":"20190414024640","is_ascension_mode":true,"campfire_choices":[{"data":"Searing Blow","floor":6,"key":"SMITH"},{"data":"Searing Blow+1","floor":8,"key":"SMITH"},{"data":"Searing Blow+2","floor":12,"key":"SMITH"},{"data":"Searing Blow+3","floor":15,"key":"SMITH"}],"neow_cost":"TEN_PERCENT_HP_LOSS","seed_source_timestamp":53552705349889,"circlet_count":0,"master_deck":["AscendersBane","Strike_R","Strike_R","Defend_R","Defend_R","Defend_R","Defend_R","Bash","Feel No Pain","Evolve","Searing Blow+4","Armaments"],"special_seed":0,"relics":["Burning Blood","Blood Vial","Regal Pillow"],"potions_floor_usage":[7,7,14,16],"damage_taken":[{"damage":10.0,"enemies":"Small Slimes","floor":1.0,"turns":5.0},{"damage":4,"enemies":"2 Louse","floor":3,"turns":3},{"damage":7,"enemies":"Jaw Worm","floor":4,"turns":5},{"damage":42,"enemies":"Gremlin Nob","floor":7,"turns":5},{"damage":15,"enemies":"Large Slime","floor":13,"turns":7},{"damage":5,"enemies":"Red Slaver","floor":14,"turns":4},{"damage":25,"enemies":"Hexaghost","floor":16,"turns":7}],"seed_played":"-8357316880975532412","potions_obtained":[{"floor":3,"key":"Weak Potion"},{"floor":4,"key":"Swift Potion"},{"floor":13,"key":"Block Potion"},{"floor":14,"key":"BloodPotion"}],"is_trial":false,"path_per_floor":["M","?","M","M","$","R","E","R","T","?","?","R","M","M","R","B"],"character_chosen":"IRONCLAD","items_purchased":["Armaments"],"campfire_rested":0,"item_purchase_floors":[5],"current_hp_per_floor":[64,64,66,65,65,65,29,29,29,18,18,18,11,14,14,0],"gold":233,"neow_bonus":"TRANSFORM_TWO_CARDS","is_prod":false,"is_daily":false,"chose_seed":false,"campfire_upgraded":4,"win_rate":0,"timestamp":1555181200,"path_taken":["M","?","M","M","$","R","E","R","T","?","?","R","M","M","R","BOSS"],"build_version":"2019-01-23","purchased_purges":1,"victory":false,"max_hp_per_floor":[68,68,68,68,68,68,68,68,68,68,68,68,68,68,68,68],"card_choices":[{"not_picked":["Body Slam","Shrug It Off"],"picked":"Evolve","floor":1.0},{"not_picked":["Infernal Blade","Wild Strike","Clothesline"],"picked":"SKIP","floor":3},{"not_picked":["Pommel Strike","Thunderclap","Cleave"],"picked":"SKIP","floor":4},{"not_picked":["Armaments","Thunderclap","Flex"],"picked":"SKIP","floor":7},{"not_picked":["True Grit","Sword Boomerang","Whirlwind"],"picked":"SKIP","floor":13},{"not_picked":["Rampage","Ghostly Armor","Thunderclap"],"picked":"SKIP","floor":14}],"player_experience":4269478,"relics_obtained":[{"floor":7,"key":"Blood Vial"}],"event_choices":[{"damage_healed":0,"gold_gain":0,"cards_transformed":["Pummel"],"player_choice":"Change","damage_taken":0,"max_hp_gain":0,"max_hp_loss":0,"event_name":"Living Wall","floor":2,"gold_loss":0,"cards_obtained":["Searing Blow"]},{"damage_healed":0,"gold_gain":75,"player_choice":"Gather Gold","damage_taken":11,"max_hp_gain":0,"max_hp_loss":0,"event_name":"World of Goop","floor":10,"gold_loss":0},{"damage_healed":0,"gold_gain":30,"player_choice":"Searched \u00273\u0027 times","damage_taken":0,"relics_obtained":["Regal Pillow"],"max_hp_gain":0,"max_hp_loss":0,"event_name":"Dead Adventurer","floor":11,"gold_loss":0}],"is_beta":false,"boss_relics":[],"items_purged_floors":[5],"is_endless":false,"potions_floor_spawned":[3,4,13,14],"killed_by":"Hexaghost","ascension_level":20}