{"gold_per_floor":[112,128,53,14,24,24,53,68,118,146,166,193,193,39,39,132,132,152,176,176,136,36,72,72,97,97,130,155,155,180,223,223,316,316,341,7,21,46,64,128,128,128,128,128,166,191,191,524,524,524,524,524,524,210,244,244],"floor_reached":57,"playtime":3019,"items_purged":["Strike_G","Strike_G","Strike_G","Defend_G"],"score":3626,"play_id":"4c6c0a3b-6a9a-41e5-ba20-bb9d40f64f67","local_time":"20190316165200","is_ascension_mode":true,"campfire_choices":[{"data":"Masterful Stab","floor":6.0,"key":"SMITH"},{"data":"Deadly Poison","floor":15.0,"key":"SMITH"},{"data":"Expertise","floor":24.0,"key":"SMITH"},{"data":"Well Laid Plans","floor":29.0,"key":"SMITH"},{"data":"Tactician","floor":32.0,"key":"SMITH"},{"data":"Concentrate","floor":41.0,"key":"SMITH"},{"floor":44.0,"key":"RECALL"},{"data":"Backflip","floor":49.0,"key":"SMITH"},{"data":"Finesse","floor":53.0,"key":"SMITH"}],"neow_cost":"TEN_PERCENT_HP_LOSS","seed_source_timestamp":18504383692808,"circlet_count":0,"master_deck":["AscendersBane","Defend_G","Defend_G","Defend_G","Survivor","Neutralize","Well Laid Plans+1","Endless Agony","Terror","Finisher","Escape Plan","Deadly Poison+1","Concentrate+1","Expertise+1","After Image","Acrobatics+1","Malaise","Tactician+1","Backflip+1","Finesse+1","Panache"],"special_seed":0,"relics":["Ring of the Snake","Mercury Hourglass","Oddly Smooth Stone","PreservedInsect","Art of War","Runic Dome","Enchiridion","Ancient Tea Set","Sundial","Bottled Tornado","Regal Pillow","Black Star","Medical Kit","Anchor","Tiny Chest","Snake Skull","Bottled Flame","Juzu Bracelet","Strawberry","Centennial Puzzle","Du-Vu Doll"],"potions_floor_usage":[56,56],"damage_taken":[{"damage":3.0,"enemies":"Cultist","floor":1.0,"turns":5.0},{"damage":3.0,"enemies":"2 Louse","floor":2.0,"turns":2.0},{"damage":0.0,"enemies":"Jaw Worm","floor":5.0,"turns":3.0},{"damage":13.0,"enemies":"3 Sentries","floor":7.0,"turns":5.0},{"damage":1.0,"enemies":"Looter","floor":8.0,"turns":3.0},{"damage":6.0,"enemies":"Lagavulin","floor":10.0,"turns":5.0},{"damage":0.0,"enemies":"3 Louse","floor":11.0,"turns":3.0},{"damage":4.0,"enemies":"3 Sentries","floor":12.0,"turns":3.0},{"damage":0.0,"enemies":"Hexaghost","floor":16.0,"turns":6.0},{"damage":0.0,"enemies":"3 Byrds","floor":18.0,"turns":5.0},{"damage":0.0,"enemies":"2 Thieves","floor":19.0,"turns":3.0},{"damage":0.0,"enemies":"Gremlin Leader","floor":23.0,"turns":3.0},{"damage":0.0,"enemies":"Snake Plant","floor":25.0,"turns":2.0},{"damage":0.0,"enemies":"Slavers","floor":27.0,"turns":3.0},{"damage":0.0,"enemies":"Cultist and Chosen","floor":28.0,"turns":6.0},{"damage":1.0,"enemies":"Centurion and Healer","floor":30.0,"turns":4.0},{"damage":0.0,"enemies":"Gremlin Leader","floor":31.0,"turns":3.0},{"damage":0.0,"enemies":"Collector","floor":33.0,"turns":8.0},{"damage":0.0,"enemies":"Orb Walker","floor":35.0,"turns":3.0},{"damage":0.0,"enemies":"3 Shapes","floor":37.0,"turns":4.0},{"damage":0.0,"enemies":"3 Darklings","floor":38.0,"turns":4.0},{"damage":0.0,"enemies":"Maw","floor":39.0,"turns":6.0},{"damage":0.0,"enemies":"Giant Head","floor":40.0,"turns":6.0},{"damage":0.0,"enemies":"Reptomancer","floor":45.0,"turns":6.0},{"damage":21.0,"enemies":"Time Eater","floor":50.0,"turns":13.0},{"damage":0.0,"enemies":"Donu and Deca","floor":51.0,"turns":8.0},{"damage":0.0,"enemies":"Shield and Spear","floor":55.0,"turns":3.0},{"damage":0,"enemies":"The Heart","floor":56,"turns":7}],"seed_played":"6331810590673129338","potions_obtained":[{"floor":2.0,"key":"Strength Potion"},{"floor":5.0,"key":"Explosive Potion"},{"floor":8.0,"key":"GhostInAJar"},{"floor":16.0,"key":"SkillPotion"},{"floor":21.0,"key":"Fruit Juice"},{"floor":21.0,"key":"Fruit Juice"},{"floor":21.0,"key":"Block Potion"},{"floor":27.0,"key":"GhostInAJar"},{"floor":31.0,"key":"FearPotion"},{"floor":35.0,"key":"SteroidPotion"},{"floor":37.0,"key":"EssenceOfSteel"},{"floor":39.0,"key":"Ancient Potion"},{"floor":55.0,"key":"Weak Potion"}],"is_trial":false,"path_per_floor":["M","M","?","$","M","R","E","M","T","E","M","E","?","$","R","B",null,"M","M","?","?","$","E","R","M","T","E","M","R","M","E","R","B",null,"M","$","M","M","M","E","R","?","T","R","E","T","?","?","R","B","B",null,"R","$","E","B",null],"character_chosen":"THE_SILENT","items_purchased":["Masterful Stab","Expertise","Medical Kit","Strawberry"],"campfire_rested":0,"item_purchase_floors":[4,14,36,54],"current_hp_per_floor":[56,53,53,53,53,53,40,39,39,33,33,29,8,8,8,8,47,47,47,26,36,36,36,36,36,36,36,36,36,35,35,35,35,61,61,61,61,61,61,61,61,61,61,61,61,61,51,51,51,30,30,60,60,67,67,67],"gold":244,"neow_bonus":"REMOVE_TWO","is_prod":false,"is_daily":false,"chose_seed":false,"campfire_upgraded":8,"win_rate":0,"timestamp":1552726320,"path_taken":["M","M","?","$","M","R","E","M","T","E","M","E","?","?","R","BOSS","M","M","?","?","$","E","R","M","T","E","M","R","M","E","R","BOSS","M","$","?","M","?","E","R","?","T","R","E","?","?","?","R","BOSS","BOSS","R","$","E","BOSS"],"build_version":"2019-01-23","purchased_purges":4,"victory":true,"max_hp_per_floor":[60,60,60,60,60,60,60,60,60,60,60,60,60,60,60,60,60,60,60,60,70,70,70,70,70,70,70,70,70,70,70,70,70,70,70,70,70,70,70,70,70,70,70,70,70,70,70,70,70,70,70,70,70,77,77,77],"card_choices":[{"not_picked":["PiercingWail","Dodge and Roll"],"picked":"Well Laid Plans","floor":1.0},{"not_picked":["Blade Dance","Prepared"],"picked":"Endless Agony","floor":2.0},{"not_picked":["Prepared","Flying Knee"],"picked":"Terror","floor":5.0},{"not_picked":["Dagger Spray","Deflect"],"picked":"Finisher","floor":7.0},{"not_picked":["Outmaneuver","Underhanded Strike","Storm of Steel"],"picked":"SKIP","floor":8.0},{"not_picked":["Dodge and Roll","Riddle With Holes"],"picked":"Escape Plan","floor":10.0},{"not_picked":["Dagger Throw","Dash"],"picked":"Deadly Poison","floor":11.0},{"not_picked":["Predator","Phantasmal Killer"],"picked":"Concentrate","floor":12.0},{"not_picked":["Phantasmal Killer","Wraith Form v2"],"picked":"After Image","floor":16.0},{"not_picked":["Blade Dance+1","Dagger Spray+1","Flying Knee"],"picked":"SKIP","floor":18.0},{"not_picked":["Calculated Gamble","Outmaneuver"],"picked":"Acrobatics+1","floor":19.0},{"not_picked":["All Out Attack+1","Flying Knee","Dagger Throw"],"picked":"SKIP","floor":23.0},{"not_picked":["Endless Agony","Catalyst","Noxious Fumes"],"picked":"SKIP","floor":25.0},{"not_picked":["Riddle With Holes","Backflip"],"picked":"Malaise","floor":27.0},{"not_picked":["Underhanded Strike","Bouncing Flask+1","Riddle With Holes"],"picked":"SKIP","floor":28.0},{"not_picked":["Quick Slash","All Out Attack","Masterful Stab"],"picked":"SKIP","floor":30.0},{"not_picked":["Dagger Spray","Noxious Fumes"],"picked":"Tactician","floor":31.0},{"not_picked":["Skewer+1","Accuracy","Cloak And Dagger+1"],"picked":"SKIP","floor":35.0},{"not_picked":["Outmaneuver","Cloak And Dagger","Prepared+1"],"picked":"SKIP","floor":37.0},{"not_picked":["Blade Dance","Blur","Riddle With Holes+1"],"picked":"SKIP","floor":38.0},{"not_picked":["Deflect+1","Underhanded Strike+1","Blade Dance+1"],"picked":"SKIP","floor":39.0},{"not_picked":["Dodge and Roll","Prepared+1"],"picked":"Backflip","floor":40.0},{"not_picked":["Underhanded Strike","Terror","Dagger Throw"],"picked":"SKIP","floor":45.0},{"not_picked":["Panacea","Chrysalis"],"picked":"Finesse","floor":47.0},{"not_picked":["Panacea","Discovery"],"picked":"Panache","floor":47.0},{"not_picked":["Slice+1","Accuracy+1","Poisoned Stab+1"],"picked":"SKIP","floor":55.0}],"player_experience":3630852,"relics_obtained":[{"floor":7.0,"key":"Mercury Hourglass"},{"floor":9.0,"key":"Oddly Smooth Stone"},{"floor":10.0,"key":"PreservedInsect"},{"floor":12.0,"key":"Art of War"},{"floor":20.0,"key":"Enchiridion"},{"floor":23.0,"key":"Ancient Tea Set"},{"floor":26.0,"key":"Sundial"},{"floor":27.0,"key":"Bottled Tornado"},{"floor":31.0,"key":"Regal Pillow"},{"floor":40.0,"key":"Anchor"},{"floor":40.0,"key":"Tiny Chest"},{"floor":45.0,"key":"Snake Skull"},{"floor":45.0,"key":"Bottled Flame"},{"floor":46.0,"key":"Juzu Bracelet"},{"floor":55.0,"key":"Centennial Puzzle"},{"floor":55.0,"key":"Du-Vu Doll"}],"event_choices":[{"cards_removed":["Strike_G"],"damage_healed":0.0,"max_hp_gain":0.0,"max_hp_loss":0.0,"gold_gain":0.0,"event_name":"The Cleric","player_choice":"Card Removal","floor":3.0,"gold_loss":75.0,"damage_taken":0.0},{"damage_healed":0.0,"max_hp_gain":0.0,"max_hp_loss":0.0,"gold_gain":0.0,"event_name":"Golden Idol","player_choice":"Take Damage","floor":13.0,"gold_loss":0.0,"damage_taken":21.0,"relics_obtained":["Golden Idol"]},{"damage_healed":0.0,"max_hp_gain":0.0,"max_hp_loss":0.0,"gold_gain":0.0,"event_name":"Cursed Tome","player_choice":"Obtained Book","floor":20.0,"gold_loss":0.0,"damage_taken":21.0},{"damage_healed":0.0,"max_hp_gain":0.0,"max_hp_loss":0.0,"gold_gain":0.0,"event_name":"The Woman in Blue","player_choice":"Bought 3 Potions","floor":21.0,"gold_loss":0.0,"damage_taken":0.0},{"cards_removed":["Masterful Stab"],"damage_healed":0.0,"max_hp_gain":0.0,"max_hp_loss":0.0,"gold_gain":0.0,"event_name":"Falling","player_choice":"Removed Attack","floor":42.0,"gold_loss":0.0,"damage_taken":0.0},{"damage_healed":0.0,"max_hp_gain":0.0,"max_hp_loss":0.0,"gold_gain":0.0,"event_name":"SensoryStone","player_choice":"Memory 3","floor":47.0,"gold_loss":0.0,"damage_taken":10.0},{"damage_healed":0.0,"max_hp_gain":0.0,"max_hp_loss":0.0,"gold_gain":333.0,"event_name":"The Moai Head","player_choice":"Gave Idol","floor":48.0,"relics_lost":["Golden Idol"],"gold_loss":0.0,"damage_taken":0.0}],"is_beta":false,"boss_relics":[{"not_picked":["Calling Bell","Ectoplasm"],"picked":"Runic Dome"},{"not_picked":["Busted Crown","WristBlade"],"picked":"Black Star"}],"items_purged_floors":[14,22,36,54],"is_endless":false,"potions_floor_spawned":[2,5,8,16,23,25,27,31,35,37,39,55],"ascension_level":20}