{"gold_per_floor":[112,131,149,167,167,167,201,201,283,299,299,327,307,149,149,222,222,242,16,27,27,44,44,54,54,54,104,104,15,27,45,45,45],"floor_reached":33,"playtime":1394,"items_purged":["Strike_G","Strike_G"],"score":564,"play_id":"30b2456c-ffef-4298-ac04-5474e696c563","local_time":"20190731221032","is_ascension_mode":true,"campfire_choices":[{"floor":6.0,"key":"REST"},{"data":"Dash","floor":8.0,"key":"SMITH"},{"floor":11.0,"key":"REST"},{"floor":15.0,"key":"DIG"},{"floor":23.0,"key":"DIG"},{"floor":25.0,"key":"REST"},{"floor":28.0,"key":"REST"},{"floor":32.0,"key":"REST"}],"neow_cost":"NONE","seed_source_timestamp":37702692998408,"circlet_count":0,"master_deck":["AscendersBane","Strike_G","Strike_G","Strike_G","Defend_G","Defend_G","Defend_G","Defend_G","Defend_G","Survivor","Neutralize","Infinite Blades","Sucker Punch","Dash+1","Dagger Spray","Backflip","Poisoned Stab","Envenom","Dash","Corpse Explosion","Backstab","PiercingWail","Bouncing Flask+1","Deflect+1","Noxious Fumes","Prepared+1","Well Laid Plans","Noxious Fumes+1","Dodge and Roll+1","Well Laid Plans+1","Cloak And Dagger"],"special_seed":0,"relics":["Ring of the Snake","The Specimen","Bronze Scales","Sundial","Shovel","Prayer Wheel","Philosopher\u0027s Stone","Membership Card","Bottled Lightning","Frozen Egg 2"],"potions_floor_usage":[],"damage_taken":[{"damage":0.0,"enemies":"2 Louse","floor":1.0,"turns":4.0},{"damage":2.0,"enemies":"Cultist","floor":2.0,"turns":5.0},{"damage":1.0,"enemies":"Jaw Worm","floor":3.0,"turns":4.0},{"damage":7.0,"enemies":"Exordium Wildlife","floor":4.0,"turns":5.0},{"damage":18.0,"enemies":"3 Sentries","floor":7.0,"turns":7.0},{"damage":10.0,"enemies":"3 Louse","floor":10.0,"turns":4.0},{"damage":0.0,"enemies":"Gremlin Nob","floor":12.0,"turns":3.0},{"damage":49.0,"enemies":"The Guardian","floor":16.0,"turns":12.0},{"damage":25.0,"enemies":"3 Byrds","floor":18.0,"turns":4.0},{"damage":3.0,"enemies":"Chosen","floor":20.0,"turns":3.0},{"damage":9.0,"enemies":"3 Cultists","floor":22.0,"turns":4.0},{"damage":17.0,"enemies":"Snake Plant","floor":24.0,"turns":3.0},{"damage":6.0,"enemies":"Snecko","floor":30.0,"turns":4.0},{"damage":8.0,"enemies":"Cultist and Chosen","floor":31.0,"turns":4.0},{"damage":58,"enemies":"Collector","floor":33,"turns":5}],"seed_played":"-5660587309874443259","potions_obtained":[{"floor":1.0,"key":"Block Potion"},{"floor":3.0,"key":"GamblersBrew"},{"floor":7.0,"key":"FearPotion"},{"floor":13.0,"key":"FairyPotion"},{"floor":18.0,"key":"SteroidPotion"},{"floor":20.0,"key":"AttackPotion"}],"is_trial":false,"path_per_floor":["M","M","M","M","?","R","E","R","T","M","R","E","?","$","R","B",null,"M","$","M","?","M","R","M","R","T","?","R","$","M","M","R","B"],"character_chosen":"THE_SILENT","items_purchased":["Dash","Membership Card","Noxious Fumes+1"],"campfire_rested":5,"item_purchase_floors":[14,19,29],"current_hp_per_floor":[65,63,62,55,29,50,32,32,32,22,43,43,43,43,43,2,55,30,30,27,27,18,18,1,22,22,22,43,43,37,29,50,0],"gold":45,"neow_bonus":"TEN_PERCENT_HP_BONUS","is_prod":false,"is_daily":false,"chose_seed":false,"campfire_upgraded":1,"win_rate":0,"timestamp":1564603832,"path_taken":["M","M","M","M","?","R","E","R","T","M","R","E","?","$","R","BOSS","M","$","M","?","M","R","M","R","T","?","R","$","M","M","R","BOSS"],"build_version":"2019-07-17","purchased_purges":2,"victory":false,"max_hp_per_floor":[72,72,72,72,72,72,72,72,72,72,72,72,72,72,72,72,72,72,72,72,72,72,72,72,72,72,72,72,72,72,72,72,72],"card_choices":[{"not_picked":["Backflip","Acrobatics"],"picked":"Infinite Blades","floor":1.0},{"not_picked":["Cloak And Dagger","Acrobatics"],"picked":"Sucker Punch","floor":2.0},{"not_picked":["Reflex","Slice"],"picked":"Dash","floor":3.0},{"not_picked":["Dodge and Roll","Dagger Throw"],"picked":"Dagger Spray","floor":4.0},{"not_picked":["Acrobatics","Masterful Stab"],"picked":"Backflip","floor":7.0},{"not_picked":["Expertise","All Out Attack"],"picked":"Poisoned Stab","floor":10.0},{"not_picked":["Choke","Sucker Punch"],"picked":"Envenom","floor":12.0},{"not_picked":["Phantasmal Killer","Glass Knife"],"picked":"Corpse Explosion","floor":16.0},{"not_picked":["Calculated Gamble","Prepared"],"picked":"Backstab","floor":18.0},{"not_picked":["Dagger Throw","Blade Dance"],"picked":"PiercingWail","floor":18.0},{"not_picked":["Blade Dance","Acrobatics"],"picked":"Bouncing Flask+1","floor":20.0},{"not_picked":["Flechettes","Die Die Die"],"picked":"Deflect+1","floor":20.0},{"not_picked":["Escape Plan","Concentrate"],"picked":"Noxious Fumes","floor":22.0},{"not_picked":["Deadly Poison","Noxious Fumes"],"picked":"Prepared+1","floor":22.0},{"not_picked":["Prepared","Dash"],"picked":"Well Laid Plans","floor":24.0},{"not_picked":["Quick Slash","Outmaneuver","Acrobatics"],"picked":"SKIP","floor":24.0},{"not_picked":["PiercingWail+1","Crippling Poison"],"picked":"Dodge and Roll+1","floor":30.0},{"not_picked":["Dagger Spray","Flying Knee","Blade Dance"],"picked":"SKIP","floor":30.0},{"not_picked":["Dagger Spray","Flying Knee","Blade Dance"],"picked":"SKIP","floor":30.0},{"not_picked":["Dagger Spray","Flying Knee","Blade Dance"],"picked":"SKIP","floor":30.0},{"not_picked":["Leg Sweep","Dodge and Roll"],"picked":"Well Laid Plans+1","floor":31.0},{"not_picked":["Masterful Stab","Unload"],"picked":"Cloak And Dagger","floor":31.0}],"player_experience":802719,"relics_obtained":[{"floor":7.0,"key":"Bronze Scales"},{"floor":9.0,"key":"Sundial"},{"floor":12.0,"key":"Shovel"},{"floor":15.0,"key":"Prayer Wheel"},{"floor":23.0,"key":"Bottled Lightning"},{"floor":26.0,"key":"Frozen Egg 2"}],"event_choices":[{"damage_healed":0.0,"max_hp_gain":0.0,"max_hp_loss":0.0,"gold_gain":0.0,"event_name":"Scrap Ooze","player_choice":"Success","floor":5.0,"gold_loss":0.0,"damage_taken":26.0,"relics_obtained":["The Specimen"]},{"damage_healed":0.0,"max_hp_gain":0.0,"max_hp_loss":0.0,"gold_gain":0.0,"event_name":"The Woman in Blue","player_choice":"Bought 1 Potion","floor":13.0,"gold_loss":0.0,"damage_taken":0.0},{"damage_healed":0.0,"max_hp_gain":0.0,"max_hp_loss":0.0,"gold_gain":0.0,"event_name":"The Mausoleum","player_choice":"Ignored","floor":21.0,"gold_loss":0.0,"damage_taken":0.0},{"damage_healed":0.0,"max_hp_gain":0.0,"max_hp_loss":0.0,"gold_gain":50.0,"event_name":"Nest","player_choice":"Stole From Cult","floor":27.0,"gold_loss":0.0,"damage_taken":0.0}],"is_beta":false,"boss_relics":[{"not_picked":["Orrery","Eternal Feather"],"picked":"Philosopher\u0027s Stone"}],"items_purged_floors":[14,29],"is_endless":false,"potions_floor_spawned":[1,3,7,18,20],"killed_by":"Collector","ascension_level":20}