{"gold_per_floor":[111,123,142,153,167,192,192,117,117,117,127,127],"floor_reached":12,"playtime":766,"items_purged":[],"score":144,"play_id":"861798ae-2caf-4cbc-9bd4-96b6f577622a","local_time":"20190804174508","is_ascension_mode":true,"campfire_choices":[{"data":"Whirlwind","floor":7.0,"key":"SMITH"},{"data":"Ghostly Armor","floor":10.0,"key":"SMITH"}],"neow_cost":"NONE","seed_source_timestamp":0,"circlet_count":0,"master_deck":["AscendersBane","Strike_R","Strike_R","Strike_R","Strike_R","Defend_R","Defend_R","Defend_R","Defend_R","Bash","Shrug It Off","Feel No Pain","Ghostly Armor+1","Disarm","Whirlwind+1","Clothesline"],"special_seed":0,"relics":["Burning Blood","Happy Flower","Meat on the Bone"],"potions_floor_usage":[],"damage_taken":[{"damage":3.0,"enemies":"Cultist","floor":1.0,"turns":4.0},{"damage":10.0,"enemies":"Jaw Worm","floor":2.0,"turns":5.0},{"damage":0.0,"enemies":"Small Slimes","floor":3.0,"turns":5.0},{"damage":2.0,"enemies":"2 Fungi Beasts","floor":4.0,"turns":6.0},{"damage":4.0,"enemies":"Blue Slaver","floor":5.0,"turns":7.0},{"damage":27.0,"enemies":"3 Sentries","floor":6.0,"turns":7.0},{"damage":23.0,"enemies":"Lots of Slimes","floor":11.0,"turns":3.0},{"damage":61,"enemies":"Lagavulin","floor":12,"turns":11}],"seed_played":"3671043212080885080","potions_obtained":[{"floor":1.0,"key":"Swift Potion"},{"floor":4.0,"key":"Dexterity Potion"}],"is_trial":false,"path_per_floor":["M","M","M","M","M","E","R","?","T","R","M","E"],"character_chosen":"IRONCLAD","items_purchased":[],"campfire_rested":0,"item_purchase_floors":[],"current_hp_per_floor":[71,67,73,75,75,54,54,54,54,54,49,0],"gold":127,"neow_bonus":"THREE_CARDS","is_prod":false,"is_daily":false,"chose_seed":false,"campfire_upgraded":2,"win_rate":0,"timestamp":1564955108,"path_taken":["M","M","?","M","M","E","R","?","T","R","M","E"],"build_version":"2019-07-17","purchased_purges":0,"victory":false,"max_hp_per_floor":[75,75,75,75,75,75,75,75,75,75,75,75],"card_choices":[{"not_picked":["Corruption","Anger"],"picked":"Shrug It Off","floor":0.0},{"not_picked":["Wild Strike","Twin Strike"],"picked":"Feel No Pain","floor":1.0},{"not_picked":["Anger","Iron Wave"],"picked":"Ghostly Armor","floor":2.0},{"not_picked":["Perfected Strike","Inflame"],"picked":"Disarm","floor":3.0},{"not_picked":["Flex","Thunderclap"],"picked":"Whirlwind","floor":4.0},{"not_picked":["Clash","Armaments"],"picked":"Clothesline","floor":5.0},{"not_picked":["Wild Strike","Rupture","Rage"],"picked":"SKIP","floor":6.0},{"not_picked":["Pommel Strike","Warcry","Body Slam"],"picked":"SKIP","floor":11.0}],"player_experience":468605,"relics_obtained":[{"floor":6.0,"key":"Happy Flower"},{"floor":9.0,"key":"Meat on the Bone"}],"event_choices":[{"cards_removed":["Strike_R"],"damage_healed":0.0,"max_hp_gain":0.0,"max_hp_loss":0.0,"gold_gain":0.0,"event_name":"The Cleric","player_choice":"Card Removal","floor":8.0,"gold_loss":75.0,"damage_taken":0.0}],"is_beta":false,"boss_relics":[],"items_purged_floors":[],"is_endless":false,"potions_floor_spawned":[1,4,6],"killed_by":"Lagavulin","ascension_level":15}