{"gold_per_floor":[16,16,16,91,19,19,29,55,129,129,139,139,72,85,85,186,186,202,301,301,317,227,227,12,12,39,39,39,70,83,112,112,210,210,221,235,39,58,72,100,135,162,162,225,251,251,270,284,284,284],"floor_reached":51,"playtime":4113,"items_purged":["Defend_G"],"score":1739,"play_id":"ac878f19-7437-4810-ae7d-6a91f5e413f9","local_time":"20181003210747","is_ascension_mode":true,"campfire_choices":[{"floor":6.0,"key":"REST"},{"data":"Neutralize","floor":10.0,"key":"SMITH"},{"data":"Dash","floor":12.0,"key":"SMITH"},{"data":"Survivor","floor":15.0,"key":"SMITH"},{"data":"Defend_G","floor":23.0,"key":"SMITH"},{"data":"Footwork","floor":28.0,"key":"SMITH"},{"data":"Defend_G","floor":32.0,"key":"SMITH"},{"floor":49.0,"key":"REST"}],"neow_cost":"NO_GOLD","seed_source_timestamp":108836817244900,"circlet_count":0,"master_deck":["Defend_G+1","Defend_G+1","Defend_G+1","Defend_G+1","Survivor+1","Neutralize+1","AscendersBane","Dash+1","Tactician+1","Reflex+1","Burst+1","Adrenaline+1","Tactician+1","Deadly Poison+1","Leg Sweep+1","Footwork+1","Purity+1","Backflip+1","Concentrate+1","Adrenaline+1","Bouncing Flask+1","Footwork+1","Acrobatics+1","After Image+1","Reflex+1","Calculated Gamble+1","Reflex+1"],"special_seed":0,"relics":["Ring of the Snake","Tough Bandages","Toxic Egg 2","Odd Mushroom","Singing Bowl","HoveringKite","Ancient Tea Set","StoneCalendar","WingedGreaves","Black Star","Membership Card","Bottled Tornado","Frozen Egg 2","Omamori","Oddly Smooth Stone","Strawberry","Juzu Bracelet","Dodecahedron","Tiny Chest","War Paint","Regal Pillow","Snake Skull"],"potions_floor_usage":[50],"damage_taken":[{"damage":6.0,"enemies":"Jaw Worm","floor":1.0,"turns":6.0},{"damage":0.0,"enemies":"Cultist","floor":7.0,"turns":5.0},{"damage":8.0,"enemies":"The Mushroom Lair","floor":8.0,"turns":9.0},{"damage":0.0,"enemies":"2 Louse","floor":11.0,"turns":3.0},{"damage":0.0,"enemies":"Exordium Wildlife","floor":14.0,"turns":5.0},{"damage":7.0,"enemies":"The Guardian","floor":16.0,"turns":12.0},{"damage":0.0,"enemies":"Shell Parasite","floor":18.0,"turns":6.0},{"damage":0.0,"enemies":"3 Byrds","floor":21.0,"turns":8.0},{"damage":0.0,"enemies":"Slavers","floor":29.0,"turns":12.0},{"damage":0.0,"enemies":"Centurion and Healer","floor":30.0,"turns":5.0},{"damage":1.0,"enemies":"Gremlin Leader","floor":31.0,"turns":7.0},{"damage":0.0,"enemies":"Collector","floor":33.0,"turns":6.0},{"damage":0.0,"enemies":"3 Shapes","floor":35.0,"turns":3.0},{"damage":0.0,"enemies":"3 Darklings","floor":36.0,"turns":5.0},{"damage":0.0,"enemies":"Transient","floor":38.0,"turns":5.0},{"damage":0.0,"enemies":"4 Shapes","floor":39.0,"turns":5.0},{"damage":0.0,"enemies":"Giant Head","floor":40.0,"turns":7.0},{"damage":0.0,"enemies":"2 Orb Walkers","floor":41.0,"turns":5.0},{"damage":0.0,"enemies":"Nemesis","floor":42.0,"turns":5.0},{"damage":0.0,"enemies":"Giant Head","floor":44.0,"turns":4.0},{"damage":0.0,"enemies":"2 Orb Walkers","floor":45.0,"turns":5.0},{"damage":0.0,"enemies":"Sphere and 2 Shapes","floor":47.0,"turns":4.0},{"damage":0.0,"enemies":"3 Darklings","floor":48.0,"turns":2.0},{"damage":0,"enemies":"Time Eater","floor":50,"turns":12}],"seed_played":"-8055981973466675116","potions_obtained":[{"floor":1.0,"key":"SkillPotion"},{"floor":11.0,"key":"Block Potion"},{"floor":14.0,"key":"GamblersBrew"},{"floor":21.0,"key":"Poison Potion"},{"floor":30.0,"key":"FearPotion"}],"is_trial":false,"path_per_floor":["M","?","?","?","$","R","M","?","T","R","M","R","$","M","R","B",null,"M","?","?","M","?","R","$","?","T","?","R","E","M","E","R","B",null,"M","M","$","M","M","E","E","E","T","E","E","?","M","M","R","B"],"character_chosen":"THE_SILENT","items_purchased":["Tactician+1","Terror+1","Footwork","Purity+1","Membership Card"],"campfire_rested":2,"item_purchase_floors":[5,13,24,24,37],"current_hp_per_floor":[57,57,32,21,21,42,42,34,34,34,36,36,36,36,36,29,61,63,63,63,63,63,63,63,63,63,63,63,65,65,64,64,64,73,75,77,77,77,77,77,79,88,88,88,88,88,88,88,91,91],"gold":284,"neow_bonus":"ONE_RARE_RELIC","is_prod":false,"is_daily":false,"chose_seed":false,"campfire_upgraded":6,"win_rate":0,"timestamp":1538572067,"path_taken":["M","?","?","?","$","R","M","?","T","R","M","R","$","M","R","BOSS","M","?","?","?","?","R","$","?","T","?","R","E","M","E","R","BOSS","M","?","$","?","M","E","E","E","T","E","E","?","M","M","R","BOSS"],"build_version":"2018-09-27","purchased_purges":1,"victory":true,"max_hp_per_floor":[70,70,70,70,70,70,70,70,70,70,72,72,72,72,72,72,72,74,74,74,74,74,74,74,74,74,74,74,76,76,76,76,76,76,78,80,80,80,80,80,82,91,91,91,91,91,91,91,91,91],"card_choices":[{"not_picked":["Skewer","Cloak And Dagger"],"picked":"Dash","floor":1.0},{"not_picked":["Crippling Poison+1","Flying Knee"],"picked":"Reflex+1","floor":7.0},{"not_picked":["Blur+1","Quick Slash","Flying Knee"],"picked":"Singing Bowl","floor":11.0},{"not_picked":["Skewer","Bane"],"picked":"Acrobatics+1","floor":14.0},{"not_picked":["Wraith Form v2","Unload"],"picked":"Burst+1","floor":16.0},{"not_picked":["Underhanded Strike","Dagger Spray","Backstab"],"picked":"Singing Bowl","floor":18.0},{"not_picked":["Dagger Spray+1","All Out Attack"],"picked":"Leg Sweep+1","floor":21.0},{"not_picked":["PiercingWail+1","Sucker Punch+1","Finisher"],"picked":"Singing Bowl","floor":29.0},{"not_picked":["Deflect+1","Dagger Throw"],"picked":"Backflip+1","floor":30.0},{"not_picked":["Dagger Spray","Calculated Gamble+1"],"picked":"Concentrate+1","floor":31.0},{"not_picked":["Envenom","Storm of Steel+1"],"picked":"Adrenaline+1","floor":33.0},{"not_picked":["Endless Agony","Underhanded Strike","Distraction+1"],"picked":"Singing Bowl","floor":35.0},{"not_picked":["Sucker Punch+1","Terror+1","Blade Dance+1"],"picked":"Singing Bowl","floor":36.0},{"not_picked":["Blade Dance+1","Sucker Punch+1"],"picked":"Bouncing Flask+1","floor":38.0},{"not_picked":["Caltrops","Cloak And Dagger+1"],"picked":"Footwork+1","floor":39.0},{"not_picked":["Poisoned Stab","Infinite Blades"],"picked":"Acrobatics+1","floor":40.0},{"not_picked":["Endless Agony","Outmaneuver+1","Infinite Blades+1"],"picked":"Singing Bowl","floor":41.0},{"not_picked":["Dagger Throw","Phantasmal Killer+1","Slice"],"picked":"Singing Bowl","floor":42.0},{"not_picked":["Acrobatics+1","Masterful Stab"],"picked":"After Image+1","floor":44.0},{"not_picked":["Deadly Poison+1","Poisoned Stab+1"],"picked":"Reflex+1","floor":45.0},{"not_picked":["Poisoned Stab","Underhanded Strike"],"picked":"Calculated Gamble+1","floor":47.0},{"not_picked":["Blade Dance+1","Dagger Spray"],"picked":"Reflex+1","floor":48.0}],"player_experience":175199,"relics_obtained":[{"floor":8.0,"key":"Odd Mushroom"},{"floor":9.0,"key":"Singing Bowl"},{"floor":26.0,"key":"Ancient Tea Set"},{"floor":29.0,"key":"StoneCalendar"},{"floor":31.0,"key":"WingedGreaves"},{"floor":40.0,"key":"Bottled Tornado"},{"floor":40.0,"key":"Frozen Egg 2"},{"floor":41.0,"key":"Omamori"},{"floor":41.0,"key":"Oddly Smooth Stone"},{"floor":42.0,"key":"Strawberry"},{"floor":42.0,"key":"Juzu Bracelet"},{"floor":43.0,"key":"Dodecahedron"},{"floor":44.0,"key":"Tiny Chest"},{"floor":44.0,"key":"War Paint"},{"floor":45.0,"key":"Regal Pillow"},{"floor":45.0,"key":"Snake Skull"}],"event_choices":[{"event_name":"Purifier","player_choice":"One Purge","floor":2.0,"damage_taken":0.0},{"event_name":"Scrap Ooze","player_choice":"success","floor":3.0,"damage_taken":25.0},{"event_name":"World of Goop","player_choice":"Gather Gold","floor":4.0,"damage_taken":0.0},{"event_name":"Mushrooms","player_choice":"Fought Mushrooms","floor":8.0,"damage_taken":0.0},{"event_name":"Nest","player_choice":"Stole From Cult","floor":19.0,"damage_taken":0.0},{"event_name":"Drug Dealer","player_choice":"Became Test Subject","floor":20.0,"damage_taken":0.0},{"event_name":"Designer","player_choice":"Full Service","floor":22.0,"damage_taken":0.0},{"event_name":"Back to Basics","player_choice":"Elegance","floor":25.0,"damage_taken":0.0},{"event_name":"Vampires","player_choice":"Ignored","floor":27.0,"damage_taken":0.0},{"event_name":"Falling","player_choice":"Removed Skill","floor":46.0,"damage_taken":0.0}],"is_beta":false,"boss_relics":[{"not_picked":["Runic Pyramid","Tiny House"],"picked":"HoveringKite"},{"not_picked":["Coffee Dripper","Velvet Choker"],"picked":"Black Star"}],"items_purged_floors":[24],"is_endless":false,"potions_floor_spawned":[1,11,14,21,30,33,35,40,42,45,47],"ascension_level":12}