{"gold_per_floor":[113,113,113,127,140,140,159,159,159,84,115,115,133,33,33,108,108,108],"floor_reached":18,"playtime":473,"items_purged":["Pain","Strike_B"],"score":320,"play_id":"83502eb2-960c-4a6a-88df-d8f3318fc820","local_time":"20190127162319","is_ascension_mode":true,"campfire_choices":[{"data":"Dualcast","floor":6,"key":"SMITH"},{"data":"Streamline","floor":8,"key":"SMITH"},{"data":"Zap","floor":12,"key":"SMITH"},{"data":"Hologram","floor":15,"key":"SMITH"}],"neow_cost":"NONE","seed_source_timestamp":10249798638862,"circlet_count":0,"master_deck":["AscendersBane","Strike_B","Strike_B","Strike_B","Defend_B","Defend_B","Defend_B","Defend_B","Zap+1","Dualcast+1","Ball Lightning","FTL","Hologram+1","Streamline+1","Thunder Strike","Recycle","Electrodynamics"],"relics":["Cracked Core","NeowsBlessing","WarpedTongs","Question Card","FossilizedHelix","Sozu"],"potions_floor_usage":[],"damage_taken":[{"damage":0,"enemies":"2 Louse","floor":1,"turns":1},{"damage":0,"enemies":"Jaw Worm","floor":4,"turns":1},{"damage":0,"enemies":"Cultist","floor":5,"turns":1},{"damage":8,"enemies":"Red Slaver","floor":7,"turns":3},{"damage":25,"enemies":"Lagavulin","floor":11,"turns":6},{"damage":15,"enemies":"Gremlin Gang","floor":13,"turns":3},{"damage":20,"enemies":"The Guardian","floor":16,"turns":8},{"damage":6,"enemies":"theJungle:Flameango_and_Byrd","floor":18,"turns":2}],"seed_played":"8102520435641875168","potions_obtained":[{"floor":4,"key":"SteroidPotion"},{"floor":13,"key":"Swift Potion"}],"is_trial":false,"path_per_floor":["M","?","?","M","M","R","M","R","T","$","E","R","M","$","R","B",null,"M"],"character_chosen":"DEFECT","items_purchased":[],"campfire_rested":0,"item_purchase_floors":[],"current_hp_per_floor":[64,69,69,69,69,69,61,61,61,61,36,36,21,21,21,1,57,51],"gold":108,"neow_bonus":"THREE_ENEMY_KILL","is_prod":false,"is_daily":false,"chose_seed":false,"campfire_upgraded":4,"win_rate":0,"timestamp":1548577399,"path_taken":["M","?","?","?","M","R","M","R","T","?","E","R","?","$","R","BOSS","M"],"build_version":"2019-01-23","purchased_purges":2,"victory":false,"max_hp_per_floor":[71,76,76,76,76,76,76,76,76,76,76,76,76,76,76,76,76,76],"card_choices":[{"not_picked":["Coolheaded","Stack"],"picked":"Ball Lightning","floor":1},{"not_picked":["Turbo","Reprogram"],"picked":"FTL","floor":4},{"not_picked":["Rebound","Tempest"],"picked":"Hologram","floor":5},{"not_picked":["Barrage","Skim"],"picked":"Streamline","floor":7},{"not_picked":["Darkness","Steam","Ball Lightning"],"picked":"Thunder Strike","floor":11},{"not_picked":["Chill","Consume","Stack"],"picked":"Recycle","floor":13},{"not_picked":["Hyperbeam","Seek","Multi-Cast"],"picked":"Electrodynamics","floor":16}],"player_experience":2322815,"relics_obtained":[{"floor":9,"key":"Question Card"},{"floor":11,"key":"FossilizedHelix"}],"event_choices":[{"damage_healed":0,"gold_gain":0,"player_choice":"Donut","damage_taken":0,"max_hp_gain":5,"max_hp_loss":0,"event_name":"Big Fish","floor":2,"gold_loss":0},{"damage_healed":0,"gold_gain":0,"player_choice":"Rummage","damage_taken":0,"relics_obtained":["WarpedTongs"],"max_hp_gain":0,"max_hp_loss":0,"event_name":"Accursed Blacksmith","floor":3,"gold_loss":0,"cards_obtained":["Pain"]}],"is_beta":false,"boss_relics":[{"not_picked":["Inserter","Fusion Hammer"],"picked":"Sozu"}],"items_purged_floors":[10,14],"is_endless":false,"potions_floor_spawned":[4,13,16],"killed_by":"theJungle:Flameango_and_Byrd","ascension_level":20}