{"gold_per_floor":[115,190,190,208,235,263,279,306,306,306],"floor_reached":10,"playtime":201,"items_purged":[],"score":202,"play_id":"23eedd79-c64f-4848-9b85-907db754afdf","local_time":"20181116195745","is_ascension_mode":true,"campfire_choices":[],"neow_cost":"NONE","seed_source_timestamp":1415171446361873,"circlet_count":0,"master_deck":["AscendersBane","Defend_G","Defend_G","Defend_G","Defend_G","Defend_G","Strike_G","Strike_G+1","Strike_G","Strike_G","Survivor","Neutralize","Dash","Glass Knife+1","Backflip"],"special_seed":0,"relics":["Ring of the Snake","NeowsBlessing","Whetstone","Pantograph","Bag of Preparation","Lantern"],"potions_floor_usage":[7,8],"damage_taken":[{"damage":0.0,"enemies":"Small Slimes","floor":1.0,"turns":1.0},{"damage":0,"enemies":"Jaw Worm","floor":4,"turns":1},{"damage":0,"enemies":"3 Sentries","floor":6,"turns":1},{"damage":0,"enemies":"Cultist","floor":7,"turns":3},{"damage":42,"enemies":"Lagavulin","floor":8,"turns":9},{"damage":25,"enemies":"Gremlin Nob","floor":10,"turns":3}],"seed_played":"-5957123585397482852","potions_obtained":[{"floor":1.0,"key":"SkillPotion"},{"floor":4,"key":"Swift Potion"},{"floor":6,"key":"Fruit Juice"}],"is_trial":false,"path_per_floor":["M","?","?","M","T","E","M","E","T","E"],"character_chosen":"THE_SILENT","items_purchased":[],"campfire_rested":0,"item_purchase_floors":[],"current_hp_per_floor":[59,48,48,48,48,48,53,11,11,0],"gold":306,"neow_bonus":"THREE_ENEMY_KILL","is_prod":false,"is_daily":false,"chose_seed":false,"campfire_upgraded":0,"win_rate":0,"timestamp":1542369465,"path_taken":["M","?","?","?","?","E","M","E","T","E"],"build_version":"2018-11-14","purchased_purges":0,"victory":false,"max_hp_per_floor":[66,66,66,66,66,66,71,71,71,71],"card_choices":[{"not_picked":["Setup","Cloak And Dagger"],"picked":"Dash","floor":1.0},{"not_picked":["PiercingWail","Slice"],"picked":"Backflip","floor":4},{"not_picked":["Flying Knee","Unload","Dash"],"picked":"SKIP","floor":6},{"not_picked":["Choke","Eviscerate","Dodge and Roll"],"picked":"SKIP","floor":7},{"not_picked":["Sucker Punch","Distraction","Skewer"],"picked":"SKIP","floor":8}],"player_experience":500401,"relics_obtained":[{"floor":5,"key":"Whetstone"},{"floor":6,"key":"Pantograph"},{"floor":8,"key":"Bag of Preparation"},{"floor":9,"key":"Lantern"}],"event_choices":[{"damage_healed":0.0,"max_hp_gain":0.0,"max_hp_loss":0.0,"gold_gain":75.0,"event_name":"World of Goop","player_choice":"Gather Gold","floor":2.0,"gold_loss":0.0,"damage_taken":11.0},{"damage_healed":0,"gold_gain":0,"cards_transformed":["Strike_G"],"player_choice":"Transformed","damage_taken":0,"max_hp_gain":0,"max_hp_loss":0,"event_name":"Transmorgrifier","floor":3,"gold_loss":0,"cards_obtained":["Glass Knife"]}],"is_beta":true,"boss_relics":[],"items_purged_floors":[],"is_endless":false,"potions_floor_spawned":[1,4,6],"killed_by":"Gremlin Nob","ascension_level":20}