{"gold_per_floor":[114,129,129,148,166,166,183,183,183,183,212,225,235,160,160,239,239,253,1,1,1,12,12,24,37,37,37,71,71,83,96,96,169,169,180,192,208,83,134,134,148,148,148,168,168,202,218,33,33,33,33,33,33,33,68,68],"floor_reached":56,"playtime":1855,"items_purged":["Thunder Strike+1","Zap","Defend_B","Defend_B"],"score":2016,"play_id":"40fcf730-f7c7-4ec9-964f-356797285739","local_time":"20181120145729","is_ascension_mode":true,"campfire_choices":[{"floor":6.0,"key":"REST"},{"data":"Dualcast","floor":8.0,"key":"SMITH"},{"floor":10.0,"key":"REST"},{"floor":15.0,"key":"REST"},{"data":"Loop","floor":23.0,"key":"SMITH"},{"data":"Buffer","floor":32.0,"key":"SMITH"},{"data":"Buffer","floor":40.0,"key":"SMITH"},{"data":"Darkness","floor":42.0,"key":"SMITH"},{"data":"Ghostly","floor":45.0,"key":"SMITH"},{"floor":49.0,"key":"RECALL"},{"data":"Ghostly","floor":53.0,"key":"SMITH"}],"neow_cost":"NONE","seed_source_timestamp":0,"circlet_count":0,"master_deck":["AscendersBane","Dualcast+1","Darkness+1","Multi-Cast+1","Buffer+1","Ghostly+1","Ghostly+1","Ghostly","Loop+1","Conserve Battery","Darkness+1","Buffer+1","Seek","Glacier","Redo+1","Loop+1"],"special_seed":0,"relics":["Astrolabe","Kunai","Unceasing Top","Empty Cage","Bag of Preparation","Whetstone","PreservedInsect","Coffee Dripper","Mango","The Courier","Frozen Egg 2","Centennial Puzzle"],"potions_floor_usage":[],"damage_taken":[{"damage":2.0,"enemies":"Cultist","floor":1.0,"turns":4.0},{"damage":5.0,"enemies":"Small Slimes","floor":2.0,"turns":2.0},{"damage":2.0,"enemies":"Jaw Worm","floor":4.0,"turns":3.0},{"damage":53.0,"enemies":"Gremlin Gang","floor":5.0,"turns":5.0},{"damage":16.0,"enemies":"Exordium Wildlife","floor":7.0,"turns":4.0},{"damage":2.0,"enemies":"Gremlin Nob","floor":11.0,"turns":3.0},{"damage":4.0,"enemies":"Exordium Thugs","floor":12.0,"turns":4.0},{"damage":10.0,"enemies":"Gremlin Gang","floor":13.0,"turns":4.0},{"damage":31.0,"enemies":"The Guardian","floor":16.0,"turns":6.0},{"damage":32.0,"enemies":"2 Thieves","floor":18.0,"turns":5.0},{"damage":0.0,"enemies":"Chosen","floor":22.0,"turns":4.0},{"damage":3.0,"enemies":"3 Cultists","floor":24.0,"turns":5.0},{"damage":4.0,"enemies":"Shelled Parasite and Fungi","floor":25.0,"turns":6.0},{"damage":3.0,"enemies":"Slavers","floor":28.0,"turns":5.0},{"damage":1.0,"enemies":"Centurion and Healer","floor":30.0,"turns":5.0},{"damage":0.0,"enemies":"Snake Plant","floor":31.0,"turns":4.0},{"damage":2.0,"enemies":"Automaton","floor":33.0,"turns":7.0},{"damage":0.0,"enemies":"3 Darklings","floor":35.0,"turns":4.0},{"damage":2.0,"enemies":"3 Shapes","floor":36.0,"turns":5.0},{"damage":0.0,"enemies":"Maw","floor":37.0,"turns":5.0},{"damage":4.0,"enemies":"2 Orb Walkers","floor":39.0,"turns":4.0},{"damage":0.0,"enemies":"3 Darklings","floor":41.0,"turns":4.0},{"damage":0.0,"enemies":"Jaw Worm Horde","floor":44.0,"turns":3.0},{"damage":0.0,"enemies":"Reptomancer","floor":46.0,"turns":4.0},{"damage":1.0,"enemies":"Writhing Mass","floor":47.0,"turns":2.0},{"damage":0.0,"enemies":"Donu and Deca","floor":50.0,"turns":6.0},{"damage":17.0,"enemies":"Awakened One","floor":51.0,"turns":9.0},{"damage":12.0,"enemies":"Shield and Spear","floor":55.0,"turns":4.0},{"damage":32,"enemies":"The Heart","floor":56,"turns":6}],"seed_played":"-7550357103868380513","potions_obtained":[{"floor":4.0,"key":"Block Potion"},{"floor":7.0,"key":"Energy Potion"},{"floor":11.0,"key":"Ancient Potion"},{"floor":13.0,"key":"Energy Potion"},{"floor":18.0,"key":"PowerPotion"},{"floor":30.0,"key":"PowerPotion"},{"floor":33.0,"key":"EssenceOfSteel"},{"floor":35.0,"key":"PowerPotion"},{"floor":39.0,"key":"SteroidPotion"},{"floor":46.0,"key":"EssenceOfSteel"},{"floor":55.0,"key":"Poison Potion"}],"is_trial":false,"path_per_floor":["M","M","T","M","M","R","M","R","T","R","E","M","M","$","R","B",null,"M","$","?","?","M","R","M","M","T","?","E","$","M","M","R","B",null,"M","M","M","$","?","R","M","R","T","M","R","E","M","$","R","B","B",null,"R","$","E","B"],"character_chosen":"DEFECT","items_purchased":["Buffer","Loop+1"],"campfire_rested":3,"item_purchase_floors":[19,48],"current_hp_per_floor":[62,57,57,55,2,23,7,7,7,28,26,22,12,12,33,2,54,22,22,22,22,22,22,19,15,15,15,12,12,11,11,11,9,29,29,27,27,27,37,37,37,37,37,37,37,37,36,36,36,36,19,42,42,42,30,0],"gold":68,"neow_bonus":"BOSS_RELIC","is_prod":false,"is_daily":false,"chose_seed":false,"campfire_upgraded":7,"win_rate":0,"timestamp":1542697049,"path_taken":["M","?","?","M","M","R","M","R","T","R","E","M","?","$","R","BOSS","M","$","?","?","M","R","?","M","T","?","E","?","M","M","R","BOSS","M","M","?","$","?","R","M","R","T","M","R","E","M","?","R","BOSS","BOSS","R","$","E","BOSS"],"build_version":"2018-11-15","purchased_purges":4,"victory":false,"max_hp_per_floor":[71,71,71,71,71,71,71,71,71,71,71,71,71,71,71,71,71,71,71,35,35,35,35,35,35,35,35,35,35,35,35,35,35,35,35,35,35,35,49,49,49,49,49,49,49,49,49,49,49,49,49,49,49,49,49,49],"card_choices":[{"not_picked":["Stack","Ball Lightning","Hologram"],"picked":"SKIP","floor":1.0},{"not_picked":["FTL","Coolheaded","Ball Lightning"],"picked":"SKIP","floor":2.0},{"not_picked":["Genetic Algorithm","Blizzard","Barrage"],"picked":"SKIP","floor":4.0},{"not_picked":["Force Field","Stack","Beam Cell"],"picked":"SKIP","floor":5.0},{"not_picked":["Rebound","Capacitor","Creative AI"],"picked":"SKIP","floor":7.0},{"not_picked":["Static Discharge","Hologram","Steam Power"],"picked":"SKIP","floor":11.0},{"not_picked":["Melter","Go for the Eyes","Defragment"],"picked":"SKIP","floor":12.0},{"not_picked":["Steam","Go for the Eyes","Stack"],"picked":"SKIP","floor":13.0},{"not_picked":["Go for the Eyes","Compile Driver+1","Chill"],"picked":"SKIP","floor":18.0},{"not_picked":["Coolheaded+1","Reprogram"],"picked":"Loop","floor":22.0},{"not_picked":["Hologram","Cold Snap+1","Rebound"],"picked":"SKIP","floor":24.0},{"not_picked":["Aggregate","Darkness"],"picked":"Conserve Battery","floor":25.0},{"not_picked":["Consume+1","Blizzard","Melter"],"picked":"SKIP","floor":28.0},{"not_picked":["Compile Driver","Barrage"],"picked":"Buffer","floor":30.0},{"not_picked":["Barrage","Coolheaded","Go for the Eyes"],"picked":"SKIP","floor":31.0},{"not_picked":["Storm","Turbo+1","Rip and Tear"],"picked":"SKIP","floor":35.0},{"not_picked":["Stack+1","Go for the Eyes","Gash"],"picked":"SKIP","floor":36.0},{"not_picked":["Steam","Fusion","Ball Lightning"],"picked":"SKIP","floor":37.0},{"not_picked":["Sweeping Beam","Fusion"],"picked":"Seek","floor":39.0},{"not_picked":["Conserve Battery+1","Go for the Eyes","Reprogram"],"picked":"SKIP","floor":41.0},{"not_picked":["Ball Lightning+1","FTL","Cold Snap"],"picked":"SKIP","floor":44.0},{"not_picked":["Fusion","Melter"],"picked":"Glacier","floor":46.0},{"not_picked":["Cold Snap","Conserve Battery+1"],"picked":"Redo+1","floor":47.0},{"not_picked":["Core Surge","Cold Snap","Conserve Battery+1"],"picked":"SKIP","floor":55.0}],"player_experience":574897,"relics_obtained":[{"floor":9.0,"key":"Kunai"},{"floor":11.0,"key":"Unceasing Top"},{"floor":21.0,"key":"Bag of Preparation"},{"floor":26.0,"key":"Whetstone"},{"floor":28.0,"key":"PreservedInsect"},{"floor":39.0,"key":"Mango"},{"floor":43.0,"key":"The Courier"},{"floor":46.0,"key":"Frozen Egg 2"},{"floor":55.0,"key":"Centennial Puzzle"}],"event_choices":[{"damage_healed":0.0,"max_hp_gain":0.0,"max_hp_loss":36.0,"gold_gain":0.0,"event_name":"Ghosts","player_choice":"Became a Ghost","floor":20.0,"gold_loss":0.0,"damage_taken":0.0,"cards_obtained":["Ghostly","Ghostly","Ghostly"]},{"damage_healed":0.0,"max_hp_gain":0.0,"max_hp_loss":0.0,"gold_gain":0.0,"event_name":"Wheel of Change","player_choice":"Relic","floor":21.0,"gold_loss":0.0,"damage_taken":0.0},{"damage_healed":0.0,"max_hp_gain":0.0,"max_hp_loss":0.0,"gold_gain":0.0,"cards_transformed":["Defend_B"],"event_name":"Transmorgrifier","player_choice":"Transformed","floor":27.0,"gold_loss":0.0,"damage_taken":0.0,"cards_obtained":["Darkness"]},{"damage_healed":0.0,"max_hp_gain":0.0,"max_hp_loss":0.0,"gold_gain":0.0,"event_name":"Mysterious Sphere","player_choice":"Fight","floor":39.0,"gold_loss":0.0,"damage_taken":0.0}],"is_beta":true,"boss_relics":[{"not_picked":["Philosopher\u0027s Stone","Runic Dome"],"picked":"Empty Cage"},{"not_picked":["Nuclear Battery","Velvet Choker"],"picked":"Coffee Dripper"}],"items_purged_floors":[14,19,38,48],"is_endless":false,"potions_floor_spawned":[4,7,11,13,18,30,33,35,39,46,55],"killed_by":"The Heart","ascension_level":20}