{"gold_per_floor":[119,269,194,194,207,207,233,233,233,233],"floor_reached":10,"playtime":127,"items_purged":["Doubt"],"score":178,"play_id":"1dbf676a-b93c-4da8-be85-e903bdffc23e","local_time":"20190109184211","is_ascension_mode":true,"campfire_choices":[{"data":"Dualcast","floor":6,"key":"SMITH"},{"data":"Zap","floor":8,"key":"SMITH"}],"neow_cost":"NONE","seed_source_timestamp":24084795892591,"circlet_count":0,"master_deck":["AscendersBane","Strike_B","Strike_B","Strike_B","Strike_B+1","Defend_B","Defend_B+1","Defend_B","Defend_B","Zap+1","Dualcast+1","Leap","Meteor Strike"],"relics":["Cracked Core","NeowsBlessing","Turnip","Mummified Hand"],"potions_floor_usage":[10],"damage_taken":[{"damage":0,"enemies":"Cultist","floor":1,"turns":1},{"damage":0,"enemies":"Jaw Worm","floor":5,"turns":1},{"damage":0,"enemies":"Gremlin Nob","floor":7,"turns":1},{"damage":43,"enemies":"Lagavulin","floor":10,"turns":6}],"seed_played":"-4232866812197721408","potions_obtained":[{"floor":1,"key":"Ancient Potion"},{"floor":5,"key":"AttackPotion"}],"is_trial":false,"path_per_floor":["M","?","$","?","M","R","E","R","T","E"],"character_chosen":"DEFECT","items_purchased":[],"campfire_rested":0,"item_purchase_floors":[],"current_hp_per_floor":[64,64,64,43,43,43,43,43,43,0],"gold":233,"neow_bonus":"THREE_ENEMY_KILL","is_prod":false,"is_daily":false,"chose_seed":false,"campfire_upgraded":2,"win_rate":0,"timestamp":1547030531,"path_taken":["M","?","$","?","M","R","E","R","T","E"],"build_version":"2019-01-03v4","purchased_purges":1,"victory":false,"max_hp_per_floor":[71,71,71,71,71,71,71,71,71,71],"card_choices":[{"not_picked":["Blizzard","Doom and Gloom","Stack"],"picked":"SKIP","floor":1},{"not_picked":["Stack","Turbo"],"picked":"Leap","floor":5},{"not_picked":["Double Energy","Rebound"],"picked":"Meteor Strike","floor":7}],"player_experience":1885720,"relics_obtained":[{"floor":7,"key":"Turnip"},{"floor":9,"key":"Mummified Hand"}],"event_choices":[{"damage_healed":0,"gold_gain":150,"player_choice":"AGREE","damage_taken":0,"max_hp_gain":0,"max_hp_loss":0,"event_name":"Liars Game","floor":2,"gold_loss":0,"cards_obtained":["Doubt"]},{"damage_healed":0,"gold_gain":0,"player_choice":"Entered Light","damage_taken":21,"max_hp_gain":0,"max_hp_loss":0,"event_name":"Shining Light","floor":4,"gold_loss":0,"cards_upgraded":["Defend_B","Strike_B"]}],"is_beta":false,"boss_relics":[],"items_purged_floors":[3],"is_endless":false,"potions_floor_spawned":[1,5,7],"killed_by":"Lagavulin","ascension_level":20}