{"gold_per_floor":[117,34,34,51,66,66,94,112,182,182,211,211,136,169,169,169],"floor_reached":16,"playtime":843,"items_purged":["Strike_R"],"score":236,"play_id":"e34dcef5-a547-47d0-a17f-3ddf37173a18","local_time":"20190528012221","is_ascension_mode":true,"campfire_choices":[{"data":"Carnage","floor":6,"key":"SMITH"},{"data":"Bash","floor":12,"key":"SMITH"},{"data":"Ghostly Armor","floor":15,"key":"SMITH"}],"neow_cost":"TEN_PERCENT_HP_LOSS","seed_source_timestamp":128837806850117,"circlet_count":0,"master_deck":["AscendersBane","Strike_R","Defend_R","Defend_R","Defend_R","Defend_R","Bash+1","Reaper","Iron Wave","Ghostly Armor+1","Second Wind","Carnage+1"],"relics":["Burning Blood","Turnip","Shuriken","Blood Vial","Darkstone Periapt"],"potions_floor_usage":[11],"damage_taken":[{"damage":4,"enemies":"Jaw Worm","floor":1,"turns":5},{"damage":12,"enemies":"Cultist","floor":4,"turns":5},{"damage":0,"enemies":"2 Louse","floor":5,"turns":2},{"damage":45,"enemies":"3 Sentries","floor":7,"turns":11},{"damage":26,"enemies":"Lots of Slimes","floor":8,"turns":6},{"damage":24,"enemies":"Gremlin Nob","floor":11,"turns":4},{"damage":20,"enemies":"Lagavulin","floor":14,"turns":6},{"damage":15,"enemies":"Slime Boss","floor":16,"turns":4}],"seed_played":"8086232599740375823","potions_obtained":[{"floor":1,"key":"Dexterity Potion"},{"floor":7,"key":"SteroidPotion"},{"floor":10,"key":"SteroidPotion"},{"floor":14,"key":"Dexterity Potion"}],"is_trial":false,"path_per_floor":["M","$","?","M","M","R","E","M","T","?","E","R","$","E","R","B"],"character_chosen":"IRONCLAD","items_purchased":["Second Wind"],"campfire_rested":0,"item_purchase_floors":[2],"current_hp_per_floor":[68,68,68,62,68,68,40,40,40,40,22,22,22,14,14,5],"gold":169,"neow_bonus":"TRANSFORM_TWO_CARDS","is_prod":false,"is_daily":false,"chose_seed":false,"campfire_upgraded":3,"win_rate":0,"timestamp":1558977741,"path_taken":["M","$","?","?","M","R","E","M","T","?","E","R","$","E","R","BOSS"],"build_version":"2019-01-23","purchased_purges":1,"victory":false,"max_hp_per_floor":[68,68,68,68,68,68,68,68,68,68,68,68,68,68,68,68],"card_choices":[{"not_picked":["Reckless Charge","Fire Breathing"],"picked":"Ghostly Armor","floor":1},{"not_picked":["Rupture","Havoc"],"picked":"Carnage","floor":4},{"not_picked":["Perfected Strike","Seeing Red","Sword Boomerang"],"picked":"SKIP","floor":5},{"not_picked":["Blood for Blood","Sever Soul","Perfected Strike"],"picked":"SKIP","floor":7},{"not_picked":["Clothesline","Iron Wave","Perfected Strike"],"picked":"SKIP","floor":8},{"not_picked":["Clothesline","Reckless Charge","Wild Strike"],"picked":"SKIP","floor":11},{"not_picked":["Havoc","Sword Boomerang","Reckless Charge"],"picked":"SKIP","floor":14}],"player_experience":4886986,"relics_obtained":[{"floor":7,"key":"Turnip"},{"floor":9,"key":"Shuriken"},{"floor":11,"key":"Blood Vial"},{"floor":14,"key":"Darkstone Periapt"}],"event_choices":[{"cards_removed":["Strike_R"],"damage_healed":0,"gold_gain":0,"player_choice":"Card Removal","damage_taken":0,"max_hp_gain":0,"max_hp_loss":0,"event_name":"Wheel of Change","floor":3,"gold_loss":0},{"damage_healed":0,"gold_gain":0,"player_choice":"Got Potions","damage_taken":0,"max_hp_gain":0,"max_hp_loss":0,"event_name":"Lab","floor":10,"gold_loss":0}],"is_beta":false,"boss_relics":[],"items_purged_floors":[13],"is_endless":false,"potions_floor_spawned":[1,7,14],"killed_by":"Slime Boss","ascension_level":20}