{"gold_per_floor":[117,42,42,42,42,76,96,116,116,127,77,77,96,96],"floor_reached":14,"playtime":309,"items_purged":["Defend_G","Strike_G"],"score":230,"play_id":"5adea745-7622-42d8-8899-f422ba3c68f9","local_time":"20190103184534","is_ascension_mode":true,"campfire_choices":[{"data":"Deadly Poison","floor":12,"key":"SMITH"}],"neow_cost":"NONE","seed_source_timestamp":24378305380261,"circlet_count":0,"master_deck":["AscendersBane","Defend_G","Defend_G","Defend_G","Defend_G","Strike_G","Strike_G","Strike_G","Strike_G","Survivor","Neutralize","Caltrops","Deadly Poison+1","Tools of the Trade"],"relics":["Ring of the Snake","NeowsBlessing","Darkstone Periapt","Smiling Mask","Potion Belt"],"potions_floor_usage":[10,14,14],"damage_taken":[{"damage":0,"enemies":"Small Slimes","floor":1,"turns":1},{"damage":0,"enemies":"3 Sentries","floor":6,"turns":1},{"damage":0,"enemies":"2 Louse","floor":7,"turns":1},{"damage":0,"enemies":"Jaw Worm","floor":8,"turns":5},{"damage":10,"enemies":"3 Louse","floor":10,"turns":5},{"damage":20,"enemies":"Large Slime","floor":13,"turns":7},{"damage":0,"enemies":"Gremlin Gang","floor":14,"turns":1}],"seed_played":"7654056531992920956","potions_obtained":[{"floor":7,"key":"EntropicBrew"},{"floor":8,"key":"AttackPotion"},{"floor":13,"key":"Dexterity Potion"}],"is_trial":false,"path_per_floor":["M","$","?","?","$","E","M","M","T","M","$","R","M","M"],"character_chosen":"THE_SILENT","items_purchased":[],"campfire_rested":0,"item_purchase_floors":[],"current_hp_per_floor":[59,59,41,41,41,41,41,41,41,31,31,31,11,11],"gold":96,"neow_bonus":"THREE_ENEMY_KILL","is_prod":false,"is_daily":false,"chose_seed":false,"campfire_upgraded":1,"win_rate":0,"timestamp":1546512334,"path_taken":["M","$","?","?","$","E","M","M","T","M","$","R","M","M"],"build_version":"2018-12-20","purchased_purges":2,"victory":false,"max_hp_per_floor":[66,66,66,66,66,66,66,66,66,66,66,66,66,66],"card_choices":[{"not_picked":["Flying Knee","Blade Dance","Finisher"],"picked":"SKIP","floor":1},{"not_picked":["Slice","Phantasmal Killer"],"picked":"Caltrops","floor":6},{"not_picked":["Slice","Outmaneuver"],"picked":"Deadly Poison","floor":7},{"not_picked":["Flying Knee","Dagger Spray","Accuracy"],"picked":"SKIP","floor":8},{"not_picked":["Bane","Blade Dance","Sucker Punch"],"picked":"SKIP","floor":10},{"not_picked":["Infinite Blades","Noxious Fumes"],"picked":"Tools of the Trade","floor":13}],"player_experience":1700352,"relics_obtained":[{"floor":6,"key":"Smiling Mask"},{"floor":9,"key":"Potion Belt"}],"event_choices":[{"damage_healed":0,"gold_gain":0,"player_choice":"Success","damage_taken":18,"relics_obtained":["Darkstone Periapt"],"max_hp_gain":0,"max_hp_loss":0,"event_name":"Scrap Ooze","floor":3,"gold_loss":0},{"damage_healed":0,"gold_gain":0,"player_choice":"Leave","damage_taken":0,"max_hp_gain":0,"max_hp_loss":0,"event_name":"The Cleric","floor":4,"gold_loss":0}],"is_beta":false,"boss_relics":[],"items_purged_floors":[2,11],"is_endless":false,"potions_floor_spawned":[7,8,13],"killed_by":"Gremlin Gang","ascension_level":20}