{"gold_per_floor":[366,377,377,377,172,216,216,229,229,243,243,268,268,281,281,402,402,416,416,436,103,126,126,139,154,206,224,224,247,247,282,282,401,401,419,67,67,83,83,83,122,122,122,141,141,164,164,185,185,185],"floor_reached":51,"playtime":2189,"items_purged":["Defend_G","Defend_G","Defend_G"],"score":731,"play_id":"937703df-09e6-4a2d-9a46-7298eed4eca4","local_time":"20181022141733","is_ascension_mode":false,"campfire_choices":[{"data":"Footwork","floor":7.0,"key":"SMITH"},{"data":"Neutralize","floor":11.0,"key":"SMITH"},{"data":"Catalyst","floor":13.0,"key":"SMITH"},{"data":"Venomology","floor":15.0,"key":"SMITH"},{"data":"Catalyst","floor":23.0,"key":"SMITH"},{"data":"Malaise","floor":28.0,"key":"SMITH"},{"data":"Dash","floor":30.0,"key":"SMITH"},{"data":"Well Laid Plans","floor":32.0,"key":"SMITH"},{"data":"Night Terror","floor":40.0,"key":"SMITH"},{"data":"Noxious Fumes","floor":42.0,"key":"SMITH"},{"data":"Survivor","floor":49,"key":"SMITH"}],"neow_cost":"PERCENT_DAMAGE","seed_source_timestamp":21709088515967,"circlet_count":0,"master_deck":["Survivor+1","Neutralize+1","Catalyst+1","Dash+1","Footwork+1","Venomology+1","Malaise+1","All Out Attack+1","Well Laid Plans+1","Dash+1","Backflip+1","Catalyst+1","Poisoned Stab+1","Deadly Poison+1","Crippling Poison+1","Night Terror+1","Well Laid Plans+1","Noxious Fumes+1"],"special_seed":0,"relics":["Ring of the Snake","Golden Idol","Darkstone Periapt","Happy Flower","Astrolabe","Bottled Flame","Potion Belt","Ancient Tea Set","Red Mask","Empty Cage","Oddly Smooth Stone","Meat on the Bone","Regal Pillow"],"potions_floor_usage":[46,46,46,50,50,50],"damage_taken":[{"damage":0.0,"enemies":"Small Slimes","floor":1.0,"turns":4.0},{"damage":0.0,"enemies":"Cultist","floor":2.0,"turns":4.0},{"damage":2.0,"enemies":"Gremlin Nob","floor":6.0,"turns":3.0},{"damage":0.0,"enemies":"Jaw Worm","floor":8.0,"turns":4.0},{"damage":1.0,"enemies":"3 Louse","floor":10.0,"turns":5.0},{"damage":1.0,"enemies":"Exordium Thugs","floor":12.0,"turns":5.0},{"damage":1.0,"enemies":"Red Slaver","floor":14.0,"turns":4.0},{"damage":16.0,"enemies":"Slime Boss","floor":16.0,"turns":7.0},{"damage":0.0,"enemies":"Chosen","floor":18.0,"turns":6.0},{"damage":1.0,"enemies":"Spheric Guardian","floor":20.0,"turns":4.0},{"damage":0.0,"enemies":"Shelled Parasite and Fungi","floor":22.0,"turns":10.0},{"damage":0.0,"enemies":"Chosen and Byrds","floor":24.0,"turns":4.0},{"damage":3.0,"enemies":"Snake Plant","floor":25.0,"turns":5.0},{"damage":3.0,"enemies":"Shelled Parasite and Fungi","floor":27.0,"turns":4.0},{"damage":0.0,"enemies":"Centurion and Healer","floor":29.0,"turns":6.0},{"damage":0.0,"enemies":"Masked Bandits","floor":31.0,"turns":4.0},{"damage":3.0,"enemies":"Automaton","floor":33.0,"turns":5.0},{"damage":0.0,"enemies":"3 Shapes","floor":35.0,"turns":4.0},{"damage":0.0,"enemies":"3 Darklings","floor":38.0,"turns":6.0},{"damage":0.0,"enemies":"Reptomancer","floor":41.0,"turns":3.0},{"damage":0.0,"enemies":"4 Shapes","floor":44.0,"turns":4.0},{"damage":0,"enemies":"Maw","floor":46,"turns":4},{"damage":16,"enemies":"3 Darklings","floor":48,"turns":5},{"damage":44,"enemies":"Awakened One","floor":50,"turns":8}],"seed_played":"-6697862865128183959","potions_obtained":[{"floor":1.0,"key":"Block Potion"},{"floor":2.0,"key":"SteroidPotion"},{"floor":12.0,"key":"SkillPotion"},{"floor":16.0,"key":"AttackPotion"},{"floor":22.0,"key":"Weak Potion"},{"floor":27.0,"key":"SteroidPotion"},{"floor":33.0,"key":"Block Potion"},{"floor":41.0,"key":"Weak Potion"},{"floor":46,"key":"Weak Potion"}],"is_trial":false,"path_per_floor":["M","M","?","?","$","E","R","M","T","M","R","M","R","M","R","B",null,"M","T","M","$","M","R","M","M","T","M","R","M","R","?","R","B",null,"M","$","?","M","$","R","E","R","T","M","?","M","?","M","R","B"],"character_chosen":"THE_SILENT","items_purchased":["Footwork","Poison Potion","Potion Belt","Catalyst","Oddly Smooth Stone","Noxious Fumes"],"campfire_rested":0,"item_purchase_floors":[5,5,21,21,36,36],"current_hp_per_floor":[49,49,49,49,49,47,47,47,47,46,46,45,45,44,44,28,65,65,65,64,64,64,64,64,61,61,58,58,58,58,58,58,55,65,65,65,65,65,65,65,65,65,65,65,65,65,65,49,49,17],"gold":185,"neow_bonus":"TWO_FIFTY_GOLD","is_prod":false,"is_daily":false,"chose_seed":false,"campfire_upgraded":11,"win_rate":0,"timestamp":1540189053,"path_taken":["M","M","?","?","$","E","R","M","T","M","R","M","R","M","R","BOSS","M","?","M","$","M","R","M","?","T","M","R","M","R","?","R","BOSS","M","$","?","M","$","R","E","R","T","M","?","M","?","M","R","BOSS"],"build_version":"2018-10-18","purchased_purges":3,"victory":true,"max_hp_per_floor":[70,70,70,65,65,65,65,65,65,65,65,65,65,65,65,65,65,65,65,65,65,65,65,65,65,65,65,65,65,65,65,65,65,65,65,65,65,65,65,65,65,65,65,65,65,65,65,65,65,65],"card_choices":[{"not_picked":["Calculated Gamble","Deflect"],"picked":"Catalyst","floor":1.0},{"not_picked":["Dagger Spray","Slice"],"picked":"Dash","floor":2.0},{"not_picked":["Underhanded Strike","Expertise"],"picked":"Venomology","floor":6.0},{"not_picked":["Flechettes","Dash","Eviscerate"],"picked":"SKIP","floor":8.0},{"not_picked":["Eviscerate","Dash","Dagger Throw"],"picked":"SKIP","floor":10.0},{"not_picked":["Prepared","Calculated Gamble","Slice"],"picked":"SKIP","floor":12.0},{"not_picked":["Tactician","Storm of Steel","Deflect"],"picked":"SKIP","floor":14.0},{"not_picked":["Bullet Time","Adrenaline"],"picked":"Malaise","floor":16.0},{"not_picked":["Bane","Distraction","Infinite Blades"],"picked":"SKIP","floor":18.0},{"not_picked":["Dagger Spray+1","Riddle With Holes+1"],"picked":"Backflip","floor":20.0},{"not_picked":["Deflect","Skewer"],"picked":"Poisoned Stab+1","floor":22.0},{"not_picked":["Sucker Punch","Riddle With Holes+1","Reflex"],"picked":"SKIP","floor":24.0},{"not_picked":["Crippling Poison","Heel Hook+1"],"picked":"Deadly Poison+1","floor":25.0},{"not_picked":["Dagger Throw+1","Deflect","Prepared"],"picked":"SKIP","floor":27.0},{"not_picked":["Concentrate","Underhanded Strike"],"picked":"Crippling Poison+1","floor":29.0},{"not_picked":["Tactician+1","Dodge and Roll+1"],"picked":"Well Laid Plans","floor":31.0},{"not_picked":["A Thousand Cuts","Phantasmal Killer"],"picked":"Night Terror","floor":33.0},{"not_picked":["Cloak And Dagger","Deadly Poison+1"],"picked":"Well Laid Plans+1","floor":35.0},{"not_picked":["Endless Agony","Sucker Punch","Backstab+1"],"picked":"SKIP","floor":38.0},{"not_picked":["Cloak And Dagger+1","Slice","Outmaneuver"],"picked":"SKIP","floor":41.0},{"not_picked":["PiercingWail","Prepared","Deadly Poison"],"picked":"SKIP","floor":44.0},{"not_picked":["Flechettes","Outmaneuver+1","Masterful Stab"],"picked":"SKIP","floor":46},{"not_picked":["Caltrops+1","Cloak And Dagger","Outmaneuver+1"],"picked":"SKIP","floor":48}],"player_experience":506125,"relics_obtained":[{"floor":6.0,"key":"Darkstone Periapt"},{"floor":9.0,"key":"Happy Flower"},{"floor":19.0,"key":"Bottled Flame"},{"floor":26.0,"key":"Ancient Tea Set"},{"floor":31.0,"key":"Red Mask"},{"floor":41.0,"key":"Meat on the Bone"},{"floor":43.0,"key":"Regal Pillow"}],"event_choices":[{"cards_removed":["Strike_G"],"damage_healed":0.0,"max_hp_gain":0.0,"max_hp_loss":0.0,"gold_gain":0.0,"event_name":"Bonfire Elementals","player_choice":"Offered Basic","floor":3.0,"gold_loss":0.0,"damage_taken":0.0},{"damage_healed":0.0,"max_hp_gain":0.0,"max_hp_loss":5.0,"gold_gain":0.0,"event_name":"Golden Idol","player_choice":"Lose Max HP","floor":4.0,"gold_loss":0.0,"damage_taken":0.0,"relics_obtained":["Golden Idol"]},{"damage_healed":0.0,"max_hp_gain":0.0,"max_hp_loss":0.0,"gold_gain":0.0,"event_name":"Masked Bandits","player_choice":"Fought Bandits","floor":31.0,"gold_loss":0.0,"damage_taken":0.0},{"cards_removed":["Defend_G"],"damage_healed":0.0,"max_hp_gain":0.0,"max_hp_loss":0.0,"gold_gain":0.0,"event_name":"Purifier","player_choice":"Purged","floor":37.0,"gold_loss":0.0,"damage_taken":0.0},{"damage_healed":0.0,"max_hp_gain":0.0,"max_hp_loss":0.0,"gold_gain":0.0,"event_name":"Accursed Blacksmith","player_choice":"Forge","floor":45.0,"gold_loss":0.0,"damage_taken":0.0,"cards_upgraded":["Backflip"]},{"cards_removed":["Well Laid Plans"],"damage_healed":0,"gold_gain":0,"player_choice":"Removed Power","damage_taken":0,"max_hp_gain":0,"max_hp_loss":0,"event_name":"Falling","floor":47,"gold_loss":0}],"is_beta":false,"boss_relics":[{"not_picked":["Runic Dome","Velvet Choker"],"picked":"Astrolabe"},{"not_picked":["WristBlade","Tiny House"],"picked":"Empty Cage"}],"items_purged_floors":[5,21,36],"is_endless":false,"potions_floor_spawned":[1,2,12,14,16,20,22,27,33,35,41,46],"ascension_level":0}