{"gold_per_floor":[113,132,151,151,162,162,172,205,205,205,220,220,240,220,220,220],"floor_reached":16,"playtime":482,"items_purged":[],"score":182,"play_id":"a9a1699b-e5c7-4f35-9249-bff2ef49ec8e","local_time":"20180826111049","is_ascension_mode":true,"campfire_choices":[{"data":"Neutralize","floor":6,"key":"SMITH"},{"floor":10,"key":"REST"},{"floor":15,"key":"REST"}],"neow_cost":"NONE","seed_source_timestamp":5517897341636,"circlet_count":0,"master_deck":["Defend_G","Defend_G","Defend_G","Defend_G","Defend_G","Strike_G","Strike_G","Strike_G","Strike_G+1","Strike_G","Survivor","Neutralize+1","AscendersBane","Flying Knee+1","Dash","Choke","Deadly Poison"],"relics":["Busted Crown","Ancient Tea Set","The Courier","NlothsMask"],"potions_floor_usage":[8,8,16,16],"damage_taken":[{"damage":7,"enemies":"Jaw Worm","floor":1,"turns":5},{"damage":0,"enemies":"2 Louse","floor":2,"turns":2},{"damage":0,"enemies":"Cultist","floor":3,"turns":3},{"damage":3,"enemies":"Blue Slaver","floor":5,"turns":3},{"damage":5,"enemies":"Exordium Thugs","floor":7,"turns":5},{"damage":17,"enemies":"3 Sentries","floor":8,"turns":8},{"damage":12,"enemies":"Gremlin Gang","floor":11,"turns":5},{"damage":6,"enemies":"Exordium Wildlife","floor":13,"turns":5},{"damage":28,"enemies":"Hexaghost","floor":16,"turns":11}],"seed_played":"1949452147689853082","potions_obtained":[{"floor":2,"key":"Poison Potion"},{"floor":5,"key":"SkillPotion"},{"floor":11,"key":"SpeedPotion"},{"floor":13,"key":"Fire Potion"},{"floor":14,"key":"Swift Potion"}],"is_trial":false,"path_per_floor":["M","M","M","?","M","R","M","E","T","R","M","?","M","?","R"],"character_chosen":"THE_SILENT","items_purchased":[],"campfire_rested":2,"item_purchase_floors":[],"current_hp_per_floor":[52,52,52,32,29,29,24,7,7,26,14,14,8,8,27,0],"gold":220,"neow_bonus":"BOSS_RELIC","is_prod":false,"is_daily":false,"chose_seed":false,"campfire_upgraded":1,"win_rate":0,"timestamp":1535253049,"path_taken":["M","M","M","?","M","R","M","E","T","R","M","?","?","?","R","BOSS"],"build_version":"2018-08-23v2","purchased_purges":0,"victory":false,"max_hp_per_floor":[66,66,66,66,66,66,66,66,66,66,66,66,66,66,66,66],"card_choices":[{"not_picked":[],"picked":"Flying Knee","floor":1},{"not_picked":[],"picked":"Dash","floor":2},{"not_picked":["Prepared"],"picked":"SKIP","floor":3},{"not_picked":["Endless Agony"],"picked":"SKIP","floor":5},{"not_picked":[],"picked":"Choke","floor":7},{"not_picked":["Accuracy"],"picked":"SKIP","floor":8},{"not_picked":[],"picked":"Deadly Poison","floor":11},{"not_picked":["Sucker Punch"],"picked":"SKIP","floor":13}],"player_experience":902435,"relics_obtained":[{"floor":8,"key":"Ancient Tea Set"},{"floor":9,"key":"The Courier"}],"event_choices":[{"event_name":"Shining Light","player_choice":"Entered Light","floor":4,"damage_taken":0},{"event_name":"FaceTrader","player_choice":"Trade","floor":12,"damage_taken":0},{"event_name":"The Woman in Blue","player_choice":"Bought 1 Potion","floor":14,"damage_taken":0}],"is_beta":true,"boss_relics":[],"items_purged_floors":[],"is_endless":false,"potions_floor_spawned":[2,5,7,11,13],"killed_by":"Hexaghost","ascension_level":15}