{"path_per_floor":["M","M","?","M","M","R","$","T","T","M","R","E","?","M","R","B",null,"M","M","?","?","?","R"],"character_chosen":"DEFECT","items_purchased":[],"gold_per_floor":[114,129,79,94,109,109,34,34,84,99,99,129,129,144,144,244,244,259,274,274,324,324,324,324],"floor_reached":24,"campfire_rested":0,"playtime":1085,"current_hp_per_floor":[66,66,66,66,60,60,60,60,60,59,59,51,44,44,44,32,57,50,55,54,53,45,45,0],"items_purged":["Multi-Cast"],"gold":324,"score":196,"play_id":"bdddd5d4-67ca-4c44-920b-26181a590522","local_time":"20180516121248","daily_mods":["Shiny","Uncertain Future","Terminal"],"is_prod":false,"is_daily":true,"chose_seed":false,"is_ascension_mode":false,"campfire_upgraded":4,"timestamp":1526443968,"path_taken":["M","M","?","M","M","R","$","?","T","M","R","E","?","M","R","BOSS","M","M","?","?","?","R","E"],"build_version":"2018-05-14v2","seed_source_timestamp":0,"purchased_purges":1,"victory":false,"master_deck":["Hyperbeam","Machine Learning","Electrodynamics","Buffer+1","Seek+1","Meteor Strike","Echo Form","All For One","Reboot","Nova","Amplify","Creative AI+1","Hologram+1","Beam Cell","Consume","White Noise+1","Aggregate","Heatsinks","Echo Form","BootSequence+1","Fusion+1","Self Repair+1"],"max_hp_per_floor":[73,72,71,70,69,68,67,66,65,64,63,62,61,60,59,58,57,56,55,54,53,57,56,56],"relics":["Cracked Core","Torii","Lantern","Juzu Bracelet","Astrolabe"],"card_choices":[{"not_picked":["Barrage","Go for the Eyes"],"picked":"Hologram","floor":1},{"not_picked":["Auto Shields","Static Discharge"],"picked":"Beam Cell","floor":2},{"not_picked":["Cold Snap","Skim"],"picked":"Consume","floor":4},{"not_picked":["Skim","Leap"],"picked":"White Noise","floor":5},{"not_picked":["Skim","Consume"],"picked":"Aggregate","floor":10},{"not_picked":["Steam","Stack"],"picked":"Heatsinks","floor":12},{"not_picked":["Stack","Turbo","Capacitor"],"picked":"SKIP","floor":14},{"not_picked":["Fission","Electrodynamics"],"picked":"Echo Form","floor":16},{"not_picked":["Go for the Eyes","Conserve Battery","Sweeping Beam+1"],"picked":"SKIP","floor":18},{"not_picked":["Hello World","Conserve Battery","Coolheaded"],"picked":"SKIP","floor":19}],"player_experience":476591,"potions_floor_usage":[12],"damage_taken":[{"damage":8,"enemies":"2 Louse","floor":1,"turns":3},{"damage":0,"enemies":"Small Slimes","floor":2,"turns":3},{"damage":0,"enemies":"Cultist","floor":4,"turns":2},{"damage":6,"enemies":"Exordium Thugs","floor":5,"turns":2},{"damage":1,"enemies":"2 Fungi Beasts","floor":10,"turns":2},{"damage":8,"enemies":"3 Sentries","floor":12,"turns":3},{"damage":0,"enemies":"3 Louse","floor":14,"turns":1},{"damage":12,"enemies":"The Guardian","floor":16,"turns":8},{"damage":17,"enemies":"2 Thieves","floor":18,"turns":3},{"damage":1,"enemies":"Shell Parasite","floor":19,"turns":6},{"damage":48,"enemies":"Slavers","floor":24,"turns":4}],"relics_obtained":[{"floor":8,"key":"Torii"},{"floor":9,"key":"Lantern"},{"floor":12,"key":"Juzu Bracelet"}],"event_choices":[{"event_name":"The Cleric","player_choice":"Card Removal","floor":3,"damage_taken":0},{"event_name":"Golden Wing","player_choice":"Card Removal","floor":13,"damage_taken":0},{"event_name":"Accursed Blacksmith","player_choice":"Forge","floor":20,"damage_taken":0},{"event_name":"The Joust","player_choice":"Bet on Murderer","floor":21,"damage_taken":0},{"event_name":"Forgotten Altar","player_choice":"Shed Blood","floor":22,"damage_taken":0}],"boss_relics":[{"not_picked":["Sozu","Cursed Key"],"picked":"Astrolabe"}],"potions_floor_spawned":[5,10,12,18],"seed_played":"-2510133029064104060","killed_by":"Slavers","ascension_level":0,"potions_obtained":[{"floor":5,"key":"Weak Potion"},{"floor":10,"key":"GamblersBrew"},{"floor":12,"key":"Weak Potion"},{"floor":18,"key":"Fire Potion"}],"is_trial":false}