{"gold_per_floor":[109,126,126,144,158,158,172,172,195,195,195,209,209,223,223,319,319,337,351,370,387,401,401,412,432,432,490,490,490,509,118,118,222,222,235,253,253,87,87,87,119,119,119,119,19,19,19,19,19,19],"floor_reached":51,"playtime":1617,"items_purged":["Defend_B","Defend_B"],"score":714,"play_id":"4598bbe0-fefa-4f1f-9548-a1c67d28d4ac","local_time":"20190617135452","is_ascension_mode":false,"campfire_choices":[{"data":"Rip and Tear","floor":6.0,"key":"SMITH"},{"data":"Zap","floor":8.0,"key":"SMITH"},{"data":"Dualcast","floor":13.0,"key":"SMITH"},{"data":"Consume","floor":15.0,"key":"SMITH"},{"floor":23.0,"key":"REST"},{"floor":28.0,"key":"REST"},{"floor":32.0,"key":"REST"},{"data":"Reinforced Body","floor":40,"key":"SMITH"},{"data":"Recycle","floor":42,"key":"SMITH"},{"data":"Creative AI","floor":44,"key":"SMITH"},{"floor":49,"key":"RECALL"}],"neow_cost":"PERCENT_DAMAGE","seed_source_timestamp":5528583722700,"circlet_count":0,"master_deck":["Zap+1","Dualcast+1","Reinforced Body+1","Rip and Tear+1","White Noise+1","Auto Shields+1","Consume+1","Creative AI+1","Gash+1","Loop+1","Core Surge+1","Recycle+1","Capacitor+1","Hologram+1","Conserve Battery+1","Defragment+1","Undo+1","Self Repair+1","Cold Snap+1","Rainbow+1","Auto Shields+1","Machine Learning+1","Master of Strategy+1","Reboot+1"],"special_seed":0,"relics":["Cracked Core","Strawberry","Astrolabe","Gremlin Horn","Nloth\u0027s Gift","Runic Capacitor","Velvet Choker","Oddly Smooth Stone","Calipers","Omamori","Mark of the Bloom"],"potions_floor_usage":[50,50,50],"damage_taken":[{"damage":1.0,"enemies":"Jaw Worm","floor":1.0,"turns":4.0},{"damage":1.0,"enemies":"Cultist","floor":2.0,"turns":4.0},{"damage":0.0,"enemies":"Small Slimes","floor":4.0,"turns":3.0},{"damage":3.0,"enemies":"2 Fungi Beasts","floor":5.0,"turns":4.0},{"damage":15.0,"enemies":"Gremlin Gang","floor":7.0,"turns":4.0},{"damage":1.0,"enemies":"Exordium Wildlife","floor":12.0,"turns":3.0},{"damage":0.0,"enemies":"Lots of Slimes","floor":14.0,"turns":4.0},{"damage":20.0,"enemies":"Hexaghost","floor":16.0,"turns":9.0},{"damage":1.0,"enemies":"Shell Parasite","floor":18.0,"turns":6.0},{"damage":11.0,"enemies":"2 Thieves","floor":19.0,"turns":4.0},{"damage":9.0,"enemies":"Shelled Parasite and Fungi","floor":20.0,"turns":7.0},{"damage":21.0,"enemies":"Snecko","floor":21.0,"turns":5.0},{"damage":12.0,"enemies":"Snake Plant","floor":22.0,"turns":5.0},{"damage":8.0,"enemies":"Chosen and Byrds","floor":24.0,"turns":6.0},{"damage":25.0,"enemies":"Cultist and Chosen","floor":25.0,"turns":6.0},{"damage":33.0,"enemies":"Slavers","floor":27.0,"turns":5.0},{"damage":12.0,"enemies":"Shelled Parasite and Fungi","floor":30.0,"turns":6.0},{"damage":14.0,"enemies":"Automaton","floor":33.0,"turns":9.0},{"damage":22,"enemies":"3 Darklings","floor":35,"turns":7},{"damage":0,"enemies":"Orb Walker","floor":36,"turns":5},{"damage":16,"enemies":"Nemesis","floor":41,"turns":7},{"damage":28,"enemies":"Donu and Deca","floor":50,"turns":8}],"seed_played":"4518522473822226824","potions_obtained":[{"floor":3.0,"key":"Weak Potion"},{"floor":3.0,"key":"SkillPotion"},{"floor":3.0,"key":"FairyPotion"},{"floor":4.0,"key":"Swift Potion"},{"floor":21.0,"key":"Poison Potion"},{"floor":24.0,"key":"FearPotion"},{"floor":25.0,"key":"FearPotion"},{"floor":27.0,"key":"AttackPotion"},{"floor":33.0,"key":"Dexterity Potion"},{"floor":35,"key":"Energy Potion"}],"is_trial":false,"path_per_floor":["M","M","?","M","M","R","M","R","T","?","?","M","R","M","R","B",null,"M","M","M","M","M","R","M","M","T","E","R","?","M","$","R","B",null,"M","M","?","$","?","R","E","R","T","R","$","T","?","?","R","B",null],"character_chosen":"DEFECT","items_purchased":["Cold Snap","Runic Capacitor","Regen Potion","Master of Strategy"],"campfire_rested":3,"item_purchase_floors":[31,31,31,38],"current_hp_per_floor":[67,66,66,66,63,63,48,48,55,48,48,47,47,47,47,27,96,95,84,75,54,42,70,62,37,37,4,32,32,20,20,48,56,96,81,88,88,88,88,88,79,79,79,79,79,79,79,79,79,51],"gold":19,"neow_bonus":"TWENTY_PERCENT_HP_BONUS","is_prod":false,"is_daily":false,"chose_seed":false,"campfire_upgraded":7,"win_rate":0,"timestamp":1560750892,"path_taken":["M","M","?","M","M","R","?","R","T","?","?","M","R","M","R","BOSS","M","?","M","M","M","R","M","M","T","E","R","?","?","?","R","BOSS","M","M","?","?","?","R","E","R","T","R","$","?","?","?","R","BOSS"],"build_version":"2019-01-23","purchased_purges":2,"victory":true,"max_hp_per_floor":[89,89,89,89,89,89,89,89,96,96,96,96,96,96,96,96,96,96,96,96,96,96,96,96,96,96,96,96,96,96,96,96,96,96,96,96,96,96,91,91,91,91,91,91,91,91,91,91,91,91],"card_choices":[{"not_picked":["Hologram","Reprogram"],"picked":"Reinforced Body","floor":1.0},{"not_picked":["Steam","Hologram"],"picked":"Rip and Tear","floor":2.0},{"not_picked":["Turbo","Tempest","Rebound"],"picked":"SKIP","floor":4.0},{"not_picked":["Compile Driver","Stack","BootSequence"],"picked":"SKIP","floor":5.0},{"not_picked":["Turbo","Redo"],"picked":"White Noise","floor":7.0},{"not_picked":["Reprogram","Aggregate"],"picked":"Auto Shields","floor":12.0},{"not_picked":["Amplify","Streamline"],"picked":"Consume","floor":14.0},{"not_picked":["Multi-Cast","Buffer"],"picked":"Creative AI","floor":16.0},{"not_picked":["Gash+1","Redo"],"picked":"Recycle","floor":18.0},{"not_picked":["Barrage+1","Static Discharge"],"picked":"Capacitor","floor":19.0},{"not_picked":["Steam","Melter+1"],"picked":"Hologram+1","floor":20.0},{"not_picked":["Lockon+1","FTL"],"picked":"Conserve Battery","floor":21.0},{"not_picked":["Hello World","Melter","Rebound+1"],"picked":"SKIP","floor":22.0},{"not_picked":["Scrape","Beam Cell","Stack+1"],"picked":"SKIP","floor":24.0},{"not_picked":["Capacitor","Darkness+1"],"picked":"Defragment+1","floor":25.0},{"not_picked":["Darkness","Defragment"],"picked":"Undo","floor":27.0},{"not_picked":["Consume","Thunder Strike"],"picked":"Self Repair","floor":30.0},{"not_picked":["Buffer","Fission"],"picked":"Rainbow","floor":33.0},{"not_picked":["Beam Cell+1","Redo"],"picked":"Auto Shields+1","floor":35},{"not_picked":["Creative AI","Gash"],"picked":"Machine Learning","floor":36},{"not_picked":["Ball Lightning","Hologram+1"],"picked":"Reboot","floor":41}],"player_experience":5342318,"relics_obtained":[{"floor":9.0,"key":"Strawberry"},{"floor":26.0,"key":"Gremlin Horn"},{"floor":27.0,"key":"Tiny Chest"},{"floor":41,"key":"Oddly Smooth Stone"},{"floor":43,"key":"Calipers"},{"floor":46,"key":"Omamori"}],"event_choices":[{"damage_healed":0.0,"max_hp_gain":0.0,"max_hp_loss":0.0,"gold_gain":0.0,"event_name":"Lab","player_choice":"Got Potions","floor":3.0,"gold_loss":0.0,"damage_taken":0.0},{"cards_removed":["Strike_B"],"damage_healed":0.0,"max_hp_gain":0.0,"max_hp_loss":0.0,"gold_gain":0.0,"event_name":"Golden Wing","player_choice":"Card Removal","floor":10.0,"gold_loss":0.0,"damage_taken":7.0},{"cards_removed":["Defend_B"],"damage_healed":0.0,"max_hp_gain":0.0,"max_hp_loss":0.0,"gold_gain":0.0,"event_name":"Purifier","player_choice":"Purged","floor":11.0,"gold_loss":0.0,"damage_taken":0.0},{"damage_healed":0.0,"max_hp_gain":0.0,"max_hp_loss":0.0,"gold_gain":0.0,"event_name":"N\u0027loth","player_choice":"Traded Relic","floor":29.0,"relics_lost":["Tiny Chest"],"gold_loss":0.0,"damage_taken":0.0,"relics_obtained":["Nloth\u0027s Gift"]},{"cards_removed":["Defend_B"],"damage_healed":0,"gold_gain":0,"player_choice":"Purged","damage_taken":0,"max_hp_gain":0,"max_hp_loss":0,"event_name":"Purifier","floor":37,"gold_loss":0},{"damage_healed":0,"gold_gain":0,"player_choice":"Max HP","damage_taken":0,"max_hp_gain":0,"max_hp_loss":5,"event_name":"Winding Halls","floor":39,"gold_loss":0},{"damage_healed":0,"gold_gain":0,"player_choice":"Ignored","damage_taken":0,"max_hp_gain":0,"max_hp_loss":0,"event_name":"Mysterious Sphere","floor":47,"gold_loss":0},{"damage_healed":0,"gold_gain":0,"player_choice":"Upgrade","damage_taken":0,"relics_obtained":["Mark of the Bloom"],"max_hp_gain":0,"max_hp_loss":0,"event_name":"MindBloom","floor":48,"gold_loss":0,"cards_upgraded":["White Noise","Auto Shields","Capacitor","Conserve Battery","Undo","Self Repair","Cold Snap","Rainbow","Machine Learning","Master of Strategy","Reboot"]}],"is_beta":false,"boss_relics":[{"not_picked":["Lizard Tail","FrozenCore"],"picked":"Astrolabe"},{"not_picked":["Tiny House","Sozu"],"picked":"Velvet Choker"}],"items_purged_floors":[31,45],"is_endless":false,"potions_floor_spawned":[4,7,12,14,16,21,24,25,27,33,35],"ascension_level":0}