{"gold_per_floor":[125,150,179,191,222,234,275,287,299,336,362,399,427,464,476,559,571,597,623,685,697,709,721,733,745,782,804,836,848,440,460,460,535,535,548,603,603,623,135,135,147,157,157,157,28,57,57,73,73,73,73],"floor_reached":51,"playtime":2115,"items_purged":["Fusion","Zap"],"score":1373,"play_id":"b405d796-7c24-4a12-b6fb-43728304da90","local_time":"20190417011821","is_ascension_mode":true,"campfire_choices":[{"data":"Sunder","floor":6.0,"key":"SMITH"},{"data":"Chaos","floor":8.0,"key":"SMITH"},{"data":"Fusion","floor":15.0,"key":"SMITH"},{"data":"Darkness","floor":23.0,"key":"SMITH"},{"data":"Dualcast","floor":25.0,"key":"SMITH"},{"data":"Loop","floor":29.0,"key":"SMITH"},{"data":"Recycle","floor":32.0,"key":"SMITH"},{"data":"Heatsinks","floor":40.0,"key":"SMITH"},{"data":"Turbo","floor":44.0,"key":"SMITH"},{"data":"Coolheaded","floor":47.0,"key":"SMITH"},{"floor":49.0,"key":"RECALL"}],"neow_cost":"NONE","seed_source_timestamp":0,"circlet_count":0,"master_deck":["AscendersBane","Dualcast+1","Cold Snap","Chaos+1","Sunder+1","Darkness+1","Loop+1","Fusion+1","Beam Cell","Turbo+1","Hologram","Heatsinks+1","Core Surge","Force Field","FTL","Rainbow","White Noise","White Noise","Melter+1","Ball Lightning","Gash","Hologram+1","Compile Driver+1","Coolheaded+1","Recycle+1","Tempest","Skim","Creative AI","Hologram","Coolheaded","Stack+1","Chill","Biased Cognition","Glacier"],"special_seed":0,"relics":["FrozenCore","MawBank","Du-Vu Doll","Meat on the Bone","The Courier","Bag of Marbles","Odd Mushroom","Omamori","Pandora\u0027s Box","PreservedInsect","DataDisk","Ginger","Whetstone","Bottled Flame","Lantern","Blood Vial"],"potions_floor_usage":[],"damage_taken":[{"damage":1.0,"enemies":"2 Louse","floor":1.0,"turns":2.0},{"damage":0.0,"enemies":"Small Slimes","floor":2.0,"turns":2.0},{"damage":7.0,"enemies":"Jaw Worm","floor":3.0,"turns":4.0},{"damage":10.0,"enemies":"3 Louse","floor":5.0,"turns":3.0},{"damage":34.0,"enemies":"Lagavulin","floor":7.0,"turns":6.0},{"damage":14.0,"enemies":"3 Sentries","floor":10.0,"turns":6.0},{"damage":11.0,"enemies":"Blue Slaver","floor":11.0,"turns":2.0},{"damage":15.0,"enemies":"The Mushroom Lair","floor":12.0,"turns":3.0},{"damage":6.0,"enemies":"Gremlin Gang","floor":13.0,"turns":4.0},{"damage":21.0,"enemies":"Lagavulin","floor":14.0,"turns":7.0},{"damage":17.0,"enemies":"The Guardian","floor":16.0,"turns":13.0},{"damage":0.0,"enemies":"Spheric Guardian","floor":18.0,"turns":2.0},{"damage":16.0,"enemies":"3 Byrds","floor":19.0,"turns":3.0},{"damage":0.0,"enemies":"Centurion and Healer","floor":24.0,"turns":1.0},{"damage":4.0,"enemies":"Chosen and Byrds","floor":27.0,"turns":3.0},{"damage":9.0,"enemies":"Cultist and Chosen","floor":28.0,"turns":5.0},{"damage":4.0,"enemies":"Snake Plant","floor":31.0,"turns":3.0},{"damage":27.0,"enemies":"Collector","floor":33.0,"turns":6.0},{"damage":2.0,"enemies":"Orb Walker","floor":35.0,"turns":4.0},{"damage":26.0,"enemies":"2 Orb Walkers","floor":36.0,"turns":4.0},{"damage":33.0,"enemies":"3 Darklings","floor":38.0,"turns":6.0},{"damage":27.0,"enemies":"Writhing Mass","floor":41.0,"turns":6.0},{"damage":10.0,"enemies":"Sphere and 2 Shapes","floor":42.0,"turns":3.0},{"damage":15.0,"enemies":"Nemesis","floor":46.0,"turns":4.0},{"damage":9.0,"enemies":"Transient","floor":48.0,"turns":6.0},{"damage":45.0,"enemies":"Time Eater","floor":50.0,"turns":17.0},{"damage":11,"enemies":"Donu and Deca","floor":51,"turns":4}],"seed_played":"-2173587543013027609","potions_obtained":[{"floor":3.0,"key":"Regen Potion"},{"floor":7.0,"key":"Swift Potion"},{"floor":10.0,"key":"Poison Potion"},{"floor":11.0,"key":"Fruit Juice"},{"floor":19.0,"key":"SmokeBomb"},{"floor":27.0,"key":"Energy Potion"},{"floor":28.0,"key":"PowerPotion"},{"floor":36.0,"key":"Poison Potion"},{"floor":41.0,"key":"FairyPotion"}],"is_trial":false,"path_per_floor":["M","M","M","?","M","R","E","R","T","E","M","?","M","E","R","B",null,"M","M","?","?","?","R","M","R","T","M","M","R","$","M","R","B",null,"M","?","?","M","$","R","M","M","T","R","$","E","R","M","R","B","B"],"character_chosen":"DEFECT","items_purchased":["Coolheaded","Fusion","Recycle","Tempest","DataDisk","Ancient Potion","Whetstone","Bottled Flame","Lantern"],"campfire_rested":0,"item_purchase_floors":[30,30,30,30,30,39,39,39,45],"current_hp_per_floor":[63,63,56,51,41,41,21,21,21,19,25,22,28,19,19,14,61,61,45,45,45,45,45,45,45,45,41,44,44,44,40,40,25,63,61,47,62,41,41,41,26,28,28,28,28,25,25,30,30,15,6],"gold":73,"neow_bonus":"RANDOM_COMMON_RELIC","is_prod":false,"is_daily":false,"chose_seed":false,"campfire_upgraded":10,"win_rate":0,"timestamp":1555435101,"path_taken":["M","M","M","?","M","R","E","R","T","E","M","?","M","E","R","BOSS","M","M","?","?","?","R","?","R","T","?","M","R","$","M","R","BOSS","M","?","?","M","?","R","?","M","T","R","$","E","R","M","R","BOSS","BOSS"],"build_version":"2019-01-23","purchased_purges":2,"victory":false,"max_hp_per_floor":[71,71,71,71,71,71,71,71,71,71,76,76,76,76,76,76,76,76,76,76,76,76,76,76,76,76,76,76,76,76,76,76,76,76,76,76,76,76,76,76,76,76,76,76,76,76,76,76,76,76,76],"card_choices":[{"not_picked":["Chill","Go for the Eyes"],"picked":"Cold Snap","floor":1.0},{"not_picked":["Skim","Hologram"],"picked":"Chaos","floor":2.0},{"not_picked":["Steam","Cold Snap"],"picked":"Sunder","floor":3.0},{"not_picked":["Static Discharge","Lockon"],"picked":"Darkness","floor":5.0},{"not_picked":["Creative AI","Go for the Eyes"],"picked":"Loop","floor":7.0},{"not_picked":["Go for the Eyes","Gash"],"picked":"Fusion","floor":10.0},{"not_picked":["Rebound","Cold Snap"],"picked":"Beam Cell","floor":11.0},{"not_picked":["Leap","Hologram"],"picked":"Turbo","floor":12.0},{"not_picked":["Hello World","Rebound"],"picked":"Hologram","floor":13.0},{"not_picked":["Steam Power","Reprogram"],"picked":"Heatsinks","floor":14.0},{"not_picked":["Hyperbeam","Seek"],"picked":"Core Surge","floor":16.0},{"not_picked":["Sweeping Beam","Storm","Cold Snap"],"picked":"SKIP","floor":18.0},{"not_picked":["Gash","Hello World","Go for the Eyes"],"picked":"SKIP","floor":19.0},{"not_picked":["Beam Cell","Lockon"],"picked":"Hologram+1","floor":27.0},{"not_picked":["Leap","Go for the Eyes"],"picked":"Compile Driver","floor":28.0},{"not_picked":["Compile Driver","Sunder"],"picked":"Skim","floor":31.0},{"not_picked":["Seek","Core Surge"],"picked":"Creative AI","floor":33.0},{"not_picked":["Heatsinks","Streamline+1"],"picked":"Hologram","floor":35.0},{"not_picked":["Compile Driver","Gash"],"picked":"Coolheaded","floor":36.0},{"not_picked":["Streamline","Chaos"],"picked":"Stack+1","floor":38.0},{"not_picked":["White Noise","Storm+1"],"picked":"Chill","floor":41.0},{"not_picked":["Barrage+1","Compile Driver","Sweeping Beam"],"picked":"SKIP","floor":42.0},{"not_picked":["Go for the Eyes+1","Aggregate"],"picked":"Biased Cognition","floor":46.0},{"not_picked":["Ball Lightning","Steam"],"picked":"Glacier","floor":48.0}],"player_experience":1410385,"relics_obtained":[{"floor":7.0,"key":"Meat on the Bone"},{"floor":9.0,"key":"The Courier"},{"floor":10.0,"key":"Bag of Marbles"},{"floor":12.0,"key":"Odd Mushroom"},{"floor":14.0,"key":"Omamori"},{"floor":26.0,"key":"PreservedInsect"},{"floor":36.0,"key":"Ginger"},{"floor":46.0,"key":"Blood Vial"}],"event_choices":[{"damage_healed":0.0,"max_hp_gain":0.0,"max_hp_loss":0.0,"gold_gain":0.0,"event_name":"Scrap Ooze","player_choice":"Success","floor":4.0,"gold_loss":0.0,"damage_taken":5.0,"relics_obtained":["Du-Vu Doll"]},{"damage_healed":0.0,"max_hp_gain":0.0,"max_hp_loss":0.0,"gold_gain":0.0,"event_name":"Mushrooms","player_choice":"Fought Mushrooms","floor":12.0,"gold_loss":0.0,"damage_taken":0.0},{"damage_healed":0.0,"max_hp_gain":0.0,"max_hp_loss":0.0,"gold_gain":50.0,"event_name":"Nest","player_choice":"Stole From Cult","floor":20.0,"gold_loss":0.0,"damage_taken":0.0},{"damage_healed":0.0,"max_hp_gain":0.0,"max_hp_loss":0.0,"gold_gain":0.0,"event_name":"Forgotten Altar","player_choice":"Smashed Altar","floor":21.0,"gold_loss":0.0,"damage_taken":0.0,"cards_obtained":["Decay"]},{"damage_healed":0.0,"max_hp_gain":0.0,"max_hp_loss":0.0,"gold_gain":0.0,"cards_transformed":["Barrage","Sweeping Beam"],"event_name":"Drug Dealer","player_choice":"Became Test Subject","floor":22.0,"gold_loss":0.0,"damage_taken":0.0,"cards_obtained":["Ball Lightning","Gash"]},{"damage_healed":0.0,"max_hp_gain":0.0,"max_hp_loss":0.0,"gold_gain":0.0,"event_name":"Mysterious Sphere","player_choice":"Fight","floor":36.0,"gold_loss":0.0,"damage_taken":0.0},{"damage_healed":15.0,"max_hp_gain":0.0,"max_hp_loss":0.0,"gold_gain":0.0,"event_name":"Winding Halls","player_choice":"Writhe","floor":37.0,"gold_loss":0.0,"damage_taken":0.0,"cards_obtained":["Writhe"]}],"is_beta":false,"boss_relics":[{"not_picked":["Fusion Hammer","Cursed Key"],"picked":"Pandora\u0027s Box"},{"not_picked":["Calling Bell","Velvet Choker"],"picked":"FrozenCore"}],"items_purged_floors":[30,39],"is_endless":false,"potions_floor_spawned":[3,7,10,11,19,27,28,36,41,46],"killed_by":"Donu and Deca","ascension_level":20}