{"gold_per_floor":[19,194,144,144,161,161,161,188,214,247,259,259,271,114,114,219,219,233,233,110,110,210,230,257,273,299,299,299,326,326,201,201,302,302,315,315,327,327,327,361,361,387,387,237,237,255,273,273,273,273],"floor_reached":51,"playtime":1086,"items_purged":["Strike_R","Strike_R","Bash","Defend_R"],"score":897,"play_id":"a908385d-08db-49e6-8435-1b1124f91bdf","local_time":"20180919182725","is_ascension_mode":false,"campfire_choices":[{"data":"Inflame","floor":6.0,"key":"SMITH"},{"data":"Warcry","floor":12.0,"key":"SMITH"},{"data":"Double Tap","floor":15.0,"key":"SMITH"},{"data":"Limit Break","floor":27,"key":"SMITH"},{"data":"Heavy Blade","floor":28,"key":"SMITH"},{"data":"Flex","floor":30,"key":"SMITH"},{"data":"Thunderclap","floor":32,"key":"SMITH"},{"data":"Offering","floor":41,"key":"SMITH"},{"data":"Thinking Ahead","floor":49,"key":"SMITH"}],"neow_cost":"NO_GOLD","seed_source_timestamp":0,"circlet_count":0,"master_deck":["Inflame+1","Warcry+1","Double Tap+1","Limit Break+1","Flex+1","Heavy Blade+1","Flex+1","Thunderclap+1","Offering+1","Thinking Ahead+1"],"special_seed":0,"relics":["Burning Blood","Blue Candle","Ancient Tea Set","Red Skull","Strawberry","Philosopher\u0027s Stone","WingedGreaves","Meat on the Bone","Art of War","Blood Vial","FossilizedHelix","Black Star","Self Forming Clay","Toxic Egg 2","Letter Opener","Question Card","Pantograph","Unceasing Top"],"potions_floor_usage":[22,24,33,33],"damage_taken":[{"damage":10.0,"enemies":"Jaw Worm","floor":1.0,"turns":4.0},{"damage":9.0,"enemies":"Small Slimes","floor":5.0,"turns":4.0},{"damage":35.0,"enemies":"3 Sentries","floor":8.0,"turns":10.0},{"damage":19.0,"enemies":"Gremlin Nob","floor":10.0,"turns":4.0},{"damage":1.0,"enemies":"2 Louse","floor":11.0,"turns":3.0},{"damage":9.0,"enemies":"2 Fungi Beasts","floor":13.0,"turns":2.0},{"damage":16.0,"enemies":"Slime Boss","floor":16.0,"turns":7.0},{"damage":22.0,"enemies":"Shell Parasite","floor":18.0,"turns":3.0},{"damage":18,"enemies":"Colosseum Slavers","floor":22,"turns":3},{"damage":17,"enemies":"Colosseum Nobs","floor":22,"turns":3},{"damage":14,"enemies":"Chosen","floor":23,"turns":2},{"damage":1,"enemies":"Gremlin Leader","floor":24,"turns":4},{"damage":27,"enemies":"Snake Plant","floor":25,"turns":2},{"damage":41,"enemies":"Slavers","floor":29,"turns":4},{"damage":0,"enemies":"Champ","floor":33,"turns":1},{"damage":0,"enemies":"Orb Walker","floor":35,"turns":1},{"damage":0,"enemies":"3 Shapes","floor":37,"turns":1},{"damage":7,"enemies":"2 Orb Walkers","floor":40,"turns":2},{"damage":0,"enemies":"Giant Head","floor":42,"turns":2},{"damage":0,"enemies":"Mind Bloom Boss Battle","floor":45,"turns":1},{"damage":6,"enemies":"Sphere and 2 Shapes","floor":46,"turns":1},{"damage":0,"enemies":"3 Darklings","floor":47,"turns":1},{"damage":0,"enemies":"Donu and Deca","floor":50,"turns":2}],"seed_played":"5676008801967584300","potions_obtained":[{"floor":8.0,"key":"Regen Potion"},{"floor":11.0,"key":"Strength Potion"},{"floor":13.0,"key":"AttackPotion"},{"floor":16.0,"key":"Fire Potion"},{"floor":22,"key":"AttackPotion"},{"floor":24,"key":"Fire Potion"},{"floor":40,"key":"Poison Potion"},{"floor":45,"key":"Strength Potion"}],"is_trial":false,"path_per_floor":["M","?","?","?","M","R","T","E","T","E","M","R","M","$","R","B",null,"M","?","$","?","?","M","E","M","T","R","R","E","R","$","R","B",null,"M","?","M","?","?","E","R","E","T","$","?","M","M","?","R","B"],"character_chosen":"IRONCLAD","items_purchased":["Double Tap","Heavy Blade"],"campfire_rested":0,"item_purchase_floors":[14,20],"current_hp_per_floor":[76,76,76,76,73,73,73,44,44,38,43,43,40,40,40,30,87,71,71,71,71,48,52,57,48,48,48,48,27,27,27,27,47,87,87,87,87,87,87,86,86,87,87,87,87,87,87,83,83,83],"gold":273,"neow_bonus":"REMOVE_TWO","is_prod":false,"is_daily":false,"chose_seed":false,"campfire_upgraded":9,"win_rate":0,"timestamp":1537352845,"path_taken":["M","?","?","?","?","R","?","E","T","E","M","R","M","$","R","BOSS","M","?","$","?","?","M","E","M","T","R","R","E","R","$","R","BOSS","M","?","M","?","?","E","R","E","T","$","?","?","M","?","R","BOSS"],"build_version":"2018-09-06","purchased_purges":4,"victory":true,"max_hp_per_floor":[80,80,80,80,80,80,80,80,80,87,87,87,87,87,87,87,87,87,87,87,87,87,87,87,87,87,87,87,87,87,87,87,87,87,87,87,87,87,87,87,87,87,87,87,87,87,87,83,83,83],"card_choices":[{"not_picked":["Clothesline","Carnage","Shockwave"],"picked":"SKIP","floor":1.0},{"not_picked":["Wild Strike","Intimidate","Burning Pact"],"picked":"SKIP","floor":5.0},{"not_picked":["Power Through","Second Wind"],"picked":"Warcry","floor":8.0},{"not_picked":["Entrench","Flame Barrier","Pommel Strike"],"picked":"SKIP","floor":10.0},{"not_picked":["Fire Breathing","Havoc","Iron Wave"],"picked":"SKIP","floor":11.0},{"not_picked":["Pommel Strike","Havoc","True Grit"],"picked":"SKIP","floor":13.0},{"not_picked":["Brutality","Bludgeon"],"picked":"Limit Break","floor":16.0},{"not_picked":["Carnage","Searing Blow","Warcry"],"picked":"SKIP","floor":18.0},{"not_picked":["Corruption","Headbutt","Infernal Blade"],"picked":"SKIP","floor":23},{"not_picked":["Armaments","Cleave","Twin Strike+1"],"picked":"SKIP","floor":24},{"not_picked":["Body Slam","Shrug It Off+1"],"picked":"Flex+1","floor":25},{"not_picked":["Flame Barrier","Searing Blow"],"picked":"Thunderclap","floor":29},{"not_picked":["Limit Break","Double Tap"],"picked":"Offering","floor":33},{"not_picked":["Corruption+1","Thunderclap+1","Body Slam"],"picked":"SKIP","floor":35},{"not_picked":["Headbutt","Reckless Charge","Dual Wield"],"picked":"SKIP","floor":37},{"not_picked":["Bandage Up","Good Instincts"],"picked":"Thinking Ahead","floor":39},{"not_picked":["Warcry","Reckless Charge","Entrench"],"picked":"SKIP","floor":40},{"not_picked":["Carnage","Perfected Strike+1","Shockwave+1"],"picked":"SKIP","floor":42},{"not_picked":["Double Tap+1","Heavy Blade+1","Sword Boomerang","Uppercut+1"],"picked":"SKIP","floor":46},{"not_picked":["Cleave","Infernal Blade+1","Thunderclap","Bloodletting+1"],"picked":"SKIP","floor":47}],"player_experience":32220,"relics_obtained":[{"floor":7.0,"key":"Blue Candle"},{"floor":8.0,"key":"Ancient Tea Set"},{"floor":9.0,"key":"Red Skull"},{"floor":10.0,"key":"Strawberry"},{"floor":22,"key":"WingedGreaves"},{"floor":22,"key":"Meat on the Bone"},{"floor":24,"key":"Art of War"},{"floor":26,"key":"Blood Vial"},{"floor":29,"key":"FossilizedHelix"},{"floor":40,"key":"Self Forming Clay"},{"floor":40,"key":"Toxic Egg 2"},{"floor":42,"key":"Letter Opener"},{"floor":42,"key":"Question Card"},{"floor":43,"key":"Pantograph"},{"floor":45,"key":"Unceasing Top"}],"event_choices":[{"event_name":"Liars Game","player_choice":"agreed","floor":2.0,"damage_taken":0.0},{"event_name":"The Cleric","player_choice":"Card Removal","floor":3.0,"damage_taken":0.0},{"event_name":"Living Wall","player_choice":"Change","floor":4.0,"damage_taken":0.0},{"event_name":"Transmorgrifier","player_choice":"Transform","floor":19,"damage_taken":0},{"event_name":"Back to Basics","player_choice":"Elegance","floor":21,"damage_taken":0},{"event_name":"Colosseum","player_choice":"Fight","floor":22,"damage_taken":0},{"event_name":"Colosseum","player_choice":"Fought Nobs","floor":22,"damage_taken":0},{"event_name":"Tomb of Lord Red Mask","player_choice":"Ignored","floor":36,"damage_taken":0},{"event_name":"Bonfire Elementals","player_choice":"BASIC","floor":38,"damage_taken":0},{"event_name":"SensoryStone","player_choice":"Memory 1","floor":39,"damage_taken":0},{"event_name":"MindBloom","player_choice":"Fight","floor":45,"damage_taken":0},{"event_name":"Winding Halls","player_choice":"Max HP","floor":48,"damage_taken":0}],"is_beta":false,"boss_relics":[{"not_picked":["Tiny House","Runic Cube"],"picked":"Philosopher\u0027s Stone"},{"not_picked":["Snecko Eye","Pandora\u0027s Box"],"picked":"Black Star"}],"items_purged_floors":[14,20,31,44],"is_endless":false,"potions_floor_spawned":[8,11,13,16,22,22,24,40,45,46],"ascension_level":0}