{"gold_per_floor":[219,237,88,104,114,114,130,130,130,130,61,236,236,236,236,331,331,345,345,345,158,172,172,188,98,125,143,143,170,182,132,132,227,227,246,196,213,213,213,213,227,227,227,227,227,243,243,253,253,253],"floor_reached":51,"playtime":1645,"items_purged":["Strike_G","Strike_G","Strike_G","Defend_G"],"score":960,"play_id":"3aaa521b-0c22-4295-a623-fa68a23f13a7","local_time":"20181019210006","is_ascension_mode":false,"campfire_choices":[{"data":"Well Laid Plans","floor":6.0,"key":"SMITH"},{"data":"Neutralize","floor":8.0,"key":"SMITH"},{"data":"Noxious Fumes","floor":15.0,"key":"SMITH"},{"data":"Catalyst","floor":23.0,"key":"SMITH"},{"data":"Night Terror","floor":28.0,"key":"SMITH"},{"data":"Flash of Steel","floor":32.0,"key":"SMITH"},{"data":"Malaise","floor":40.0,"key":"SMITH"},{"data":"Backflip","floor":45,"key":"SMITH"},{"data":"Survivor","floor":47,"key":"SMITH"},{"data":"Strike_G","floor":49,"key":"SMITH"}],"neow_cost":"NONE","seed_source_timestamp":6718207988569,"circlet_count":0,"master_deck":["Defend_G+1","Defend_G+1","Strike_G+1","Survivor+1","Neutralize+1","Backflip+1","Well Laid Plans+1","Catalyst+1","Poisoned Stab+1","Noxious Fumes+1","Doubt","Pain","Night Terror+1","Shame","Flash of Steel+1","Malaise+1","Injury","Writhe"],"special_seed":0,"relics":["Ring of the Snake","Blue Candle","WarpedTongs","Runic Pyramid","Mummified Hand","Art of War","Smiling Mask","Cursed Key","Kunai"],"potions_floor_usage":[50,50],"damage_taken":[{"damage":0.0,"enemies":"Small Slimes","floor":1.0,"turns":4.0},{"damage":0.0,"enemies":"Cultist","floor":2.0,"turns":4.0},{"damage":0.0,"enemies":"Jaw Worm","floor":4.0,"turns":4.0},{"damage":4.0,"enemies":"Large Slime","floor":5.0,"turns":8.0},{"damage":6.0,"enemies":"Lots of Slimes","floor":7.0,"turns":6.0},{"damage":9.0,"enemies":"Hexaghost","floor":16.0,"turns":8.0},{"damage":4.0,"enemies":"Spheric Guardian","floor":18.0,"turns":5.0},{"damage":7.0,"enemies":"3 Byrds","floor":22.0,"turns":6.0},{"damage":5.0,"enemies":"Shelled Parasite and Fungi","floor":24.0,"turns":4.0},{"damage":4.0,"enemies":"Snecko","floor":27.0,"turns":4.0},{"damage":3.0,"enemies":"Chosen and Byrds","floor":30.0,"turns":3.0},{"damage":3.0,"enemies":"Automaton","floor":33.0,"turns":4.0},{"damage":2.0,"enemies":"Orb Walker","floor":35.0,"turns":3.0},{"damage":3.0,"enemies":"3 Darklings","floor":37.0,"turns":5.0},{"damage":13.0,"enemies":"4 Shapes","floor":41.0,"turns":5.0},{"damage":25,"enemies":"Sphere and 2 Shapes","floor":46,"turns":5},{"damage":4,"enemies":"Maw","floor":48,"turns":4},{"damage":5,"enemies":"Time Eater","floor":50,"turns":3}],"seed_played":"-1450168344957868360","potions_obtained":[{"floor":2.0,"key":"Dexterity Potion"},{"floor":4.0,"key":"GhostInAJar"},{"floor":18.0,"key":"SteroidPotion"},{"floor":24.0,"key":"LiquidBronze"},{"floor":30.0,"key":"Weak Potion"}],"is_trial":false,"path_per_floor":["M","M","$","M","M","R","M","R","T","?","$","?","?","?","R","B",null,"M","?","?","$","M","R","M","?","T","M","R","T","M","$","R","B",null,"M","$","M","?","?","R","M","?","T","?","R","M","R","M","R","B"],"character_chosen":"THE_SILENT","items_purchased":["Well Laid Plans","Noxious Fumes","Flash of Steel"],"campfire_rested":0,"item_purchase_floors":[3,11,21],"current_hp_per_floor":[70,70,70,70,66,66,60,60,60,60,60,60,60,46,46,37,70,66,66,66,66,59,59,54,54,54,50,50,50,47,47,47,44,70,68,68,65,65,65,65,52,52,52,70,70,45,45,41,41,36],"gold":253,"neow_bonus":"HUNDRED_GOLD","is_prod":false,"is_daily":false,"chose_seed":false,"campfire_upgraded":10,"win_rate":0,"timestamp":1539954006,"path_taken":["M","M","$","M","M","R","M","R","T","?","$","?","?","?","R","BOSS","M","?","?","$","?","R","M","?","T","M","R","?","M","$","R","BOSS","M","$","M","?","?","R","?","?","T","?","R","M","R","M","R","BOSS"],"build_version":"2018-10-18","purchased_purges":4,"victory":true,"max_hp_per_floor":[70,70,70,70,70,70,70,70,70,70,70,70,70,70,70,70,70,70,70,70,70,70,70,70,70,70,70,70,70,70,70,70,70,70,70,70,70,70,70,70,70,70,70,70,70,70,70,70,70,70],"card_choices":[{"not_picked":["Bane","Heel Hook"],"picked":"Dash","floor":1.0},{"not_picked":["Slice","Finisher"],"picked":"Backflip","floor":2.0},{"not_picked":["Sucker Punch","Cloak And Dagger","PiercingWail"],"picked":"SKIP","floor":4.0},{"not_picked":["Quick Slash","Eviscerate"],"picked":"Catalyst","floor":5.0},{"not_picked":["Cloak And Dagger","Sucker Punch","Prepared"],"picked":"SKIP","floor":7.0},{"not_picked":["Glass Knife","Burst"],"picked":"Night Terror","floor":16.0},{"not_picked":["Quick Slash","All Out Attack","Dodge and Roll"],"picked":"SKIP","floor":18.0},{"not_picked":["Deadly Poison+1","Acrobatics","Crippling Poison"],"picked":"SKIP","floor":22.0},{"not_picked":["Blade Dance","Expertise","Well Laid Plans"],"picked":"SKIP","floor":24.0},{"not_picked":["Quick Slash","Deadly Poison","Tactician"],"picked":"SKIP","floor":27.0},{"not_picked":["Dagger Throw+1","Dodge and Roll","Underhanded Strike+1"],"picked":"SKIP","floor":30.0},{"not_picked":["Venomology","Doppelganger"],"picked":"Malaise","floor":33.0},{"not_picked":["Acrobatics","Deflect+1","Leg Sweep"],"picked":"SKIP","floor":35.0},{"not_picked":["Backflip","Dagger Spray+1","Underhanded Strike"],"picked":"SKIP","floor":37.0},{"not_picked":["Backflip","Blade Dance+1","Backstab"],"picked":"SKIP","floor":41.0},{"not_picked":["Flechettes+1","Heel Hook+1","Cloak And Dagger"],"picked":"SKIP","floor":46},{"not_picked":["Dagger Throw+1","Infinite Blades+1","Masterful Stab"],"picked":"SKIP","floor":48}],"player_experience":376314,"relics_obtained":[{"floor":9.0,"key":"Blue Candle"},{"floor":26.0,"key":"Art of War"},{"floor":29.0,"key":"Smiling Mask"},{"floor":43,"key":"Kunai"}],"event_choices":[{"damage_healed":0.0,"max_hp_gain":0.0,"max_hp_loss":0.0,"gold_gain":0.0,"cards_transformed":["Defend_G"],"event_name":"Transmorgrifier","player_choice":"Transformed","floor":10.0,"gold_loss":0.0,"damage_taken":0.0,"cards_obtained":["Poisoned Stab"]},{"damage_healed":0.0,"max_hp_gain":0.0,"max_hp_loss":0.0,"gold_gain":175.0,"event_name":"Liars Game","player_choice":"AGREE","floor":12.0,"gold_loss":0.0,"damage_taken":0.0,"cards_obtained":["Doubt"]},{"damage_healed":0.0,"max_hp_gain":0.0,"max_hp_loss":0.0,"gold_gain":0.0,"event_name":"Accursed Blacksmith","player_choice":"Rummage","floor":13.0,"gold_loss":0.0,"damage_taken":0.0,"relics_obtained":["WarpedTongs"],"cards_obtained":["Pain"]},{"damage_healed":0.0,"max_hp_gain":0.0,"max_hp_loss":0.0,"gold_gain":0.0,"event_name":"Shining Light","player_choice":"Entered Light","floor":14.0,"gold_loss":0.0,"damage_taken":14.0,"cards_upgraded":["Defend_G","Defend_G"]},{"damage_healed":0.0,"max_hp_gain":0.0,"max_hp_loss":0.0,"gold_gain":0.0,"event_name":"Addict","player_choice":"Stole Relic","floor":19.0,"gold_loss":0.0,"damage_taken":0.0,"relics_obtained":["Mummified Hand"],"cards_obtained":["Shame"]},{"cards_removed":["Strike_G"],"damage_healed":0.0,"max_hp_gain":0.0,"max_hp_loss":0.0,"gold_gain":0.0,"event_name":"Back to Basics","player_choice":"Elegance","floor":20.0,"gold_loss":0.0,"damage_taken":0.0},{"cards_removed":["Defend_G"],"damage_healed":0.0,"max_hp_gain":0.0,"max_hp_loss":0.0,"gold_gain":0.0,"event_name":"Designer","player_choice":"Upgrade and Remove","floor":25.0,"gold_loss":90.0,"damage_taken":0.0,"cards_upgraded":["Poisoned Stab"]},{"damage_healed":0.0,"max_hp_gain":0.0,"max_hp_loss":0.0,"gold_gain":0.0,"event_name":"SensoryStone","player_choice":"Memory 1","floor":38.0,"gold_loss":0.0,"damage_taken":0.0},{"cards_removed":["Dash"],"damage_healed":0.0,"max_hp_gain":0.0,"max_hp_loss":0.0,"gold_gain":0.0,"event_name":"Falling","player_choice":"Removed Attack","floor":39.0,"gold_loss":0.0,"damage_taken":0.0},{"damage_healed":0,"gold_gain":0,"player_choice":"Ignored","damage_taken":0,"max_hp_gain":0,"max_hp_loss":0,"event_name":"Mysterious Sphere","floor":42,"gold_loss":0},{"damage_healed":18,"gold_gain":0,"player_choice":"Writhe","damage_taken":0,"max_hp_gain":0,"max_hp_loss":0,"event_name":"Winding Halls","floor":44,"gold_loss":0,"cards_obtained":["Writhe"]}],"is_beta":false,"boss_relics":[{"not_picked":["Sozu","Black Star"],"picked":"Runic Pyramid"},{"not_picked":["Velvet Choker","Runic Dome"],"picked":"Cursed Key"}],"items_purged_floors":[3,21,31,36],"is_endless":false,"potions_floor_spawned":[2,4,18,24,30,33,41,46],"ascension_level":0}