{"gold_per_floor":[117,137,62,137,137,168,168,188,188,188,188,113,113,124,124,200,200,212,312,312,69,89,89,115,126,150,150,150,167,167,17,17,92,92,109,128,28,42,142,174,174,209,209,239,239,114,114,130,130,130,130,130,130,22,50,50],"floor_reached":57,"playtime":2051,"items_purged":["Defend_G","Blade Dance+1","Eviscerate+1"],"score":3583,"play_id":"c67d362d-1357-47dc-862f-65a60aaf9c79","local_time":"20190305211424","is_ascension_mode":true,"campfire_choices":[{"data":"Well Laid Plans","floor":7.0,"key":"SMITH"},{"data":"Acrobatics","floor":10.0,"key":"SMITH"},{"data":"Caltrops","floor":13.0,"key":"SMITH"},{"data":"Poisoned Stab","floor":15.0,"key":"SMITH"},{"data":"Expertise","floor":23,"key":"SMITH"},{"data":"Envenom","floor":28,"key":"SMITH"},{"data":"Wraith Form v2","floor":30,"key":"SMITH"},{"data":"Grand Finale","floor":32,"key":"SMITH"},{"data":"Concentrate","floor":41,"key":"SMITH"},{"floor":45,"key":"DIG"},{"floor":47,"key":"DIG"},{"floor":49,"key":"RECALL"},{"floor":53,"key":"DIG"}],"neow_cost":"NONE","seed_source_timestamp":34186257224824,"circlet_count":0,"master_deck":["AscendersBane","Acrobatics+1","Well Laid Plans+1","Caltrops+1","Malaise","Backflip","Expertise+1","Wraith Form v2+1","Envenom+1","Backstab","Corpse Explosion","Concentrate+1","After Image","Grand Finale+1","Tactician+1","Adrenaline"],"special_seed":0,"relics":["Ring of the Snake","NeowsBlessing","Du-Vu Doll","Singing Bowl","Pandora\u0027s Box","Bird Faced Urn","Mummified Hand","Bag of Preparation","Mercury Hourglass","Anchor","Astrolabe","Turnip","Molten Egg 2","Shovel","Nunchaku","Potion Belt","Omamori","Shuriken","Sundial"],"potions_floor_usage":[24,56],"damage_taken":[{"damage":0.0,"enemies":"Jaw Worm","floor":1.0,"turns":1.0},{"damage":0.0,"enemies":"Small Slimes","floor":2.0,"turns":1.0},{"damage":0.0,"enemies":"Gremlin Nob","floor":6.0,"turns":1.0},{"damage":0.0,"enemies":"2 Louse","floor":8.0,"turns":3.0},{"damage":0.0,"enemies":"Looter","floor":14.0,"turns":3.0},{"damage":11.0,"enemies":"Hexaghost","floor":16.0,"turns":9.0},{"damage":2,"enemies":"2 Thieves","floor":18,"turns":3},{"damage":16,"enemies":"Colosseum Slavers","floor":19,"turns":4},{"damage":15,"enemies":"Colosseum Nobs","floor":19,"turns":5},{"damage":0,"enemies":"Chosen","floor":22,"turns":3},{"damage":0,"enemies":"Gremlin Leader","floor":24,"turns":3},{"damage":0,"enemies":"Centurion and Healer","floor":25,"turns":2},{"damage":0,"enemies":"3 Cultists","floor":29,"turns":2},{"damage":0,"enemies":"Automaton","floor":33,"turns":3},{"damage":0,"enemies":"Orb Walker","floor":35,"turns":2},{"damage":0,"enemies":"3 Darklings","floor":36,"turns":2},{"damage":0,"enemies":"Maw","floor":38,"turns":1},{"damage":0,"enemies":"Mind Bloom Boss Battle","floor":39,"turns":1},{"damage":0,"enemies":"Giant Head","floor":40,"turns":2},{"damage":0,"enemies":"Nemesis","floor":42,"turns":3},{"damage":0,"enemies":"Giant Head","floor":44,"turns":1},{"damage":0,"enemies":"Spire Growth","floor":48,"turns":2},{"damage":0,"enemies":"Donu and Deca","floor":50,"turns":1},{"damage":0,"enemies":"Awakened One","floor":51,"turns":2},{"damage":0,"enemies":"Shield and Spear","floor":55,"turns":1},{"damage":0,"enemies":"The Heart","floor":56,"turns":3}],"seed_played":"7449133798971278773","potions_obtained":[{"floor":1.0,"key":"Swift Potion"},{"floor":2.0,"key":"EntropicBrew"},{"floor":19,"key":"Energy Potion"},{"floor":24,"key":"SkillPotion"},{"floor":35,"key":"FearPotion"}],"is_trial":false,"path_per_floor":["M","M","?","?","?","E","R","M","T","R","?","$","R","M","R","B",null,"M","?","?","$","M","R","E","M","T","?","R","M","R","$","R","B",null,"M","M","$","M","?","E","R","E","T","E","R","$","R","M","R","B","B",null,"R","$","E","B",null],"character_chosen":"THE_SILENT","items_purchased":["Bag of Preparation","Concentrate","Grand Finale","Energy Potion","Fire Potion"],"campfire_rested":0,"item_purchase_floors":[21,21,31,54,54],"current_hp_per_floor":[59,59,59,48,48,48,48,48,48,48,41,41,41,41,41,30,57,57,28,28,28,38,38,44,54,54,54,54,66,66,66,66,78,78,80,82,82,84,86,88,88,88,88,90,90,90,90,92,92,92,92,92,92,92,94,94],"gold":50,"neow_bonus":"THREE_ENEMY_KILL","is_prod":false,"is_daily":false,"chose_seed":false,"campfire_upgraded":9,"win_rate":0,"timestamp":1551791664,"path_taken":["M","M","?","?","?","E","R","M","T","R","?","$","R","M","R","BOSS","M","?","?","$","M","R","E","M","T","?","R","M","R","$","R","BOSS","M","M","$","M","?","E","R","E","T","E","R","$","R","M","R","BOSS","BOSS","R","$","E","BOSS"],"build_version":"2019-01-23","purchased_purges":3,"victory":true,"max_hp_per_floor":[66,66,66,66,66,66,66,66,66,66,66,66,66,66,66,66,66,68,70,70,70,72,72,72,74,74,74,74,76,76,76,76,78,78,80,82,82,84,86,88,88,88,88,90,90,90,90,92,92,92,92,92,92,92,94,94],"card_choices":[{"not_picked":["Eviscerate","Skewer"],"picked":"Acrobatics","floor":1.0},{"not_picked":["Deadly Poison","Backflip"],"picked":"Well Laid Plans","floor":2.0},{"not_picked":["Backflip","Expertise"],"picked":"Caltrops","floor":6.0},{"not_picked":["Leg Sweep","Eviscerate","Choke"],"picked":"SKIP","floor":8.0},{"not_picked":["Crippling Poison","Deflect"],"picked":"Poisoned Stab","floor":14.0},{"not_picked":["Doppelganger","Burst"],"picked":"Malaise","floor":16.0},{"not_picked":["Leg Sweep+1","Sucker Punch","Quick Slash"],"picked":"Singing Bowl","floor":18},{"not_picked":["Caltrops","Footwork","Flying Knee"],"picked":"Singing Bowl","floor":19},{"not_picked":["PiercingWail","Dagger Throw","Bane"],"picked":"Singing Bowl","floor":22},{"not_picked":["Sucker Punch","PiercingWail"],"picked":"After Image","floor":24},{"not_picked":["Blade Dance+1","Expertise","Deadly Poison+1"],"picked":"Singing Bowl","floor":25},{"not_picked":["Well Laid Plans","Sucker Punch","Footwork"],"picked":"Singing Bowl","floor":29},{"not_picked":["Die Die Die","Doppelganger","Venomology"],"picked":"Singing Bowl","floor":33},{"not_picked":["Slice","Leg Sweep","Flying Knee"],"picked":"Singing Bowl","floor":35},{"not_picked":["Backflip","Eviscerate","Masterful Stab"],"picked":"Singing Bowl","floor":36},{"not_picked":["Heel Hook","Acrobatics","PiercingWail"],"picked":"Singing Bowl","floor":38},{"not_picked":["Deflect","Slice+1","Outmaneuver"],"picked":"Singing Bowl","floor":39},{"not_picked":["Deflect","Flechettes","Prepared+1"],"picked":"Singing Bowl","floor":40},{"not_picked":["Backstab+1","PiercingWail"],"picked":"Adrenaline","floor":42},{"not_picked":["Predator+1","Slice+1","Acrobatics"],"picked":"Singing Bowl","floor":44},{"not_picked":["Flying Knee+1","Sucker Punch+1","Dodge and Roll+1"],"picked":"Singing Bowl","floor":48},{"not_picked":["Die Die Die+1","Tactician","Reflex"],"picked":"Singing Bowl","floor":55}],"player_experience":3338870,"relics_obtained":[{"floor":6.0,"key":"Du-Vu Doll"},{"floor":9.0,"key":"Singing Bowl"},{"floor":19,"key":"Bird Faced Urn"},{"floor":19,"key":"Mummified Hand"},{"floor":24,"key":"Mercury Hourglass"},{"floor":26,"key":"Anchor"},{"floor":39,"key":"Turnip"},{"floor":40,"key":"Molten Egg 2"},{"floor":42,"key":"Shovel"},{"floor":44,"key":"Nunchaku"},{"floor":45,"key":"Potion Belt"},{"floor":47,"key":"Omamori"},{"floor":53,"key":"Shuriken"},{"floor":55,"key":"Sundial"}],"event_choices":[{"cards_removed":["Strike_G"],"damage_healed":0.0,"max_hp_gain":0.0,"max_hp_loss":0.0,"gold_gain":0.0,"event_name":"The Cleric","player_choice":"Card Removal","floor":3.0,"gold_loss":75.0,"damage_taken":0.0},{"damage_healed":0.0,"max_hp_gain":0.0,"max_hp_loss":0.0,"gold_gain":75.0,"event_name":"World of Goop","player_choice":"Gather Gold","floor":4.0,"gold_loss":0.0,"damage_taken":11.0},{"damage_healed":0.0,"max_hp_gain":0.0,"max_hp_loss":0.0,"gold_gain":0.0,"cards_transformed":["Strike_G"],"event_name":"Living Wall","player_choice":"Change","floor":5.0,"gold_loss":0.0,"damage_taken":0.0,"cards_obtained":["Underhanded Strike"]},{"cards_removed":["Strike_G"],"damage_healed":0.0,"max_hp_gain":0.0,"max_hp_loss":0.0,"gold_gain":0.0,"event_name":"Golden Wing","player_choice":"Card Removal","floor":11.0,"gold_loss":0.0,"damage_taken":7.0},{"damage_healed":0,"gold_gain":0,"player_choice":"Fight","damage_taken":0,"max_hp_gain":0,"max_hp_loss":0,"event_name":"Colosseum","floor":19,"gold_loss":0},{"damage_healed":0,"gold_gain":0,"player_choice":"Fought Nobs","damage_taken":0,"max_hp_gain":0,"max_hp_loss":0,"event_name":"Colosseum","floor":19,"gold_loss":0},{"cards_removed":["Underhanded Strike"],"damage_healed":0,"gold_gain":0,"player_choice":"Elegance","damage_taken":0,"max_hp_gain":0,"max_hp_loss":0,"event_name":"Back to Basics","floor":20,"gold_loss":0},{"damage_healed":0,"gold_gain":0,"player_choice":"Ignored","damage_taken":0,"max_hp_gain":0,"max_hp_loss":0,"event_name":"Vampires","floor":27,"gold_loss":0},{"damage_healed":0,"gold_gain":0,"player_choice":"Fight","damage_taken":0,"max_hp_gain":0,"max_hp_loss":0,"event_name":"MindBloom","floor":39,"gold_loss":0}],"is_beta":false,"boss_relics":[{"not_picked":["Snecko Eye","Cursed Key"],"picked":"Pandora\u0027s Box"},{"not_picked":["Black Star","HoveringKite"],"picked":"Astrolabe"}],"items_purged_floors":[12,37,46],"is_endless":false,"potions_floor_spawned":[1,2,19,24,25,29,35,38,40,42,44],"ascension_level":20}