{"path_per_floor":["M","$","?","?","?","E","R","E","T","M","?","M","R","M","R","B",null,"M","$","?","?","$","M","R","?","T","E","M","R","E","M","R","B",null,"M","M","M","?","M","?","E","R","T","?","$","M","M","M","R","B"],"character_chosen":"DEFECT","items_purchased":["Ball Lightning","Toolbox","Anchor"],"gold_per_floor":[110,62,62,62,62,93,93,119,145,160,160,170,170,182,182,287,287,298,54,79,79,4,19,19,19,19,52,70,70,99,109,109,206,206,217,237,251,251,261,261,295,295,295,344,98,110,129,143,143,143],"floor_reached":51,"campfire_rested":3,"playtime":3180,"current_hp_per_floor":[75,75,75,68,53,41,41,17,17,17,17,17,39,39,61,31,75,65,65,64,64,64,54,54,38,38,59,60,82,68,76,76,35,82,82,74,82,82,82,82,92,92,92,65,65,79,92,92,92,91],"items_purged":["Defend_B","Strike_B"],"gold":143,"score":750,"play_id":"c371ed00-cf72-4581-8fb7-5741bb121118","local_time":"20180429134427","is_prod":false,"is_daily":false,"chose_seed":false,"is_ascension_mode":false,"campfire_upgraded":5,"timestamp":1525002267,"path_taken":["M","$","?","?","?","E","R","E","T","M","?","M","R","M","R","BOSS","M","$","?","?","$","M","R","?","T","E","?","R","E","M","R","BOSS","M","M","M","?","M","?","E","R","T","?","$","?","M","M","R","BOSS"],"build_version":"2018-04-27v3","seed_source_timestamp":0,"purchased_purges":2,"victory":true,"master_deck":["Strike_B+1","Strike_B+1","Defend_B","Defend_B+1","Zap+1","Dualcast","Ball Lightning+1","Double Energy","Meteor Strike","Sunder+1","Streamline","Creative AI","Sunder+1","Defragment+1","Self Repair+1","Undo","Echo Form","Capacitor+1","Meteor Strike","Multi-Cast","Blaster","Stack","Buffer+1","Nova"],"max_hp_per_floor":[75,75,75,75,75,75,75,75,75,75,75,75,75,75,75,75,75,75,75,75,75,75,75,75,75,75,82,82,82,82,82,82,82,82,82,82,82,82,82,82,92,92,92,92,92,92,92,92,92,92],"relics":["Cracked Core","Oddly Smooth Stone","Lantern","Bird Faced Urn","Bronze Scales","Snecko Eye","Toolbox","Red Mask","Enchiridion","Whetstone","Strawberry","Orichalcum","Cursed Key","Pear","Peace Pipe","Anchor"],"card_choices":[{"not_picked":["Axe Kick","Glacier"],"picked":"Beam Cell","floor":1.0},{"not_picked":["Coolheaded","Impulse"],"picked":"Double Energy","floor":6.0},{"not_picked":["Sweeping Beam","Ball Lightning"],"picked":"Meteor Strike","floor":8.0},{"not_picked":["Hello World","Skim"],"picked":"Sunder","floor":10.0},{"not_picked":["Impulse","Coolheaded"],"picked":"Streamline","floor":12.0},{"not_picked":["Meteor Strike","Thunder Strike"],"picked":"Creative AI","floor":16.0},{"not_picked":["Skim","Impulse"],"picked":"Sunder","floor":20.0},{"not_picked":["Hologram","Recycle"],"picked":"Defragment","floor":23.0},{"not_picked":["Skim","Storm"],"picked":"Self Repair","floor":27.0},{"not_picked":["Streamline","Axe Kick"],"picked":"Undo","floor":30.0},{"not_picked":["Nova","Creative AI"],"picked":"Echo Form","floor":33.0},{"not_picked":["Ball Lightning","Leap"],"picked":"Capacitor","floor":36},{"not_picked":["Conserve Battery","Skim"],"picked":"Meteor Strike","floor":39},{"not_picked":["Streamline","Ball Lightning"],"picked":"Blaster","floor":41},{"not_picked":["Cold Snap","Axe Kick"],"picked":"Stack","floor":46},{"not_picked":["Stack","Ball Lightning"],"picked":"Buffer","floor":47},{"not_picked":["Reprogram","Ball Lightning"],"picked":"Nova","floor":48}],"player_experience":16988,"potions_floor_usage":[50,50,50],"damage_taken":[{"damage":0.0,"enemies":"Jaw Worm","floor":1.0,"turns":5.0},{"damage":12.0,"enemies":"3 Sentries","floor":6.0,"turns":5.0},{"damage":24.0,"enemies":"Lagavulin","floor":8.0,"turns":5.0},{"damage":0.0,"enemies":"2 Louse","floor":10.0,"turns":2.0},{"damage":0.0,"enemies":"Small Slimes","floor":12.0,"turns":2.0},{"damage":0.0,"enemies":"Blue Slaver","floor":14.0,"turns":1.0},{"damage":30.0,"enemies":"Hexaghost","floor":16.0,"turns":8.0},{"damage":10.0,"enemies":"2 Thieves","floor":18.0,"turns":3.0},{"damage":3.0,"enemies":"Masked Bandits","floor":20.0,"turns":3.0},{"damage":14.0,"enemies":"Shell Parasite","floor":23.0,"turns":3.0},{"damage":0.0,"enemies":"Gremlin Leader","floor":27.0,"turns":4.0},{"damage":10.0,"enemies":"Snake Plant","floor":28.0,"turns":1.0},{"damage":23.0,"enemies":"Slavers","floor":30.0,"turns":2.0},{"damage":0.0,"enemies":"Sentry and Sphere","floor":31.0,"turns":2.0},{"damage":77.0,"enemies":"Automaton","floor":33.0,"turns":7.0},{"damage":12.0,"enemies":"3 Shapes","floor":35.0,"turns":3.0},{"damage":20,"enemies":"3 Darklings","floor":36,"turns":3},{"damage":4,"enemies":"Sphere and 2 Shapes","floor":37,"turns":3},{"damage":1,"enemies":"Maw","floor":39,"turns":4},{"damage":16,"enemies":"2 Orb Walkers","floor":41,"turns":3},{"damage":34,"enemies":"Mysterious Sphere","floor":44,"turns":4},{"damage":20,"enemies":"Spire Growth","floor":46,"turns":3},{"damage":4,"enemies":"Flame Bruiser 2 Orb","floor":47,"turns":3},{"damage":16,"enemies":"3 Darklings","floor":48,"turns":4},{"damage":39,"enemies":"Donu and Deca","floor":50,"turns":7}],"event_choices":[{"event_name":"Big Fish","player_choice":"Box","floor":3.0,"damage_taken":0.0},{"event_name":"Golden Wing","player_choice":"Card Removal","floor":4.0,"damage_taken":0.0},{"event_name":"Shining Light","player_choice":"Entered Light","floor":5.0,"damage_taken":0.0},{"event_name":"Living Wall","player_choice":"Forget","floor":11.0,"damage_taken":0.0},{"event_name":"Masked Bandits","player_choice":"Fought over 54 gold","floor":20.0,"damage_taken":0.0},{"event_name":"Addict","player_choice":"Ignored","floor":21.0,"damage_taken":0.0},{"event_name":"Cursed Tome","player_choice":"Obtained Book","floor":25.0,"damage_taken":0.0},{"event_name":"Transmorgrifier","player_choice":"Transform","floor":40,"damage_taken":0},{"event_name":"Mysterious Sphere","player_choice":"Fight","floor":44,"damage_taken":0}],"boss_relics":[],"potions_floor_spawned":[6,8,10,14,27,28,33,35,46,47],"seed_played":"4006404809400459665","ascension_level":0,"is_trial":false}