{"gold_per_floor":[111,125,125,143,155,155,175,175,175,175,175,175],"floor_reached":12,"playtime":202,"items_purged":[],"score":140,"play_id":"b24ef20a-b5a2-47f8-b1ac-6bc49e9a237c","local_time":"20190123195922","is_ascension_mode":true,"campfire_choices":[{"data":"Searing Blow","floor":6,"key":"SMITH"},{"data":"Searing Blow+1","floor":8,"key":"SMITH"},{"data":"Searing Blow+2","floor":11,"key":"SMITH"}],"neow_cost":"NONE","seed_source_timestamp":24125647953688,"circlet_count":0,"master_deck":["AscendersBane","Strike_R","Strike_R","Strike_R","Strike_R+1","Strike_R","Defend_R+1","Defend_R","Defend_R","Defend_R","Bash","Barricade","Searing Blow+3","Power Through"],"relics":["Burning Blood"],"potions_floor_usage":[7,12],"damage_taken":[{"damage":2,"enemies":"2 Louse","floor":1,"turns":3},{"damage":13,"enemies":"Cultist","floor":2,"turns":5},{"damage":12,"enemies":"Jaw Worm","floor":4,"turns":4},{"damage":27,"enemies":"2 Fungi Beasts","floor":5,"turns":4},{"damage":4,"enemies":"Red Slaver","floor":7,"turns":4},{"damage":6,"enemies":"3 Sentries","floor":12,"turns":1}],"seed_played":"-5365197658592047622","potions_obtained":[{"floor":3,"key":"Swift Potion"},{"floor":3,"key":"SkillPotion"},{"floor":4,"key":"AttackPotion"},{"floor":7,"key":"SteroidPotion"}],"is_trial":false,"path_per_floor":["M","M","?","M","M","R","M","R","T","?","R","E"],"character_chosen":"IRONCLAD","items_purchased":[],"campfire_rested":0,"item_purchase_floors":[],"current_hp_per_floor":[72,65,65,59,38,38,40,40,40,17,17,11],"gold":175,"neow_bonus":"ONE_RANDOM_RARE_CARD","is_prod":false,"is_daily":false,"chose_seed":false,"campfire_upgraded":3,"win_rate":0,"timestamp":1548244762,"path_taken":["M","M","?","M","?","R","M","R","T","?","R","E"],"build_version":"2019-01-17v2","purchased_purges":0,"victory":false,"max_hp_per_floor":[75,75,75,75,75,75,75,75,75,75,75,75],"card_choices":[{"not_picked":["Clash","Headbutt"],"picked":"Searing Blow","floor":1},{"not_picked":["Sever Soul","Cleave","Rage"],"picked":"SKIP","floor":2},{"not_picked":["Inflame","Metallicize","Clash"],"picked":"SKIP","floor":4},{"not_picked":["Iron Wave","True Grit","Bloodletting"],"picked":"SKIP","floor":5},{"not_picked":["Clash","Rage"],"picked":"Power Through","floor":7}],"player_experience":2175492,"relics_obtained":[],"event_choices":[{"damage_healed":0,"gold_gain":0,"player_choice":"Got Potions","damage_taken":0,"max_hp_gain":0,"max_hp_loss":0,"event_name":"Lab","floor":3,"gold_loss":0},{"damage_healed":0,"gold_gain":0,"player_choice":"Entered Light","damage_taken":23,"max_hp_gain":0,"max_hp_loss":0,"event_name":"Shining Light","floor":10,"gold_loss":0,"cards_upgraded":["Strike_R","Defend_R"]}],"is_beta":false,"boss_relics":[],"items_purged_floors":[],"is_endless":false,"potions_floor_spawned":[4,5,7],"killed_by":"3 Sentries","ascension_level":20}