{"gold_per_floor":[110,80,90,15,31,58,58,84,84,9,9,9,20,35,35,111,111,127,27,77,105,119,119,153,153,153,153,153,153,153,165,165,165],"floor_reached":33,"playtime":1545,"items_purged":["Strike_B","Strike_B"],"score":542,"play_id":"1442dbe3-8b9a-48ac-bff1-fa62dd18a57e","local_time":"20190120234008","is_ascension_mode":true,"campfire_choices":[{"data":"Sunder","floor":7.0,"key":"SMITH"},{"data":"Beam Cell","floor":12.0,"key":"SMITH"},{"data":"Darkness","floor":15.0,"key":"SMITH"},{"floor":23.0,"key":"REST"},{"data":"Multi-Cast","floor":25.0,"key":"SMITH"},{"floor":30.0,"key":"REST"},{"floor":32.0,"key":"REST"}],"neow_cost":"NONE","seed_source_timestamp":50270047492685,"circlet_count":0,"master_deck":["AscendersBane","Defend_B","Defend_B","Defend_B","Defend_B+1","Zap","Dualcast+1","Rip and Tear","Cold Snap","Sunder+1","Reboot","Beam Cell+1","Darkness+1","Multi-Cast+1","Skim","Conserve Battery","Loop","Glacier","Hologram","Core Surge","Redo"],"special_seed":0,"relics":["Cracked Core","War Paint","Dodecahedron","Orichalcum","Matryoshka","Philosopher\u0027s Stone","Red Mask","Dream Catcher","Boot","Prayer Wheel"],"potions_floor_usage":[33],"damage_taken":[{"damage":0.0,"enemies":"Jaw Worm","floor":1.0,"turns":3.0},{"damage":0.0,"enemies":"Cultist","floor":3.0,"turns":2.0},{"damage":0.0,"enemies":"2 Louse","floor":5.0,"turns":2.0},{"damage":7.0,"enemies":"Lagavulin","floor":6.0,"turns":7.0},{"damage":8.0,"enemies":"Gremlin Nob","floor":8.0,"turns":3.0},{"damage":1.0,"enemies":"Looter","floor":13.0,"turns":2.0},{"damage":4.0,"enemies":"Lots of Slimes","floor":14.0,"turns":3.0},{"damage":25.0,"enemies":"Hexaghost","floor":16.0,"turns":7.0},{"damage":15.0,"enemies":"2 Thieves","floor":18.0,"turns":3.0},{"damage":18.0,"enemies":"Masked Bandits","floor":21.0,"turns":3.0},{"damage":0.0,"enemies":"Chosen","floor":22.0,"turns":3.0},{"damage":25.0,"enemies":"Slavers","floor":24.0,"turns":3.0},{"damage":15.0,"enemies":"Shelled Parasite and Fungi","floor":31.0,"turns":4.0},{"damage":50,"enemies":"Collector","floor":33,"turns":5}],"seed_played":"5626621894229994471","potions_obtained":[{"floor":2.0,"key":"Energy Potion"},{"floor":2.0,"key":"Ancient Potion"},{"floor":5.0,"key":"GamblersBrew"},{"floor":6.0,"key":"Dexterity Potion"},{"floor":21.0,"key":"GamblersBrew"}],"is_trial":false,"path_per_floor":["M","?","M","$","M","E","R","E","T","?","?","R","M","M","R","B",null,"M","$","?","?","M","R","E","R","T","?","?","?","R","M","R","B"],"character_chosen":"DEFECT","items_purchased":[],"campfire_rested":3,"item_purchase_floors":[],"current_hp_per_floor":[64,64,64,64,64,57,57,49,49,49,49,49,48,44,44,19,58,43,43,43,25,25,46,21,21,21,1,1,1,23,8,30,0],"gold":165,"neow_bonus":"RANDOM_COMMON_RELIC","is_prod":false,"is_daily":false,"chose_seed":false,"campfire_upgraded":4,"win_rate":0,"timestamp":1547998808,"path_taken":["M","?","M","$","?","E","R","E","T","?","?","R","?","M","R","BOSS","M","$","?","?","M","R","E","R","T","?","?","?","R","M","R","BOSS"],"build_version":"2019-01-17v2","purchased_purges":2,"victory":false,"max_hp_per_floor":[71,71,71,71,71,71,71,71,71,71,71,71,71,71,71,71,71,71,71,71,71,71,71,71,71,71,76,76,76,76,76,76,76],"card_choices":[{"not_picked":["Redo","Auto Shields"],"picked":"Rip and Tear","floor":1.0},{"not_picked":["Consume","Leap"],"picked":"Cold Snap","floor":3.0},{"not_picked":["Cold Snap","Sweeping Beam"],"picked":"Sunder","floor":5.0},{"not_picked":["Rip and Tear","Barrage"],"picked":"Reboot","floor":6.0},{"not_picked":["Ball Lightning","Hologram"],"picked":"Beam Cell","floor":8.0},{"not_picked":["Hello World","Tempest"],"picked":"Darkness","floor":13.0},{"not_picked":["Fusion","Hello World","Chill"],"picked":"SKIP","floor":14.0},{"not_picked":["Core Surge","Electrodynamics"],"picked":"Multi-Cast","floor":16.0},{"not_picked":["Genetic Algorithm","Scrape+1"],"picked":"Skim","floor":18.0},{"not_picked":["Melter","Steam"],"picked":"Conserve Battery","floor":21.0},{"not_picked":["Beam Cell","Sweeping Beam","Conserve Battery"],"picked":"SKIP","floor":22.0},{"not_picked":["Heatsinks","Sweeping Beam","White Noise"],"picked":"SKIP","floor":24.0},{"not_picked":["Aggregate","Force Field"],"picked":"Glacier","floor":30.0},{"not_picked":["Rebound+1","Reprogram"],"picked":"Hologram","floor":31.0},{"not_picked":["Compile Driver","Gash"],"picked":"Core Surge","floor":31.0},{"not_picked":["BootSequence","Genetic Algorithm+1"],"picked":"Redo","floor":32.0}],"player_experience":2093234,"relics_obtained":[{"floor":6.0,"key":"Dodecahedron"},{"floor":8.0,"key":"Orichalcum"},{"floor":9.0,"key":"Matryoshka"},{"floor":21.0,"key":"Red Mask"},{"floor":24.0,"key":"Dream Catcher"},{"floor":26.0,"key":"Boot"},{"floor":26.0,"key":"Prayer Wheel"}],"event_choices":[{"damage_healed":0.0,"max_hp_gain":0.0,"max_hp_loss":0.0,"gold_gain":0.0,"event_name":"The Woman in Blue","player_choice":"Bought 2 Potions","floor":2.0,"gold_loss":0.0,"damage_taken":0.0},{"cards_removed":["Strike_B"],"damage_healed":0.0,"max_hp_gain":0.0,"max_hp_loss":0.0,"gold_gain":0.0,"event_name":"The Cleric","player_choice":"Card Removal","floor":10.0,"gold_loss":75.0,"damage_taken":0.0},{"cards_removed":["Strike_B"],"damage_healed":0.0,"max_hp_gain":0.0,"max_hp_loss":0.0,"gold_gain":0.0,"event_name":"Purifier","player_choice":"Purged","floor":11.0,"gold_loss":0.0,"damage_taken":0.0},{"damage_healed":0.0,"max_hp_gain":0.0,"max_hp_loss":0.0,"gold_gain":50.0,"event_name":"Nest","player_choice":"Stole From Cult","floor":20.0,"gold_loss":0.0,"damage_taken":0.0},{"damage_healed":0.0,"max_hp_gain":0.0,"max_hp_loss":0.0,"gold_gain":0.0,"event_name":"Masked Bandits","player_choice":"Fought Bandits","floor":21.0,"gold_loss":0.0,"damage_taken":0.0},{"damage_healed":0.0,"max_hp_gain":5.0,"max_hp_loss":0.0,"gold_gain":0.0,"event_name":"Forgotten Altar","player_choice":"Shed Blood","floor":27.0,"gold_loss":0.0,"damage_taken":25.0},{"damage_healed":0.0,"max_hp_gain":0.0,"max_hp_loss":0.0,"gold_gain":0.0,"event_name":"The Mausoleum","player_choice":"Ignored","floor":28.0,"gold_loss":0.0,"damage_taken":0.0},{"damage_healed":0.0,"max_hp_gain":0.0,"max_hp_loss":0.0,"gold_gain":0.0,"event_name":"The Library","player_choice":"Read","floor":29.0,"gold_loss":0.0,"damage_taken":0.0,"cards_obtained":["Loop"]}],"is_beta":false,"boss_relics":[{"not_picked":["Pandora\u0027s Box","Lizard Tail"],"picked":"Philosopher\u0027s Stone"}],"items_purged_floors":[4,19],"is_endless":false,"potions_floor_spawned":[5,6,13,14,21],"killed_by":"Collector","ascension_level":20}