{"gold_per_floor":[369,380,113,113,131,131,131,131,131,131,131,47,47,72,72,197,197,217,217,217,217,217,217,250,8,8,41,41,66,66,366,366,491,491,511,511,530,554,577,577,618,951,951,963,1030,97,112,123,123,123],"floor_reached":51,"playtime":1608,"items_purged":["Strike_R"],"score":847,"play_id":"11087346-a253-4138-9abb-571a5258cd3b","local_time":"20190705145333","is_ascension_mode":false,"campfire_choices":[{"data":"Bloodletting","floor":6,"key":"SMITH"},{"data":"Metamorphosis","floor":8,"key":"SMITH"},{"data":"Demon Form","floor":10,"key":"SMITH"},{"data":"Impatience","floor":13,"key":"SMITH"},{"data":"Dual Wield","floor":15,"key":"SMITH"},{"floor":23,"key":"REST"},{"data":"1","floor":28,"key":"LIFT"},{"data":"2","floor":32,"key":"LIFT"},{"data":"3","floor":40,"key":"LIFT"},{"floor":49,"key":"REST"}],"neow_cost":"TEN_PERCENT_HP_LOSS","seed_source_timestamp":12971551259103,"circlet_count":0,"master_deck":["Defend_R","Defend_R","Defend_R","Defend_R","Bash","Bloodletting+1","Metamorphosis+1","Demon Form+1","Shrug It Off","Impatience+1","Dual Wield+1","Exhume","Sword Boomerang","Pummel","Ghostly","Ghostly","Ghostly","Ghostly","Ghostly","Evolve","Metamorphosis","Exhume","Reaper","Finesse","Metamorphosis","Evolve+1"],"relics":["Burning Blood","Dream Catcher","Fusion Hammer","Letter Opener","Blood Vial","Girya","Dodecahedron","Old Coin","Philosopher\u0027s Stone","Lantern","Oddly Smooth Stone","MawBank","Vajra","Potion Belt","Prayer Wheel","Toy Ornithopter"],"potions_floor_usage":[39,50,50,50,50,50],"damage_taken":[{"damage":1,"enemies":"2 Louse","floor":1,"turns":2},{"damage":6,"enemies":"Cultist","floor":2,"turns":3},{"damage":6,"enemies":"Jaw Worm","floor":5,"turns":3},{"damage":0,"enemies":"Large Slime","floor":14,"turns":4},{"damage":3,"enemies":"Slime Boss","floor":16,"turns":3},{"damage":20,"enemies":"2 Thieves","floor":18,"turns":4},{"damage":4,"enemies":"Slavers","floor":24,"turns":6},{"damage":7,"enemies":"Gremlin Leader","floor":27,"turns":6},{"damage":1,"enemies":"Chosen","floor":29,"turns":5},{"damage":1,"enemies":"Champ","floor":33,"turns":8},{"damage":2,"enemies":"Orb Walker","floor":35,"turns":3},{"damage":1,"enemies":"3 Darklings","floor":37,"turns":6},{"damage":21,"enemies":"Jaw Worm Horde","floor":39,"turns":3},{"damage":1,"enemies":"Nemesis","floor":41,"turns":5},{"damage":1,"enemies":"Transient","floor":47,"turns":5},{"damage":3,"enemies":"Maw","floor":48,"turns":6},{"damage":20,"enemies":"Awakened One","floor":50,"turns":8}],"seed_played":"-8329063343222337289","potions_obtained":[{"floor":1,"key":"Dexterity Potion"},{"floor":2,"key":"Poison Potion"},{"floor":14,"key":"BloodPotion"},{"floor":33,"key":"GamblersBrew"},{"floor":39,"key":"Poison Potion"}],"is_trial":false,"path_per_floor":["M","M","$","?","M","R","?","R","T","R","?","$","R","M","R","B",null,"M","?","?","?","?","R","E","$","T","E","R","M","?","T","R","B",null,"M","?","M","T","M","R","E","?","T","?","T","$","M","M","R","B",null],"character_chosen":"IRONCLAD","items_purchased":["Metamorphosis","Impatience","Metamorphosis","Exhume","Potion Belt","Metamorphosis","Swift Potion","Block Potion","Prayer Wheel","Toy Ornithopter"],"campfire_rested":2,"item_purchase_floors":[3,12,25,25,46,46,46,46,46,46],"current_hp_per_floor":[72,72,72,72,72,72,54,54,54,54,59,59,59,65,65,68,77,63,63,38,38,33,43,43,43,43,42,42,43,43,43,43,43,43,43,43,43,43,43,43,43,43,43,43,43,43,43,43,43,42],"gold":123,"neow_bonus":"TWO_FIFTY_GOLD","is_prod":false,"is_daily":false,"chose_seed":false,"campfire_upgraded":5,"win_rate":0,"timestamp":1562309613,"path_taken":["M","M","$","?","?","R","?","R","T","R","?","?","R","M","R","BOSS","M","?","?","?","?","R","E","$","T","E","R","M","?","?","R","BOSS","M","?","?","?","?","R","E","?","T","?","?","$","?","M","R","BOSS"],"build_version":"2019-07-01","purchased_purges":1,"victory":true,"max_hp_per_floor":[72,72,72,72,72,72,72,72,72,72,77,77,77,77,77,77,77,77,77,38,38,43,43,43,43,43,43,43,43,43,43,43,43,43,43,43,43,43,43,43,43,43,43,43,43,43,43,43,43,43],"card_choices":[{"not_picked":["Seeing Red","Infernal Blade","Anger"],"picked":"SKIP","floor":1},{"not_picked":["Warcry","Thunderclap"],"picked":"Bloodletting","floor":2},{"not_picked":["Thunderclap","Sword Boomerang"],"picked":"Shrug It Off","floor":5},{"not_picked":["Berserk","Twin Strike"],"picked":"Dual Wield","floor":14},{"not_picked":["Brutality","Barricade"],"picked":"Exhume","floor":16},{"not_picked":["Perfected Strike","Whirlwind","Flex"],"picked":"SKIP","floor":18},{"not_picked":["Sentinel+1","Fire Breathing"],"picked":"Evolve","floor":24},{"not_picked":["Thunderclap","Havoc","Flex"],"picked":"SKIP","floor":27},{"not_picked":["Warcry","Clothesline","Pommel Strike"],"picked":"SKIP","floor":29},{"not_picked":["Immolate","Juggernaut"],"picked":"Reaper","floor":33},{"not_picked":["Rupture","Ghostly Armor","Wild Strike"],"picked":"SKIP","floor":35},{"not_picked":["Pommel Strike","Sword Boomerang+1","Headbutt+1"],"picked":"SKIP","floor":37},{"not_picked":["Reckless Charge+1","Anger","Headbutt+1"],"picked":"SKIP","floor":39},{"not_picked":["Wild Strike+1","Clothesline+1","Flame Barrier+1"],"picked":"SKIP","floor":41},{"not_picked":["Cleave+1","Intimidate","Thunderclap+1"],"picked":"SKIP","floor":47},{"not_picked":["Thunderclap","Reckless Charge+1","Clash+1"],"picked":"SKIP","floor":47},{"not_picked":["Second Wind","Sentinel+1","Armaments+1"],"picked":"SKIP","floor":48},{"not_picked":["Seeing Red+1","Havoc","Sever Soul+1"],"picked":"SKIP","floor":48},{"not_picked":["Infernal Blade","Berserk"],"picked":"Evolve+1","floor":49}],"player_experience":5689431,"relics_obtained":[{"floor":9,"key":"Dream Catcher"},{"floor":24,"key":"Letter Opener"},{"floor":26,"key":"Blood Vial"},{"floor":27,"key":"Girya"},{"floor":31,"key":"Old Coin"},{"floor":38,"key":"Lantern"},{"floor":41,"key":"Oddly Smooth Stone"},{"floor":43,"key":"MawBank"},{"floor":45,"key":"Vajra"}],"event_choices":[{"damage_healed":0,"gold_gain":0,"cards_transformed":["Strike_R"],"player_choice":"Transformed","damage_taken":0,"max_hp_gain":0,"max_hp_loss":0,"event_name":"Transmorgrifier","floor":4,"gold_loss":0,"cards_obtained":["Demon Form"]},{"damage_healed":0,"gold_gain":0,"player_choice":"Take Damage","damage_taken":18,"relics_obtained":["Golden Idol"],"max_hp_gain":0,"max_hp_loss":0,"event_name":"Golden Idol","floor":7,"gold_loss":0},{"damage_healed":0,"gold_gain":0,"player_choice":"Donut","damage_taken":0,"max_hp_gain":5,"max_hp_loss":0,"event_name":"Big Fish","floor":11,"gold_loss":0},{"damage_healed":0,"gold_gain":0,"cards_transformed":["Strike_R","Strike_R"],"player_choice":"Became Test Subject","damage_taken":0,"max_hp_gain":0,"max_hp_loss":0,"event_name":"Drug Dealer","floor":19,"gold_loss":0,"cards_obtained":["Sword Boomerang","Pummel"]},{"damage_healed":0,"gold_gain":0,"player_choice":"Became a Ghost","damage_taken":0,"max_hp_gain":0,"max_hp_loss":39,"event_name":"Ghosts","floor":20,"gold_loss":0,"cards_obtained":["Ghostly","Ghostly","Ghostly","Ghostly","Ghostly"]},{"cards_removed":["Strike_R"],"damage_healed":0,"gold_gain":0,"player_choice":"Elegance","damage_taken":0,"max_hp_gain":0,"max_hp_loss":0,"event_name":"Back to Basics","floor":21,"gold_loss":0},{"damage_healed":0,"gold_gain":0,"player_choice":"Shed Blood","damage_taken":10,"max_hp_gain":5,"max_hp_loss":0,"event_name":"Forgotten Altar","floor":22,"gold_loss":0},{"damage_healed":0,"gold_gain":0,"player_choice":"Opened","damage_taken":0,"relics_obtained":["Dodecahedron"],"max_hp_gain":0,"max_hp_loss":0,"event_name":"The Mausoleum","floor":30,"gold_loss":0},{"damage_healed":0,"gold_gain":0,"player_choice":"1 cards matched","damage_taken":0,"max_hp_gain":0,"max_hp_loss":0,"event_name":"Match and Keep!","floor":36,"gold_loss":0,"cards_obtained":["Finesse"]},{"damage_healed":0,"gold_gain":333,"player_choice":"Gave Idol","damage_taken":0,"max_hp_gain":0,"max_hp_loss":0,"event_name":"The Moai Head","floor":42,"relics_lost":["Golden Idol"],"gold_loss":0},{"damage_healed":0,"gold_gain":0,"player_choice":"Ignored","damage_taken":0,"max_hp_gain":0,"max_hp_loss":0,"event_name":"Mysterious Sphere","floor":44,"gold_loss":0}],"is_beta":false,"boss_relics":[{"not_picked":["Snecko Eye","White Beast Statue"],"picked":"Fusion Hammer"},{"not_picked":["Sozu","Eternal Feather"],"picked":"Philosopher\u0027s Stone"}],"items_purged_floors":[3],"is_endless":false,"potions_floor_spawned":[1,2,14,24,29,33,35,39,41],"ascension_level":0}