{"gold_per_floor":[212,102,118,133,33,33,61,61,61,61,61,96,96,122,122,218,268,279,293,304,21,41,71,71,99,99,99,99,118,118,136,136,239,239,250,261,111,131,150,180,194,194,219,219,44,0,0,11,11,11],"floor_reached":51,"playtime":1932,"items_purged":["Strike_G","Strike_G","Defend_G","Defend_G","Defend_G"],"score":785,"play_id":"d0a2027f-df11-4580-a99a-1f8474c20464","local_time":"20181022103236","is_ascension_mode":false,"campfire_choices":[{"data":"Catalyst","floor":6.0,"key":"SMITH"},{"data":"Noxious Fumes","floor":8.0,"key":"SMITH"},{"data":"Well Laid Plans","floor":11.0,"key":"SMITH"},{"data":"Deadly Poison","floor":13.0,"key":"SMITH"},{"data":"Neutralize","floor":15.0,"key":"SMITH"},{"data":"Wraith Form v2","floor":24.0,"key":"SMITH"},{"data":"Envenom","floor":28.0,"key":"SMITH"},{"data":"Tools of the Trade","floor":30.0,"key":"SMITH"},{"data":"Wraith Form v2","floor":32.0,"key":"SMITH"},{"data":"Corpse Explosion","floor":44,"key":"SMITH"},{"data":"Catalyst","floor":49,"key":"SMITH"}],"neow_cost":"NONE","seed_source_timestamp":8380233668805,"circlet_count":0,"master_deck":["Defend_G","Strike_G","Strike_G+1","Survivor","Neutralize+1","Noxious Fumes+1","Catalyst+1","Deadly Poison+1","Well Laid Plans+1","Adrenaline","Wraith Form v2+1","Corpse Explosion+1","Tools of the Trade+1","Envenom+1","Wraith Form v2+1","Adrenaline","Backflip","Catalyst+1"],"special_seed":0,"relics":["Ring of the Snake","Bag of Marbles","Vajra","Sundial","Gremlin Horn","Tiny House","Blood Vial","Dream Catcher","Pantograph","Busted Crown","Question Card","Bronze Scales","Red Mask"],"potions_floor_usage":[],"damage_taken":[{"damage":0.0,"enemies":"Cultist","floor":1.0,"turns":5.0},{"damage":0.0,"enemies":"2 Louse","floor":3.0,"turns":3.0},{"damage":0.0,"enemies":"Jaw Worm","floor":4.0,"turns":4.0},{"damage":23.0,"enemies":"Gremlin Nob","floor":7.0,"turns":4.0},{"damage":0.0,"enemies":"Lagavulin","floor":12.0,"turns":6.0},{"damage":4.0,"enemies":"3 Sentries","floor":14.0,"turns":7.0},{"damage":17.0,"enemies":"Slime Boss","floor":16.0,"turns":5.0},{"damage":5.0,"enemies":"Shell Parasite","floor":18.0,"turns":4.0},{"damage":5.0,"enemies":"2 Thieves","floor":19.0,"turns":3.0},{"damage":3.0,"enemies":"Snake Plant","floor":20.0,"turns":4.0},{"damage":1.0,"enemies":"Cultist and Chosen","floor":22.0,"turns":5.0},{"damage":13.0,"enemies":"Slavers","floor":23.0,"turns":3.0},{"damage":4.0,"enemies":"Book of Stabbing","floor":25.0,"turns":5.0},{"damage":5.0,"enemies":"Sentry and Sphere","floor":29.0,"turns":4.0},{"damage":8.0,"enemies":"Snake Plant","floor":31.0,"turns":3.0},{"damage":19.0,"enemies":"Automaton","floor":33.0,"turns":9.0},{"damage":0,"enemies":"3 Darklings","floor":35,"turns":2},{"damage":0,"enemies":"3 Shapes","floor":36,"turns":3},{"damage":2,"enemies":"Maw","floor":38,"turns":6},{"damage":2,"enemies":"Transient","floor":39,"turns":5},{"damage":16,"enemies":"Nemesis","floor":40,"turns":6},{"damage":2,"enemies":"Jaw Worm Horde","floor":41,"turns":3},{"damage":0,"enemies":"Sphere and 2 Shapes","floor":48,"turns":2},{"damage":3,"enemies":"Time Eater","floor":50,"turns":4}],"seed_played":"3063325987118898171","potions_obtained":[{"floor":3.0,"key":"FearPotion"},{"floor":4.0,"key":"PowerPotion"},{"floor":12.0,"key":"Energy Potion"},{"floor":17.0,"key":"SkillPotion"},{"floor":29.0,"key":"Ancient Potion"},{"floor":39,"key":"Ancient Potion"},{"floor":48,"key":"Weak Potion"}],"is_trial":false,"path_per_floor":["M","$","M","M","$","R","E","R","T","?","R","E","R","E","R","B",null,"M","M","M","$","M","E","R","E","T","$","R","M","R","M","R","B",null,"M","M","$","M","M","E","M","?","T","R","$","?","?","M","R","B"],"character_chosen":"THE_SILENT","items_purchased":["Noxious Fumes","Corpse Explosion"],"campfire_rested":0,"item_purchase_floors":[2,21],"current_hp_per_floor":[70,70,70,70,70,70,47,47,47,47,47,47,47,43,43,26,75,70,65,62,62,61,48,48,46,46,46,46,43,43,37,37,45,75,75,75,75,73,73,59,59,59,59,59,59,59,59,61,61,72],"gold":11,"neow_bonus":"HUNDRED_GOLD","is_prod":false,"is_daily":false,"chose_seed":false,"campfire_upgraded":11,"win_rate":0,"timestamp":1540175556,"path_taken":["M","$","M","M","$","R","E","R","T","?","R","E","R","E","R","BOSS","M","M","M","$","M","E","R","E","T","$","R","M","R","M","R","BOSS","M","M","$","M","M","E","M","?","T","R","$","?","?","M","R","BOSS"],"build_version":"2018-10-18","purchased_purges":5,"victory":true,"max_hp_per_floor":[70,70,70,70,70,70,70,70,70,70,70,70,70,70,70,70,75,75,75,75,75,75,75,75,75,75,75,75,75,75,75,75,75,75,75,75,75,75,75,75,75,75,75,75,75,75,75,75,75,75],"card_choices":[{"not_picked":["Blade Dance","PiercingWail","Caltrops"],"picked":"SKIP","floor":1.0},{"not_picked":["Terror","Acrobatics"],"picked":"Catalyst","floor":3.0},{"not_picked":["Outmaneuver","Bane"],"picked":"Deadly Poison","floor":4.0},{"not_picked":["Leg Sweep","Calculated Gamble"],"picked":"Well Laid Plans","floor":7.0},{"not_picked":["Flying Knee","Masterful Stab","Slice"],"picked":"SKIP","floor":12.0},{"not_picked":["Sucker Punch","Flying Knee","Poisoned Stab"],"picked":"SKIP","floor":14.0},{"not_picked":["A Thousand Cuts","Die Die Die"],"picked":"Adrenaline","floor":16.0},{"not_picked":["Deflect","Flying Knee+1","Blade Dance"],"picked":"SKIP","floor":18.0},{"not_picked":["Prepared","Backflip"],"picked":"Wraith Form v2","floor":19.0},{"not_picked":["Deadly Poison","PiercingWail","Underhanded Strike"],"picked":"SKIP","floor":20.0},{"not_picked":["Reflex","Acrobatics","Deadly Poison"],"picked":"SKIP","floor":22.0},{"not_picked":["Dagger Spray","Doppelganger"],"picked":"Tools of the Trade","floor":23.0},{"not_picked":["Blade Dance","Calculated Gamble"],"picked":"Envenom","floor":25.0},{"not_picked":["Sucker Punch","Deadly Poison","Quick Slash"],"picked":"SKIP","floor":29.0},{"not_picked":["Backflip","Riddle With Holes+1"],"picked":"Wraith Form v2","floor":31.0},{"not_picked":["Doppelganger","Glass Knife"],"picked":"Adrenaline","floor":33.0},{"not_picked":["Slice+1"],"picked":"SKIP","floor":35},{"not_picked":["Finisher"],"picked":"SKIP","floor":36},{"not_picked":["Acrobatics"],"picked":"SKIP","floor":38},{"not_picked":["Terror+1"],"picked":"SKIP","floor":39},{"not_picked":["Outmaneuver"],"picked":"SKIP","floor":40},{"not_picked":["Flying Knee+1"],"picked":"Backflip","floor":41},{"not_picked":["Cloak And Dagger"],"picked":"Catalyst","floor":48}],"player_experience":494798,"relics_obtained":[{"floor":9.0,"key":"Bag of Marbles"},{"floor":12.0,"key":"Sundial"},{"floor":14.0,"key":"Gremlin Horn"},{"floor":23.0,"key":"Blood Vial"},{"floor":25.0,"key":"Dream Catcher"},{"floor":26.0,"key":"Pantograph"},{"floor":40,"key":"Question Card"},{"floor":43,"key":"Bronze Scales"}],"event_choices":[{"damage_healed":0.0,"max_hp_gain":0.0,"max_hp_loss":0.0,"gold_gain":0.0,"event_name":"WeMeetAgain","player_choice":"Gave Potion","floor":10.0,"gold_loss":0.0,"damage_taken":0.0,"relics_obtained":["Vajra"]},{"cards_removed":["Strike_G"],"damage_healed":0,"gold_gain":0,"player_choice":"Removed Attack","damage_taken":0,"max_hp_gain":0,"max_hp_loss":0,"event_name":"Falling","floor":42,"gold_loss":0},{"damage_healed":0,"gold_gain":0,"player_choice":"Paid","damage_taken":0,"relics_obtained":["Red Mask"],"max_hp_gain":0,"max_hp_loss":0,"event_name":"Tomb of Lord Red Mask","floor":46,"gold_loss":44},{"cards_removed":["Defend_G"],"damage_healed":0,"gold_gain":0,"player_choice":"Purged","damage_taken":0,"max_hp_gain":0,"max_hp_loss":0,"event_name":"Purifier","floor":47,"gold_loss":0}],"is_beta":false,"boss_relics":[{"not_picked":["Orrery","Runic Dome"],"picked":"Tiny House"},{"not_picked":["Calling Bell","Velvet Choker"],"picked":"Busted Crown"}],"items_purged_floors":[2,5,21,37,45],"is_endless":false,"potions_floor_spawned":[3,4,12,18,29,39,48],"ascension_level":0}