{"gold_per_floor":[112,122,42,42,61,61,93,93,93,105,133,145,157,37,37,109,109,120,150,150,167,180,180,214,230,230,230,105,136,153,179,179,253,253,270,288,298,298],"floor_reached":38,"playtime":1580,"items_purged":["Pain"],"score":968,"play_id":"2f2103cc-ec4b-4ef0-bed4-fe8345c9a268","local_time":"20190217225520","is_ascension_mode":true,"campfire_choices":[{"data":"Sunder","floor":6.0,"key":"SMITH"},{"data":"Coolheaded","floor":8.0,"key":"SMITH"},{"data":"Doom and Gloom","floor":10.0,"key":"SMITH"},{"data":"Dualcast","floor":15.0,"key":"SMITH"},{"floor":23.0,"key":"REST"},{"data":"Beam Cell","floor":32,"key":"SMITH"}],"neow_cost":"NONE","seed_source_timestamp":9184192136762,"circlet_count":0,"master_deck":["AscendersBane","Strike_B","Strike_B","Strike_B+1","Defend_B+1","Defend_B","Defend_B","Defend_B","Zap","Dualcast+1","Reinforced Body","Coolheaded+1","Sunder+1","Glacier","Doom and Gloom+1","Cold Snap","Leap","All For One","Gash","Seek","Undo","Blizzard","Turbo","Redo+1","Compile Driver","Echo Form","Beam Cell+1","Buffer","Go for the Eyes+1","Undo","Meteor Strike","Stack+1","Stack","Loop"],"special_seed":0,"relics":["Cracked Core","NeowsBlessing","Gremlin Horn","MawBank","Cursed Key","Red Mask","Mummified Hand","WarpedTongs","Vajra","Cables","Sozu"],"potions_floor_usage":[31,33],"damage_taken":[{"damage":0.0,"enemies":"Jaw Worm","floor":1.0,"turns":1.0},{"damage":0.0,"enemies":"Small Slimes","floor":2.0,"turns":1.0},{"damage":0.0,"enemies":"2 Louse","floor":5.0,"turns":1.0},{"damage":33.0,"enemies":"Gremlin Nob","floor":7.0,"turns":6.0},{"damage":0.0,"enemies":"Large Slime","floor":11.0,"turns":5.0},{"damage":9.0,"enemies":"Slime Boss","floor":16.0,"turns":6.0},{"damage":14.0,"enemies":"3 Byrds","floor":18.0,"turns":5.0},{"damage":5.0,"enemies":"Masked Bandits","floor":19.0,"turns":3.0},{"damage":8.0,"enemies":"Colosseum Slavers","floor":20.0,"turns":9.0},{"damage":9.0,"enemies":"Chosen","floor":21.0,"turns":4.0},{"damage":0.0,"enemies":"Centurion and Healer","floor":22.0,"turns":10.0},{"damage":0.0,"enemies":"Gremlin Leader","floor":24.0,"turns":4.0},{"damage":0.0,"enemies":"Snake Plant","floor":25.0,"turns":3.0},{"damage":19,"enemies":"Slavers","floor":29,"turns":5},{"damage":0,"enemies":"Chosen and Byrds","floor":30,"turns":5},{"damage":0,"enemies":"Gremlin Leader","floor":31,"turns":6},{"damage":1,"enemies":"Automaton","floor":33,"turns":11},{"damage":7,"enemies":"3 Darklings","floor":35,"turns":6},{"damage":0,"enemies":"Orb Walker","floor":36,"turns":2},{"damage":23,"enemies":"Transient","floor":37,"turns":6},{"damage":33,"enemies":"Writhing Mass","floor":38,"turns":7}],"seed_played":"2411941442515849229","potions_obtained":[{"floor":2.0,"key":"Weak Potion"},{"floor":11.0,"key":"SteroidPotion"},{"floor":18.0,"key":"PowerPotion"},{"floor":19.0,"key":"GamblersBrew"},{"floor":29,"key":"AttackPotion"},{"floor":30,"key":"Fire Potion"}],"is_trial":false,"path_per_floor":["M","M","$","?","M","R","E","R","T","R","M","?","?","$","R","B",null,"M","?","?","M","M","R","E","M","T","?","$","E","M","E","R","B",null,"M","M","M","M"],"character_chosen":"DEFECT","items_purchased":["Sunder","All For One","Gash","Beam Cell"],"campfire_rested":1,"item_purchase_floors":[3,14,14,28],"current_hp_per_floor":[64,64,64,69,69,69,36,36,36,36,36,13,13,13,13,4,58,44,39,31,22,22,44,44,44,44,44,44,25,25,25,25,24,63,56,56,33,0],"gold":298,"neow_bonus":"THREE_ENEMY_KILL","is_prod":false,"is_daily":false,"chose_seed":false,"campfire_upgraded":5,"win_rate":0,"timestamp":1550415320,"path_taken":["M","M","$","?","M","R","E","R","T","R","M","?","?","?","R","BOSS","M","?","?","M","M","R","E","M","T","?","$","E","M","E","R","BOSS","M","?","M","?"],"build_version":"2019-01-23","purchased_purges":1,"victory":false,"max_hp_per_floor":[71,71,71,76,76,76,76,76,76,76,76,76,76,76,76,76,76,76,76,76,76,76,76,76,76,76,76,76,76,76,76,76,76,76,76,76,76,76],"card_choices":[{"not_picked":["Go for the Eyes","Darkness"],"picked":"Reinforced Body","floor":1.0},{"not_picked":["Stack","Reprogram"],"picked":"Coolheaded","floor":2.0},{"not_picked":["Stack","Steam Power"],"picked":"Glacier","floor":5.0},{"not_picked":["Tempest","Streamline"],"picked":"Doom and Gloom","floor":7.0},{"not_picked":["Coolheaded","Heatsinks"],"picked":"Cold Snap","floor":11.0},{"not_picked":["Hyperbeam","Multi-Cast"],"picked":"Seek","floor":16.0},{"not_picked":["Coolheaded","Conserve Battery"],"picked":"Undo","floor":18.0},{"not_picked":["Genetic Algorithm+1","Compile Driver"],"picked":"Blizzard","floor":19.0},{"not_picked":["Leap","Gash+1"],"picked":"Turbo","floor":21.0},{"not_picked":["Streamline","Fusion"],"picked":"Redo+1","floor":22.0},{"not_picked":["Reinforced Body","Cold Snap"],"picked":"Compile Driver","floor":24.0},{"not_picked":["Steam Power","Self Repair+1"],"picked":"Echo Form","floor":25.0},{"not_picked":["Gash","Genetic Algorithm"],"picked":"Buffer","floor":29},{"not_picked":["Barrage","Redo"],"picked":"Go for the Eyes+1","floor":30},{"not_picked":["Barrage","Gash"],"picked":"Undo","floor":31},{"not_picked":["Seek","Machine Learning"],"picked":"Meteor Strike","floor":33},{"not_picked":["Doom and Gloom","Cold Snap"],"picked":"Stack+1","floor":35},{"not_picked":["Cold Snap","Leap"],"picked":"Stack","floor":36},{"not_picked":["Genetic Algorithm","Gash"],"picked":"Loop","floor":37}],"player_experience":803881,"relics_obtained":[{"floor":7.0,"key":"Gremlin Horn"},{"floor":9.0,"key":"MawBank"},{"floor":19.0,"key":"Red Mask"},{"floor":24.0,"key":"Mummified Hand"},{"floor":29,"key":"Vajra"},{"floor":31,"key":"Cables"}],"event_choices":[{"damage_healed":0.0,"max_hp_gain":5.0,"max_hp_loss":0.0,"gold_gain":0.0,"event_name":"Big Fish","player_choice":"Donut","floor":4.0,"gold_loss":0.0,"damage_taken":0.0},{"damage_healed":0.0,"max_hp_gain":0.0,"max_hp_loss":0.0,"gold_gain":0.0,"event_name":"Shining Light","player_choice":"Entered Light","floor":12.0,"gold_loss":0.0,"damage_taken":23.0,"cards_upgraded":["Defend_B","Strike_B"]},{"damage_healed":0.0,"max_hp_gain":0.0,"max_hp_loss":0.0,"gold_gain":0.0,"cards_transformed":["Strike_B"],"event_name":"Living Wall","player_choice":"Change","floor":13.0,"gold_loss":0.0,"damage_taken":0.0,"cards_obtained":["Leap"]},{"damage_healed":0.0,"max_hp_gain":0.0,"max_hp_loss":0.0,"gold_gain":0.0,"event_name":"Masked Bandits","player_choice":"Fought Bandits","floor":19.0,"gold_loss":0.0,"damage_taken":0.0},{"damage_healed":0.0,"max_hp_gain":0.0,"max_hp_loss":0.0,"gold_gain":0.0,"event_name":"Colosseum","player_choice":"Fight","floor":20.0,"gold_loss":0.0,"damage_taken":0.0},{"damage_healed":0.0,"max_hp_gain":0.0,"max_hp_loss":0.0,"gold_gain":0.0,"event_name":"Colosseum","player_choice":"Fled From Nobs","floor":20.0,"gold_loss":0.0,"damage_taken":0.0},{"damage_healed":0,"gold_gain":0,"player_choice":"Rummage","damage_taken":0,"relics_obtained":["WarpedTongs"],"max_hp_gain":0,"max_hp_loss":0,"event_name":"Accursed Blacksmith","floor":27,"gold_loss":0,"cards_obtained":["Pain"]}],"is_beta":false,"boss_relics":[{"not_picked":["Inserter","Tiny House"],"picked":"Cursed Key"},{"not_picked":["Lizard Tail","Calling Bell"],"picked":"Sozu"}],"items_purged_floors":[28],"is_endless":false,"potions_floor_spawned":[2,11,18,19,29,30,36,37],"killed_by":"Writhing Mass","ascension_level":20}