{"gold_per_floor":[117,130,145,67,67,67,67,67,67,82,7,35,51,63,63,134,134,149,149,49,49,99,132,132,7,64,64,64,64,89,4,4,81,81,93,112,129,129,139,139,172,172,172,172,172,272,272,285,285,285,285,285,285,141,166,166],"floor_reached":56,"playtime":5858,"items_purged":["Strike_G","Underhanded Strike","Slice+1"],"score":1798,"play_id":"da313ece-7804-4640-81b5-669151f31a7f","local_time":"20190117224943","is_ascension_mode":true,"campfire_choices":[{"data":"Well Laid Plans","floor":6.0,"key":"SMITH"},{"data":"Bouncing Flask","floor":15.0,"key":"SMITH"},{"data":"Tactician","floor":24.0,"key":"SMITH"},{"data":"Calculated Gamble","floor":27.0,"key":"SMITH"},{"data":"Night Terror","floor":29.0,"key":"SMITH"},{"data":"Ghostly","floor":32.0,"key":"SMITH"},{"data":"Wraith Form v2","floor":40.0,"key":"SMITH"},{"floor":47.0,"key":"RECALL"},{"data":"Night Terror","floor":49.0,"key":"SMITH"},{"data":"Adrenaline","floor":53.0,"key":"SMITH"}],"neow_cost":"NONE","seed_source_timestamp":23676890135953,"circlet_count":0,"master_deck":["AscendersBane","Survivor","Neutralize+1","Well Laid Plans+1","Bouncing Flask+1","Night Terror+1","Night Terror+1","Calculated Gamble+1","Malaise+1","Adrenaline+1","PiercingWail","Tactician+1","Accuracy","Ghostly+1","Ghostly","Ghostly+1","Wraith Form v2+1","Well Laid Plans","Well Laid Plans+1","Forethought"],"special_seed":0,"relics":["Ring of the Snake","Blood Vial","Anchor","Odd Mushroom","Pandora\u0027s Box","Whetstone","Tiny Chest","Bird Faced Urn","Regal Pillow","Bag of Marbles","Philosopher\u0027s Stone","Juzu Bracelet","Blue Candle","Unceasing Top","War Paint"],"potions_floor_usage":[56],"damage_taken":[{"damage":1.0,"enemies":"Small Slimes","floor":1.0,"turns":5.0},{"damage":0.0,"enemies":"2 Louse","floor":2.0,"turns":4.0},{"damage":0.0,"enemies":"Jaw Worm","floor":3.0,"turns":6.0},{"damage":5.0,"enemies":"3 Louse","floor":10.0,"turns":4.0},{"damage":6.0,"enemies":"The Mushroom Lair","floor":12.0,"turns":5.0},{"damage":0.0,"enemies":"Blue Slaver","floor":13.0,"turns":3.0},{"damage":6.0,"enemies":"Looter","floor":14.0,"turns":5.0},{"damage":28.0,"enemies":"Hexaghost","floor":16.0,"turns":10.0},{"damage":12.0,"enemies":"2 Thieves","floor":18.0,"turns":4.0},{"damage":5.0,"enemies":"Gremlin Leader","floor":23.0,"turns":7.0},{"damage":0.0,"enemies":"Book of Stabbing","floor":30.0,"turns":10.0},{"damage":20.0,"enemies":"Automaton","floor":33.0,"turns":21.0},{"damage":1.0,"enemies":"Orb Walker","floor":35.0,"turns":4.0},{"damage":12.0,"enemies":"3 Darklings","floor":36.0,"turns":9.0},{"damage":0.0,"enemies":"Maw","floor":37.0,"turns":7.0},{"damage":5.0,"enemies":"Spire Growth","floor":39.0,"turns":7.0},{"damage":3.0,"enemies":"Giant Head","floor":41.0,"turns":12.0},{"damage":9.0,"enemies":"Mind Bloom Boss Battle","floor":46.0,"turns":9.0},{"damage":16.0,"enemies":"Sphere and 2 Shapes","floor":48.0,"turns":12.0},{"damage":92.0,"enemies":"Awakened One","floor":50.0,"turns":45.0},{"damage":48.0,"enemies":"Donu and Deca","floor":51.0,"turns":31.0},{"damage":69.0,"enemies":"Shield and Spear","floor":55.0,"turns":21.0},{"damage":6,"enemies":"The Heart","floor":56,"turns":2}],"seed_played":"2612813251123090775","potions_obtained":[{"floor":3.0,"key":"PowerPotion"},{"floor":12.0,"key":"Ancient Potion"},{"floor":36.0,"key":"Strength Potion"}],"is_trial":false,"path_per_floor":["M","M","M","$","?","R","?","?","T","M","$","?","M","M","R","B",null,"M","?","$","?","?","E","R","$","T","R","T","R","E","?","R","B",null,"M","M","M","$","M","R","E","?","T","?","?","?","R","M","R","B","B",null,"R","$","E","B"],"character_chosen":"THE_SILENT","items_purchased":["Well Laid Plans","Forethought","Swift Potion"],"campfire_rested":0,"item_purchase_floors":[4,54,54],"current_hp_per_floor":[60,62,64,64,46,46,39,39,39,36,36,32,34,30,30,4,51,41,33,33,33,33,28,28,28,28,28,28,28,33,33,33,13,28,33,27,33,33,32,32,30,30,30,30,30,24,24,31,31,12,16,27,27,27,27,25],"gold":166,"neow_bonus":"RANDOM_COMMON_RELIC","is_prod":false,"is_daily":false,"chose_seed":false,"campfire_upgraded":9,"win_rate":0,"timestamp":1547736583,"path_taken":["M","M","M","$","?","R","?","?","T","M","$","?","?","M","R","BOSS","M","?","$","?","?","E","R","$","T","R","?","R","E","?","R","BOSS","M","M","M","$","M","R","E","?","T","?","?","?","R","M","R","BOSS","BOSS","R","$","E","BOSS"],"build_version":"2019-01-10","purchased_purges":3,"victory":false,"max_hp_per_floor":[66,66,66,66,66,66,66,66,66,66,66,66,66,66,66,66,66,66,33,33,33,33,33,33,33,33,33,33,33,33,33,33,33,33,33,33,33,33,33,33,33,33,33,31,31,31,31,31,31,31,31,31,31,31,31,31],"card_choices":[{"not_picked":["Blade Dance","Endless Agony","Backflip"],"picked":"SKIP","floor":1.0},{"not_picked":["Blade Dance","Endless Agony","Backflip"],"picked":"SKIP","floor":1.0},{"not_picked":["Reflex","Masterful Stab","Deflect"],"picked":"SKIP","floor":2.0},{"not_picked":["Dagger Throw","Eviscerate","Cloak And Dagger"],"picked":"SKIP","floor":3.0},{"not_picked":["Endless Agony","Dagger Throw"],"picked":"Bouncing Flask","floor":10.0},{"not_picked":["All Out Attack","Cloak And Dagger","Slice"],"picked":"SKIP","floor":13.0},{"not_picked":["PiercingWail","Prepared"],"picked":"Night Terror","floor":14.0},{"not_picked":["Venomology","Glass Knife"],"picked":"Night Terror","floor":16.0},{"not_picked":["Tactician","Flechettes","Deadly Poison"],"picked":"SKIP","floor":18.0},{"not_picked":["Infinite Blades","Underhanded Strike","Finisher+1"],"picked":"SKIP","floor":23.0},{"not_picked":["Flying Knee","Deflect","Backflip"],"picked":"SKIP","floor":30.0},{"not_picked":["Burst","Envenom"],"picked":"Wraith Form v2","floor":33.0},{"not_picked":["Backflip","Concentrate"],"picked":"Well Laid Plans","floor":35.0},{"not_picked":["Caltrops","Underhanded Strike","Dagger Throw"],"picked":"SKIP","floor":36.0},{"not_picked":["Slice+1","Prepared+1"],"picked":"Well Laid Plans+1","floor":37.0},{"not_picked":["Eviscerate","Blade Dance+1","Dodge and Roll"],"picked":"SKIP","floor":39.0},{"not_picked":["Crippling Poison","Bane+1","Blade Dance"],"picked":"SKIP","floor":41.0},{"not_picked":["Sucker Punch","PiercingWail+1","Underhanded Strike"],"picked":"SKIP","floor":48.0},{"not_picked":["Heel Hook+1","Skewer+1","Infinite Blades+1"],"picked":"SKIP","floor":55.0}],"player_experience":1982923,"relics_obtained":[{"floor":12.0,"key":"Odd Mushroom"},{"floor":23.0,"key":"Whetstone"},{"floor":26.0,"key":"Tiny Chest"},{"floor":28.0,"key":"Bird Faced Urn"},{"floor":30.0,"key":"Regal Pillow"},{"floor":41.0,"key":"Juzu Bracelet"},{"floor":43.0,"key":"Blue Candle"},{"floor":46.0,"key":"Unceasing Top"},{"floor":55.0,"key":"War Paint"}],"event_choices":[{"damage_healed":0.0,"max_hp_gain":0.0,"max_hp_loss":0.0,"gold_gain":0.0,"event_name":"Scrap Ooze","player_choice":"Success","floor":5.0,"gold_loss":0.0,"damage_taken":18.0,"relics_obtained":["Anchor"]},{"cards_removed":["Strike_G"],"damage_healed":0.0,"max_hp_gain":0.0,"max_hp_loss":0.0,"gold_gain":0.0,"event_name":"Golden Wing","player_choice":"Card Removal","floor":7.0,"gold_loss":0.0,"damage_taken":7.0},{"damage_healed":0.0,"max_hp_gain":0.0,"max_hp_loss":0.0,"gold_gain":0.0,"event_name":"Liars Game","player_choice":"Ignored","floor":8.0,"gold_loss":0.0,"damage_taken":0.0},{"damage_healed":0.0,"max_hp_gain":0.0,"max_hp_loss":0.0,"gold_gain":0.0,"event_name":"Mushrooms","player_choice":"Fought Mushrooms","floor":12.0,"gold_loss":0.0,"damage_taken":0.0},{"damage_healed":0.0,"max_hp_gain":0.0,"max_hp_loss":33.0,"gold_gain":0.0,"event_name":"Ghosts","player_choice":"Became a Ghost","floor":19.0,"gold_loss":0.0,"damage_taken":0.0,"cards_obtained":["Ghostly","Ghostly","Ghostly"]},{"damage_healed":0.0,"max_hp_gain":0.0,"max_hp_loss":0.0,"gold_gain":0.0,"event_name":"Vampires","player_choice":"Ignored","floor":21.0,"gold_loss":0.0,"damage_taken":0.0},{"damage_healed":0.0,"max_hp_gain":0.0,"max_hp_loss":0.0,"gold_gain":50.0,"event_name":"Nest","player_choice":"Stole From Cult","floor":22.0,"gold_loss":0.0,"damage_taken":0.0},{"damage_healed":0.0,"max_hp_gain":0.0,"max_hp_loss":0.0,"gold_gain":0.0,"event_name":"Addict","player_choice":"Obtained Relic","floor":31.0,"gold_loss":85.0,"damage_taken":0.0,"relics_obtained":["Bag of Marbles"]},{"damage_healed":0.0,"max_hp_gain":0.0,"max_hp_loss":0.0,"gold_gain":0.0,"event_name":"SensoryStone","player_choice":"Memory 1","floor":42.0,"gold_loss":0.0,"damage_taken":0.0},{"damage_healed":0.0,"max_hp_gain":0.0,"max_hp_loss":2.0,"gold_gain":0.0,"event_name":"Winding Halls","player_choice":"Max HP","floor":44.0,"gold_loss":0.0,"damage_taken":0.0},{"damage_healed":0.0,"max_hp_gain":0.0,"max_hp_loss":0.0,"gold_gain":0.0,"event_name":"Mysterious Sphere","player_choice":"Ignored","floor":45.0,"gold_loss":0.0,"damage_taken":0.0},{"damage_healed":0.0,"max_hp_gain":0.0,"max_hp_loss":0.0,"gold_gain":0.0,"event_name":"MindBloom","player_choice":"Fight","floor":46.0,"gold_loss":0.0,"damage_taken":0.0}],"is_beta":false,"boss_relics":[{"not_picked":["Orrery","Ring of the Serpent"],"picked":"Pandora\u0027s Box"},{"not_picked":["Eternal Feather","Runic Dome"],"picked":"Philosopher\u0027s Stone"}],"items_purged_floors":[11,20,25],"is_endless":false,"potions_floor_spawned":[3,12,13,14,16,18,36,37,39,46,48],"killed_by":"The Heart","ascension_level":20}