{"gold_per_floor":[117,129,94,94,112,112,131,141,164,164,164,164,183,200,200,305,305,323,340,15,43,55,67,179,203,215,250,281,293,315,341,353,468,480,503,532,544,568,580,1591,1619,1642,1654,1367,1367,894,894,908,908,908],"floor_reached":51,"playtime":2164,"items_purged":["Strike_R","Normality","Normality"],"score":881,"play_id":"d2853d7c-883c-4a7f-87b8-48e0664a4469","local_time":"20181009140518","is_ascension_mode":true,"campfire_choices":[{"data":"Disarm","floor":6,"key":"SMITH"},{"data":"Evolve","floor":12,"key":"SMITH"},{"data":"True Grit","floor":15,"key":"SMITH"},{"floor":23,"key":"REST"},{"data":"Trip","floor":29,"key":"SMITH"},{"data":"Burning Pact","floor":32,"key":"SMITH"},{"data":"Discovery","floor":45,"key":"SMITH"},{"floor":47,"key":"REST"},{"data":"Exhume","floor":49,"key":"SMITH"}],"neow_cost":"PERCENT_DAMAGE","seed_source_timestamp":10633770687809,"circlet_count":0,"master_deck":["Strike_R","Strike_R","Defend_R+1","Defend_R+1","Bash","Demon Form+1","Evolve+1","Disarm+1","Clash","Shockwave+1","True Grit+1","Burning Pact+1","Impervious","Trip+1","Sentinel+1","Clash","Wild Strike","Reaper","Twin Strike+1","True Grit+1","Discovery+1","Flash of Steel","Metamorphosis","Shrug It Off+1","Metamorphosis","Flash of Steel","Exhume+1"],"relics":["Burning Blood","Anchor","Pocketwatch","War Paint","Busted Crown","MawBank","Mercury Hourglass","Bronze Scales","Empty Cage","Matryoshka","DollysMirror"],"potions_floor_usage":[18,50,50,50],"damage_taken":[{"damage":0,"enemies":"2 Louse","floor":1,"turns":3},{"damage":5,"enemies":"Small Slimes","floor":2,"turns":4},{"damage":0,"enemies":"Cultist","floor":5,"turns":4},{"damage":10,"enemies":"Blue Slaver","floor":7,"turns":6},{"damage":2,"enemies":"2 Fungi Beasts","floor":8,"turns":5},{"damage":7,"enemies":"3 Louse","floor":13,"turns":5},{"damage":0,"enemies":"Gremlin Gang","floor":14,"turns":8},{"damage":8,"enemies":"Hexaghost","floor":16,"turns":9},{"damage":0,"enemies":"Chosen","floor":18,"turns":4},{"damage":0,"enemies":"3 Byrds","floor":19,"turns":7},{"damage":49,"enemies":"Sentry and Sphere","floor":21,"turns":9},{"damage":0,"enemies":"Snake Plant","floor":25,"turns":7},{"damage":3,"enemies":"Centurion and Healer","floor":28,"turns":8},{"damage":0,"enemies":"Chosen and Byrds","floor":30,"turns":4},{"damage":13,"enemies":"Snecko","floor":31,"turns":5},{"damage":0,"enemies":"Champ","floor":33,"turns":9},{"damage":1,"enemies":"3 Shapes","floor":35,"turns":5},{"damage":0,"enemies":"3 Darklings","floor":36,"turns":4},{"damage":20,"enemies":"Transient","floor":38,"turns":5},{"damage":28,"enemies":"Maw","floor":41,"turns":6},{"damage":12,"enemies":"4 Shapes","floor":42,"turns":6},{"damage":2,"enemies":"Reptomancer","floor":48,"turns":7},{"damage":65,"enemies":"Awakened One","floor":50,"turns":12}],"seed_played":"4243488461959291442","potions_obtained":[{"floor":2,"key":"EssenceOfSteel"},{"floor":14,"key":"SteroidPotion"},{"floor":16,"key":"SteroidPotion"},{"floor":19,"key":"Strength Potion"}],"is_trial":false,"path_per_floor":["M","M","$","?","M","R","M","M","T","T","?","R","M","M","R","B",null,"M","M","$","M","?","R","?","M","T","T","M","R","M","M","R","B",null,"M","M","?","M","?","?","M","M","T","$","R","$","R","M","R","B"],"character_chosen":"IRONCLAD","items_purchased":["Disarm","Trip","MawBank","Metamorphosis","DollysMirror","Exhume","Ancient Potion"],"campfire_rested":2,"item_purchase_floors":[3,20,20,44,46,46,46],"current_hp_per_floor":[62,63,63,47,53,53,49,53,53,53,53,53,52,58,58,56,74,80,80,80,37,37,61,61,67,67,67,70,70,76,69,69,75,79,80,80,70,62,62,62,50,59,59,59,59,59,80,80,80,38],"gold":908,"neow_bonus":"THREE_RARE_CARDS","is_prod":false,"is_daily":false,"chose_seed":false,"campfire_upgraded":7,"win_rate":0,"timestamp":1539065118,"path_taken":["M","M","$","?","M","R","M","M","T","?","?","R","?","M","R","BOSS","M","M","$","?","?","R","?","M","T","?","M","R","?","M","R","BOSS","M","M","?","M","?","?","M","?","T","$","R","$","R","M","R","BOSS"],"build_version":"2018-10-04v2","purchased_purges":3,"victory":true,"max_hp_per_floor":[80,80,80,80,80,80,80,80,80,80,80,80,80,80,80,80,80,80,80,80,80,80,80,80,80,80,80,80,80,80,80,80,80,80,80,80,80,80,80,80,80,80,80,80,80,80,80,80,80,80],"card_choices":[{"not_picked":["Double Tap","Dark Embrace"],"picked":"Demon Form","floor":0},{"not_picked":["Iron Wave","Clash"],"picked":"Evolve","floor":1},{"not_picked":["Iron Wave","Reckless Charge","Pommel Strike"],"picked":"SKIP","floor":2},{"not_picked":["Iron Wave","Clothesline"],"picked":"Clash","floor":5},{"not_picked":["Flex","Evolve"],"picked":"Shockwave","floor":7},{"not_picked":["Battle Trance","Iron Wave","Havoc"],"picked":"SKIP","floor":8},{"not_picked":["Havoc","Anger"],"picked":"True Grit","floor":13},{"not_picked":["Dark Embrace","Power Through"],"picked":"Burning Pact","floor":14},{"not_picked":["Berserk","Juggernaut"],"picked":"Impervious","floor":16},{"not_picked":["Pommel Strike"],"picked":"SKIP","floor":18},{"not_picked":["Flex"],"picked":"SKIP","floor":19},{"not_picked":[],"picked":"Sentinel+1","floor":21},{"not_picked":["Perfected Strike"],"picked":"SKIP","floor":25},{"not_picked":["Entrench"],"picked":"SKIP","floor":28},{"not_picked":["Entrench"],"picked":"SKIP","floor":28},{"not_picked":[],"picked":"Clash","floor":30},{"not_picked":[],"picked":"Wild Strike","floor":31},{"not_picked":[],"picked":"Reaper","floor":33},{"not_picked":[],"picked":"Twin Strike+1","floor":35},{"not_picked":[],"picked":"True Grit+1","floor":36},{"not_picked":[],"picked":"Discovery","floor":37},{"not_picked":[],"picked":"Flash of Steel","floor":37},{"not_picked":[],"picked":"Metamorphosis","floor":37},{"not_picked":["Battle Trance"],"picked":"SKIP","floor":38},{"not_picked":[],"picked":"Shrug It Off+1","floor":41},{"not_picked":["Pommel Strike"],"picked":"SKIP","floor":42},{"not_picked":["Dual Wield+1"],"picked":"SKIP","floor":48}],"player_experience":33752,"relics_obtained":[{"floor":9,"key":"Anchor"},{"floor":10,"key":"Pocketwatch"},{"floor":26,"key":"Mercury Hourglass"},{"floor":27,"key":"Bronze Scales"},{"floor":43,"key":"Matryoshka"}],"event_choices":[{"event_name":"Shining Light","player_choice":"Entered Light","floor":4,"damage_taken":0},{"event_name":"Dead Adventurer","player_choice":"Searched \u00272\u0027 times","floor":11,"damage_taken":0},{"event_name":"Back to Basics","player_choice":"Elegance","floor":22,"damage_taken":0},{"event_name":"Golden Shrine","player_choice":"Pray","floor":24,"damage_taken":0},{"event_name":"SensoryStone","player_choice":"Memory 3","floor":37,"damage_taken":0},{"event_name":"Falling","player_choice":"Removed Attack","floor":39,"damage_taken":0},{"event_name":"MindBloom","player_choice":"Gold","floor":40,"damage_taken":0}],"is_beta":false,"boss_relics":[{"not_picked":["Black Blood","Runic Cube"],"picked":"Busted Crown"},{"not_picked":["Astrolabe","Philosopher\u0027s Stone"],"picked":"Empty Cage"}],"items_purged_floors":[20,44,46],"is_endless":false,"potions_floor_spawned":[2,14,16,19,28,30,35,41],"ascension_level":5}