{"gold_per_floor":[110,35,35,35,51,85,85,104,153,153,187,198,123,123],"floor_reached":14,"playtime":383,"items_purged":[],"score":246,"play_id":"0567e199-678b-46cd-ab13-7efd3c9bf35c","local_time":"20181223182538","is_ascension_mode":true,"campfire_choices":[{"data":"Deadly Poison","floor":7.0,"key":"SMITH"},{"data":"Bouncing Flask","floor":10.0,"key":"SMITH"}],"neow_cost":"NONE","seed_source_timestamp":25787643919778,"circlet_count":0,"master_deck":["AscendersBane","Defend_G","Defend_G","Defend_G","Defend_G","Defend_G","Strike_G+1","Strike_G+1","Strike_G","Strike_G","Survivor","Neutralize","Reflex","Footwork","Deadly Poison+1","Crippling Poison","Bouncing Flask+1","Deadly Poison","Blur"],"special_seed":0,"relics":["Ring of the Snake","NeowsBlessing","Whetstone","Ancient Tea Set","Letter Opener"],"potions_floor_usage":[],"damage_taken":[{"damage":0.0,"enemies":"2 Louse","floor":1.0,"turns":1.0},{"damage":0.0,"enemies":"Cultist","floor":5.0,"turns":1.0},{"damage":0.0,"enemies":"3 Sentries","floor":6.0,"turns":2.0},{"damage":0.0,"enemies":"Jaw Worm","floor":8.0,"turns":7.0},{"damage":8.0,"enemies":"Lagavulin","floor":11.0,"turns":6.0},{"damage":2.0,"enemies":"2 Fungi Beasts","floor":12.0,"turns":4.0},{"damage":98,"enemies":"Gremlin Nob","floor":14,"turns":6}],"seed_played":"-3560525331560518182","potions_obtained":[{"floor":3.0,"key":"FairyPotion"},{"floor":3.0,"key":"Swift Potion"},{"floor":5.0,"key":"Energy Potion"}],"is_trial":false,"path_per_floor":["M","$","?","$","M","E","R","M","T","R","E","M","?","E"],"character_chosen":"THE_SILENT","items_purchased":["Footwork"],"campfire_rested":0,"item_purchase_floors":[2],"current_hp_per_floor":[59,59,59,59,59,59,59,59,59,59,51,49,49,0],"gold":123,"neow_bonus":"THREE_ENEMY_KILL","is_prod":false,"is_daily":false,"chose_seed":false,"campfire_upgraded":2,"win_rate":0,"timestamp":1545560738,"path_taken":["M","$","?","$","M","E","R","M","T","R","E","?","?","E"],"build_version":"2018-12-20","purchased_purges":0,"victory":false,"max_hp_per_floor":[66,66,66,66,66,66,66,66,66,66,66,66,66,66],"card_choices":[{"not_picked":["Quick Slash","Blade Dance"],"picked":"Reflex","floor":1.0},{"not_picked":["Bane","Riddle With Holes"],"picked":"Deadly Poison","floor":5.0},{"not_picked":["Choke","Terror"],"picked":"Crippling Poison","floor":6.0},{"not_picked":["Flechettes","Deflect"],"picked":"Bouncing Flask","floor":8.0},{"not_picked":["Dagger Spray","Quick Slash"],"picked":"Deadly Poison","floor":11.0},{"not_picked":["Flying Knee","Distraction"],"picked":"Blur","floor":12.0}],"player_experience":1435485,"relics_obtained":[{"floor":6.0,"key":"Whetstone"},{"floor":9.0,"key":"Ancient Tea Set"},{"floor":11.0,"key":"Letter Opener"}],"event_choices":[{"damage_healed":0.0,"max_hp_gain":0.0,"max_hp_loss":0.0,"gold_gain":0.0,"event_name":"Lab","player_choice":"Got Potions","floor":3.0,"gold_loss":0.0,"damage_taken":0.0},{"cards_removed":["Strike_G"],"damage_healed":0.0,"max_hp_gain":0.0,"max_hp_loss":0.0,"gold_gain":0.0,"event_name":"The Cleric","player_choice":"Card Removal","floor":13.0,"gold_loss":75.0,"damage_taken":0.0}],"is_beta":false,"boss_relics":[],"items_purged_floors":[],"is_endless":false,"potions_floor_spawned":[5,6],"killed_by":"Gremlin Nob","ascension_level":20}