{"gold_per_floor":[117,132,51,64,64,64,79,109,133,56,56,56,72,92,92,189,189,199,199,124,140,153,153,252,70,70,31,31,48,63,81,81,178,178,196,196,214,22,41,141,157,157,205,205,216,233,233,248,248,248],"floor_reached":51,"playtime":2189,"items_purged":["Strike_G","Strike_G"],"score":753,"play_id":"17967d04-2d1b-4e2b-b9bc-2808236f40e2","local_time":"20181018000535","is_ascension_mode":false,"campfire_choices":[{"data":"Noxious Fumes","floor":6.0,"key":"SMITH"},{"data":"Footwork","floor":12.0,"key":"SMITH"},{"data":"Footwork","floor":15.0,"key":"SMITH"},{"data":"Wraith Form v2","floor":23.0,"key":"SMITH"},{"data":"Footwork","floor":28.0,"key":"SMITH"},{"data":"Tactician","floor":32.0,"key":"SMITH"},{"data":"Juggernaut","floor":42,"key":"SMITH"},{"data":"Noxious Fumes","floor":44,"key":"SMITH"},{"data":"Creative AI","floor":47,"key":"SMITH"},{"data":"Noxious Fumes","floor":49,"key":"SMITH"}],"neow_cost":"NONE","seed_source_timestamp":48346401228142,"circlet_count":0,"master_deck":["Defend_G","Defend_G","Defend_G","Defend_G","Defend_G","Strike_G","Survivor","Neutralize+1","Backflip","Noxious Fumes+1","Footwork+1","Footwork+1","Wraith Form v2+1","Endless Agony","Noxious Fumes+1","Calculated Gamble+1","Tactician+1","Footwork+1","Noxious Fumes+1","Endless Agony+1","Wraith Form v2+1","Juggernaut+1","Cloak And Dagger+1","Creative AI+1"],"special_seed":0,"relics":["Ring of the Snake","Omamori","Snake Skull","Runic Pyramid","Shuriken","Coffee Dripper","PrismaticShard","Regal Pillow"],"potions_floor_usage":[50,50],"damage_taken":[{"damage":0.0,"enemies":"Cultist","floor":1.0,"turns":4.0},{"damage":0.0,"enemies":"2 Louse","floor":2.0,"turns":3.0},{"damage":0.0,"enemies":"Small Slimes","floor":4.0,"turns":4.0},{"damage":0.0,"enemies":"2 Fungi Beasts","floor":7.0,"turns":5.0},{"damage":14.0,"enemies":"Lagavulin","floor":8.0,"turns":8.0},{"damage":0.0,"enemies":"Looter","floor":13.0,"turns":4.0},{"damage":9.0,"enemies":"3 Louse","floor":14.0,"turns":3.0},{"damage":7.0,"enemies":"Hexaghost","floor":16.0,"turns":11.0},{"damage":0.0,"enemies":"Shell Parasite","floor":18.0,"turns":10.0},{"damage":0.0,"enemies":"3 Byrds","floor":21.0,"turns":6.0},{"damage":0.0,"enemies":"Shelled Parasite and Fungi","floor":22.0,"turns":8.0},{"damage":0.0,"enemies":"Snake Plant","floor":29.0,"turns":6.0},{"damage":0.0,"enemies":"Chosen and Byrds","floor":30.0,"turns":7.0},{"damage":0.0,"enemies":"Cultist and Chosen","floor":31.0,"turns":7.0},{"damage":0.0,"enemies":"Champ","floor":33.0,"turns":12.0},{"damage":0.0,"enemies":"3 Shapes","floor":35.0,"turns":6.0},{"damage":0.0,"enemies":"3 Darklings","floor":37.0,"turns":6.0},{"damage":0.0,"enemies":"Spire Growth","floor":39.0,"turns":6.0},{"damage":0,"enemies":"Reptomancer","floor":41,"turns":7},{"damage":0,"enemies":"Sphere and 2 Shapes","floor":45,"turns":6},{"damage":0,"enemies":"Maw","floor":46,"turns":7},{"damage":0,"enemies":"Spire Growth","floor":48,"turns":6},{"damage":0,"enemies":"Time Eater","floor":50,"turns":12}],"seed_played":"-7186355861184688270","potions_obtained":[{"floor":1.0,"key":"Dexterity Potion"},{"floor":4.0,"key":"Fire Potion"},{"floor":16.0,"key":"Dexterity Potion"}],"is_trial":false,"path_per_floor":["M","M","$","M","$","R","M","E","T","$","$","R","M","M","R","B",null,"M","?","$","M","M","R","?","$","T","$","R","M","M","M","R","B",null,"M","?","M","$","M","?","M","R","T","R","M","M","R","M","R","B"],"character_chosen":"THE_SILENT","items_purchased":["Noxious Fumes","Footwork","Footwork","Noxious Fumes","PrismaticShard"],"campfire_rested":0,"item_purchase_floors":[3,10,25,27,38],"current_hp_per_floor":[70,70,70,70,70,70,70,56,56,56,56,56,56,47,47,40,70,70,70,70,70,70,70,70,70,70,70,70,70,70,70,70,70,70,70,70,70,70,70,70,70,70,70,70,70,70,70,70,70,70],"gold":248,"neow_bonus":"UPGRADE_CARD","is_prod":false,"is_daily":false,"chose_seed":false,"campfire_upgraded":10,"win_rate":0,"timestamp":1539792335,"path_taken":["M","?","$","M","$","R","M","E","T","?","$","R","M","M","R","BOSS","M","?","$","M","M","R","?","?","T","$","R","M","M","?","R","BOSS","M","?","M","$","?","?","M","R","T","R","M","M","R","M","R","BOSS"],"build_version":"2018-10-11","purchased_purges":2,"victory":true,"max_hp_per_floor":[70,70,70,70,70,70,70,70,70,70,70,70,70,70,70,70,70,70,70,70,70,70,70,70,70,70,70,70,70,70,70,70,70,70,70,70,70,70,70,70,70,70,70,70,70,70,70,70,70,70],"card_choices":[{"not_picked":["Choke","Slice","Quick Slash"],"picked":"SKIP","floor":1.0},{"not_picked":["Bane","Cloak And Dagger"],"picked":"Backflip","floor":2.0},{"not_picked":["Heel Hook","Distraction","Backstab"],"picked":"SKIP","floor":4.0},{"not_picked":["Prepared","Quick Slash","Dagger Throw"],"picked":"SKIP","floor":7.0},{"not_picked":["Masterful Stab","Slice","Dodge and Roll"],"picked":"SKIP","floor":8.0},{"not_picked":["Sucker Punch","Backstab","Underhanded Strike"],"picked":"SKIP","floor":13.0},{"not_picked":["Slice","Backflip"],"picked":"Footwork","floor":14.0},{"not_picked":["Tools of the Trade","Doppelganger"],"picked":"Wraith Form v2","floor":16.0},{"not_picked":["All Out Attack+1","Heel Hook","Dodge and Roll"],"picked":"SKIP","floor":18.0},{"not_picked":["Eviscerate","Cloak And Dagger+1"],"picked":"Calculated Gamble+1","floor":21.0},{"not_picked":["Tactician","Backstab+1","Choke"],"picked":"SKIP","floor":22.0},{"not_picked":["Backstab+1","Choke"],"picked":"Tactician","floor":22.0},{"not_picked":["Sucker Punch+1","Blade Dance+1","All Out Attack+1"],"picked":"SKIP","floor":29.0},{"not_picked":["Blade Dance+1","Sucker Punch","Outmaneuver"],"picked":"SKIP","floor":30.0},{"not_picked":["Deflect","Skewer"],"picked":"Endless Agony+1","floor":31.0},{"not_picked":["Die Die Die","Envenom"],"picked":"Wraith Form v2","floor":33.0},{"not_picked":["Deadly Poison","Well Laid Plans+1","Outmaneuver"],"picked":"SKIP","floor":35.0},{"not_picked":["Acrobatics","Escape Plan","Slice"],"picked":"SKIP","floor":37.0},{"not_picked":["Streamline","Redo+1","Deflect+1"],"picked":"SKIP","floor":39.0},{"not_picked":["Reckless Charge","Dramatic Entrance+1"],"picked":"Juggernaut","floor":41},{"not_picked":["Prepared","Acrobatics"],"picked":"Cloak And Dagger+1","floor":45},{"not_picked":["Heatsinks+1","Dramatic Entrance"],"picked":"Creative AI","floor":46},{"not_picked":["Anger","Steam Power+1","Predator"],"picked":"SKIP","floor":48}],"player_experience":309171,"relics_obtained":[{"floor":8.0,"key":"Omamori"},{"floor":9.0,"key":"Snake Skull"},{"floor":26.0,"key":"Shuriken"},{"floor":43,"key":"Regal Pillow"}],"event_choices":[{"event_name":"Drug Dealer","player_choice":"Became Test Subject","floor":19.0,"damage_taken":0.0},{"event_name":"Nest","player_choice":"Stole From Cult","floor":24.0,"damage_taken":0.0},{"event_name":"Upgrade Shrine","player_choice":"Upgraded","floor":36.0,"damage_taken":0.0},{"event_name":"Golden Shrine","player_choice":"Pray","floor":40.0,"damage_taken":0.0}],"is_beta":false,"boss_relics":[{"not_picked":["Fusion Hammer","WristBlade"],"picked":"Runic Pyramid"},{"not_picked":["Black Star","Pandora\u0027s Box"],"picked":"Coffee Dripper"}],"items_purged_floors":[20,25],"is_endless":false,"potions_floor_spawned":[1,4,16,18,22,30,31,35,37,45,46],"ascension_level":0}