{"gold_per_floor":[119,129,129,50,61,61,33,33,59,59,94,124,140,170,170,241,241,260,360,380,394,16,44,44,60,87,87,98,98,112,127,127,203,203,213,213,213,224,242,242,267,267,267,267,281,293,17,17,17,17,17,17,17,17,48,48],"floor_reached":56,"playtime":5315,"items_purged":["Strike_B","Injury"],"score":2089,"play_id":"ccf8617b-b9f7-4011-87cc-50e7b48986c4","local_time":"20190314150349","is_ascension_mode":true,"campfire_choices":[{"data":"Defragment","floor":6.0,"key":"SMITH"},{"data":"Zap","floor":10.0,"key":"SMITH"},{"data":"Recycle","floor":15.0,"key":"SMITH"},{"floor":24.0,"key":"REST"},{"data":"Defragment","floor":27.0,"key":"SMITH"},{"data":"Defragment","floor":29.0,"key":"SMITH"},{"data":"Coolheaded","floor":32.0,"key":"SMITH"},{"data":"Buffer","floor":40.0,"key":"SMITH"},{"data":"Coolheaded","floor":42.0,"key":"SMITH"},{"data":"Amplify","floor":44.0,"key":"SMITH"},{"floor":49.0,"key":"RECALL"},{"data":"Hologram","floor":53.0,"key":"SMITH"}],"neow_cost":"TEN_PERCENT_HP_LOSS","seed_source_timestamp":20245981778054,"circlet_count":0,"master_deck":["AscendersBane","Strike_B","Strike_B","Strike_B+1","Defend_B","Defend_B+1","Defend_B","Defend_B","Zap+1","Dualcast","Defragment+1","Defragment+1","Coolheaded+1","Amplify+1","Recycle+1","Electrodynamics","Undo","Coolheaded+1","Hologram+1","Defragment+1","Core Surge","Defragment+1","Cold Snap","Buffer+1","Double Energy","White Noise","Chill","Defragment+1","Glacier"],"special_seed":0,"relics":["Cracked Core","Ice Cream","Ancient Tea Set","Pocketwatch","Calipers","Question Card","Cursed Key","Nunchaku","Cables","Orichalcum","Smiling Mask","Inserter","Juzu Bracelet","DollysMirror","Anchor"],"potions_floor_usage":[55,55],"damage_taken":[{"damage":14.0,"enemies":"Small Slimes","floor":1.0,"turns":4.0},{"damage":1.0,"enemies":"Cultist","floor":2.0,"turns":3.0},{"damage":2.0,"enemies":"Jaw Worm","floor":5.0,"turns":3.0},{"damage":0.0,"enemies":"3 Sentries","floor":11.0,"turns":9.0},{"damage":9.0,"enemies":"Large Slime","floor":13.0,"turns":4.0},{"damage":0.0,"enemies":"Lagavulin","floor":14.0,"turns":13.0},{"damage":0.0,"enemies":"Hexaghost","floor":16.0,"turns":7.0},{"damage":1.0,"enemies":"3 Byrds","floor":18.0,"turns":3.0},{"damage":12.0,"enemies":"Colosseum Slavers","floor":19.0,"turns":3.0},{"damage":3.0,"enemies":"Colosseum Nobs","floor":19.0,"turns":4.0},{"damage":11.0,"enemies":"Shell Parasite","floor":20.0,"turns":8.0},{"damage":0.0,"enemies":"Sentry and Sphere","floor":21.0,"turns":3.0},{"damage":25.0,"enemies":"Slavers","floor":23.0,"turns":3.0},{"damage":0.0,"enemies":"Snake Plant","floor":25.0,"turns":4.0},{"damage":0.0,"enemies":"Snecko","floor":28.0,"turns":5.0},{"damage":0.0,"enemies":"Sentry and Sphere","floor":30.0,"turns":6.0},{"damage":7.0,"enemies":"Shelled Parasite and Fungi","floor":31.0,"turns":5.0},{"damage":0.0,"enemies":"Collector","floor":33.0,"turns":11.0},{"damage":0.0,"enemies":"Orb Walker","floor":35.0,"turns":3.0},{"damage":0.0,"enemies":"3 Darklings","floor":38.0,"turns":4.0},{"damage":23.0,"enemies":"4 Shapes","floor":39.0,"turns":4.0},{"damage":1.0,"enemies":"Giant Head","floor":41.0,"turns":13.0},{"damage":0.0,"enemies":"Spire Growth","floor":45.0,"turns":4.0},{"damage":0.0,"enemies":"Maw","floor":46.0,"turns":6.0},{"damage":18.0,"enemies":"Awakened One","floor":50.0,"turns":17.0},{"damage":10.0,"enemies":"Donu and Deca","floor":51.0,"turns":6.0},{"damage":36,"enemies":"Shield and Spear","floor":55,"turns":5},{"damage":10,"enemies":"The Heart","floor":56,"turns":2}],"seed_played":"9001023451106861533","potions_obtained":[{"floor":1.0,"key":"FearPotion"},{"floor":2.0,"key":"SteroidPotion"},{"floor":5.0,"key":"SkillPotion"},{"floor":13.0,"key":"LiquidBronze"},{"floor":16.0,"key":"Fire Potion"},{"floor":21.0,"key":"SkillPotion"},{"floor":25.0,"key":"Explosive Potion"},{"floor":31.0,"key":"Fire Potion"}],"is_trial":false,"path_per_floor":["M","M","?","$","M","R","$","?","T","R","E","?","M","E","R","B",null,"M","?","M","M","$","E","R","M","T","R","M","R","M","M","R","B",null,"M","?","?","M","M","R","E","R","T","R","M","M","$","?","R","B","B",null,"R","$","E","B"],"character_chosen":"DEFECT","items_purchased":["Defragment","Coolheaded","Defragment","Orichalcum","Weak Potion","DollysMirror"],"campfire_rested":1,"item_purchase_floors":[4,7,22,22,22,47],"current_hp_per_floor":[50,49,49,49,47,47,47,28,28,28,28,28,19,19,19,19,53,52,37,26,26,26,1,20,20,20,20,20,20,20,13,13,13,51,51,51,51,51,28,28,27,27,27,27,27,27,27,52,52,34,24,45,45,45,9,0],"gold":48,"neow_bonus":"ONE_RARE_RELIC","is_prod":false,"is_daily":false,"chose_seed":false,"campfire_upgraded":10,"win_rate":0,"timestamp":1552547029,"path_taken":["M","M","?","?","?","R","?","?","T","R","E","?","M","E","R","BOSS","M","?","M","M","$","E","R","M","T","R","M","R","M","M","R","BOSS","M","?","?","M","M","R","E","R","T","R","M","M","$","?","R","BOSS","BOSS","R","$","E","BOSS"],"build_version":"2019-01-23","purchased_purges":2,"victory":false,"max_hp_per_floor":[64,64,64,64,64,64,64,64,64,64,64,64,64,64,64,64,64,64,64,64,64,64,64,64,64,64,64,64,64,64,64,64,64,64,64,64,64,64,64,64,64,64,64,64,64,64,64,52,52,52,52,52,52,52,52,52],"card_choices":[{"not_picked":["Gash","Rebound","Force Field"],"picked":"SKIP","floor":1.0},{"not_picked":["Redo","Reprogram"],"picked":"Defragment","floor":2.0},{"not_picked":["Steam","Leap","Compile Driver"],"picked":"SKIP","floor":5.0},{"not_picked":["Cold Snap","Scrape"],"picked":"Amplify","floor":11.0},{"not_picked":["Fusion","Barrage"],"picked":"Recycle","floor":13.0},{"not_picked":["Sweeping Beam","Stack","Leap"],"picked":"SKIP","floor":14.0},{"not_picked":["Fission","Machine Learning","Seek"],"picked":"Electrodynamics","floor":16.0},{"not_picked":["Turbo","Ball Lightning","Recycle+1"],"picked":"Undo","floor":18.0},{"not_picked":["Steam","Compile Driver","Ball Lightning"],"picked":"Coolheaded","floor":19.0},{"not_picked":["Conserve Battery","Redo","Leap","Steam Power"],"picked":"SKIP","floor":20.0},{"not_picked":["Go for the Eyes","Hologram","Gash","Storm"],"picked":"SKIP","floor":21.0},{"not_picked":["Go for the Eyes","Gash","Storm"],"picked":"Hologram","floor":21.0},{"not_picked":["Double Energy","Ball Lightning","Steam"],"picked":"Core Surge","floor":23.0},{"not_picked":["Compile Driver","Coolheaded","Gash"],"picked":"Defragment","floor":25.0},{"not_picked":["Rebound","Storm","Streamline"],"picked":"Cold Snap","floor":28.0},{"not_picked":["Tempest+1","Barrage+1","Rebound","Sunder"],"picked":"SKIP","floor":30.0},{"not_picked":["Steam","Stack","Gash","Compile Driver+1"],"picked":"SKIP","floor":31.0},{"not_picked":["Meteor Strike","Electrodynamics","Core Surge"],"picked":"Buffer","floor":33.0},{"not_picked":["Aggregate+1","Leap","Redo","Stack+1"],"picked":"SKIP","floor":35.0},{"not_picked":["Stack+1","Darkness","Conserve Battery"],"picked":"Double Energy","floor":38.0},{"not_picked":["Go for the Eyes","Aggregate","Lockon+1","Sweeping Beam"],"picked":"SKIP","floor":39.0},{"not_picked":["Leap+1","Heatsinks","Genetic Algorithm+1"],"picked":"White Noise","floor":41.0},{"not_picked":["Turbo+1","Leap","Chill","Sunder+1"],"picked":"SKIP","floor":45.0},{"not_picked":["Turbo+1","Leap","Sunder+1"],"picked":"Chill","floor":45.0},{"not_picked":["Steam+1","Rebound","Doom and Gloom","Streamline"],"picked":"SKIP","floor":46.0},{"not_picked":["Redo","Conserve Battery+1","Ball Lightning"],"picked":"Glacier","floor":55}],"player_experience":3581442,"relics_obtained":[{"floor":9.0,"key":"Ancient Tea Set"},{"floor":11.0,"key":"Pocketwatch"},{"floor":14.0,"key":"Question Card"},{"floor":19.0,"key":"Nunchaku"},{"floor":19.0,"key":"Cables"},{"floor":23.0,"key":"Smiling Mask"},{"floor":41.0,"key":"Juzu Bracelet"},{"floor":55,"key":"Anchor"}],"event_choices":[{"damage_healed":0.0,"max_hp_gain":0.0,"max_hp_loss":0.0,"gold_gain":0.0,"event_name":"Upgrade Shrine","player_choice":"Upgraded","floor":3.0,"gold_loss":0.0,"damage_taken":0.0,"cards_upgraded":["Defragment"]},{"damage_healed":0.0,"max_hp_gain":0.0,"max_hp_loss":0.0,"gold_gain":0.0,"event_name":"Shining Light","player_choice":"Entered Light","floor":8.0,"gold_loss":0.0,"damage_taken":19.0,"cards_upgraded":["Defend_B","Strike_B"]},{"damage_healed":0.0,"max_hp_gain":0.0,"max_hp_loss":0.0,"gold_gain":30.0,"event_name":"Dead Adventurer","player_choice":"Searched \u00272\u0027 times","floor":12.0,"gold_loss":0.0,"damage_taken":0.0,"relics_obtained":["Calipers"]},{"damage_healed":0.0,"max_hp_gain":0.0,"max_hp_loss":0.0,"gold_gain":0.0,"event_name":"Colosseum","player_choice":"Fight","floor":19.0,"gold_loss":0.0,"damage_taken":0.0},{"damage_healed":0.0,"max_hp_gain":0.0,"max_hp_loss":0.0,"gold_gain":0.0,"event_name":"Colosseum","player_choice":"Fought Nobs","floor":19.0,"gold_loss":0.0,"damage_taken":0.0},{"damage_healed":0.0,"max_hp_gain":0.0,"max_hp_loss":0.0,"gold_gain":0.0,"event_name":"Tomb of Lord Red Mask","player_choice":"Ignored","floor":36.0,"gold_loss":0.0,"damage_taken":0.0},{"damage_healed":0.0,"max_hp_gain":0.0,"max_hp_loss":0.0,"gold_gain":0.0,"event_name":"Mysterious Sphere","player_choice":"Ignored","floor":37.0,"gold_loss":0.0,"damage_taken":0.0},{"damage_healed":52.0,"max_hp_gain":0.0,"max_hp_loss":12.0,"gold_gain":0.0,"event_name":"The Moai Head","player_choice":"Heal","floor":48.0,"gold_loss":0.0,"damage_taken":0.0}],"is_beta":false,"boss_relics":[{"not_picked":["Calling Bell","Sozu"],"picked":"Cursed Key"},{"not_picked":["White Beast Statue","Philosopher\u0027s Stone"],"picked":"Inserter"}],"items_purged_floors":[22,47],"is_endless":false,"potions_floor_spawned":[1,2,5,13,16,19,21,25,31,38,39],"killed_by":"The Heart","ascension_level":20}