{"gold_per_floor":[118,129,142,62,212,212,228,228,228,228,246,246,74,15,15,15],"floor_reached":16,"playtime":419,"items_purged":["Strike_R"],"score":180,"play_id":"b8ba37e0-4cce-44e7-beca-730f3969e367","local_time":"20190222200717","is_ascension_mode":true,"campfire_choices":[{"data":"Body Slam","floor":6,"key":"SMITH"},{"data":"Entrench","floor":8,"key":"SMITH"},{"data":"Second Wind","floor":10,"key":"SMITH"},{"data":"True Grit","floor":15,"key":"SMITH"}],"neow_cost":"NONE","seed_source_timestamp":35354069408729,"circlet_count":0,"master_deck":["AscendersBane","Strike_R","Strike_R","Strike_R","Defend_R","Defend_R","Defend_R","Defend_R","Bash","Offering","Flex","Body Slam+1","Second Wind+1","Doubt","Entrench+1","Ghostly Armor","Flash of Steel","True Grit+1"],"relics":["Burning Blood"],"potions_floor_usage":[16],"damage_taken":[{"damage":6,"enemies":"Cultist","floor":1,"turns":2},{"damage":10,"enemies":"Jaw Worm","floor":2,"turns":5},{"damage":8,"enemies":"2 Louse","floor":3,"turns":3},{"damage":14,"enemies":"Blue Slaver","floor":7,"turns":3},{"damage":3,"enemies":"2 Fungi Beasts","floor":11,"turns":4},{"damage":38,"enemies":"Hexaghost","floor":16,"turns":9}],"seed_played":"5512284253297223108","potions_obtained":[{"floor":3,"key":"Swift Potion"},{"floor":7,"key":"SneckoOil"},{"floor":11,"key":"Dexterity Potion"}],"is_trial":false,"path_per_floor":["M","M","M","$","?","R","M","R","T","R","M","?","$","$","R","B"],"character_chosen":"IRONCLAD","items_purchased":["Second Wind","Flash of Steel","True Grit"],"campfire_rested":0,"item_purchase_floors":[4,13,14],"current_hp_per_floor":[68,64,62,62,62,62,54,54,54,54,57,57,57,57,57,19],"gold":15,"neow_bonus":"ONE_RANDOM_RARE_CARD","is_prod":false,"is_daily":false,"chose_seed":false,"campfire_upgraded":4,"win_rate":0,"timestamp":1550837237,"path_taken":["M","?","M","$","?","R","M","R","T","R","M","?","?","$","R","BOSS"],"build_version":"2019-01-23","purchased_purges":1,"victory":false,"max_hp_per_floor":[75,75,75,75,75,75,75,75,75,75,75,75,75,75,75,75],"card_choices":[{"not_picked":["Pommel Strike","Thunderclap","Combust"],"picked":"SKIP","floor":1},{"not_picked":["Bloodletting","Ghostly Armor"],"picked":"Flex","floor":2},{"not_picked":["Clash","Sword Boomerang"],"picked":"Body Slam","floor":3},{"not_picked":["Battle Trance","Armaments"],"picked":"Entrench","floor":7},{"not_picked":["Carnage","Havoc","Flex"],"picked":"SKIP","floor":11}],"player_experience":3053817,"relics_obtained":[],"event_choices":[{"damage_healed":0,"gold_gain":150,"player_choice":"AGREE","damage_taken":0,"max_hp_gain":0,"max_hp_loss":0,"event_name":"Liars Game","floor":5,"gold_loss":0,"cards_obtained":["Doubt"]},{"damage_healed":0,"gold_gain":0,"cards_transformed":["Strike_R"],"player_choice":"Change","damage_taken":0,"max_hp_gain":0,"max_hp_loss":0,"event_name":"Living Wall","floor":12,"gold_loss":0,"cards_obtained":["Ghostly Armor"]}],"is_beta":false,"boss_relics":[],"items_purged_floors":[13],"is_endless":false,"potions_floor_spawned":[3,7,11],"killed_by":"Hexaghost","ascension_level":20}