{"gold_per_floor":[118,138,63,78,96,96,96,108,108,183,196,225,225,225,225,348,348,372,386,401,419,419,419,435,22,22,47,47,47],"floor_reached":29,"playtime":1704,"items_purged":["Strike_R","Injury"],"score":229,"play_id":"9c2f8bf6-6b0d-4166-beff-d00cdac10c63","local_time":"20190806232439","is_ascension_mode":false,"campfire_choices":[{"data":"Body Slam","floor":6,"key":"SMITH"},{"data":"Headbutt","floor":13,"key":"SMITH"},{"floor":15,"key":"REST"},{"floor":23,"key":"REST"}],"neow_cost":"NONE","seed_source_timestamp":96630431463600,"circlet_count":0,"master_deck":["Strike_R","Strike_R","Defend_R","Defend_R","Defend_R","Defend_R","Bash","Body Slam+1","Clothesline","Headbutt+1","Double Tap","Warcry","Bludgeon","Brutality","Pommel Strike+1","Carnage+1","Pommel Strike","Ghostly Armor","Armaments","Shrug It Off","Second Wind"],"relics":["Burning Blood","NeowsBlessing","Matryoshka","Mercury Hourglass","Golden Idol","Snecko Eye","Nilry\u0027s Codex","Membership Card","Incense Burner","Regal Pillow","Letter Opener"],"potions_floor_usage":[],"damage_taken":[{"damage":0,"enemies":"Small Slimes","floor":1,"turns":1},{"damage":0,"enemies":"2 Louse","floor":2,"turns":1},{"damage":0,"enemies":"Cultist","floor":4,"turns":1},{"damage":14,"enemies":"Blue Slaver","floor":5,"turns":4},{"damage":12,"enemies":"2 Fungi Beasts","floor":8,"turns":3},{"damage":10,"enemies":"Looter","floor":11,"turns":3},{"damage":31,"enemies":"Lagavulin","floor":12,"turns":8},{"damage":30,"enemies":"Slime Boss","floor":16,"turns":9},{"damage":23,"enemies":"3 Byrds","floor":18,"turns":4},{"damage":6,"enemies":"Chosen","floor":19,"turns":3},{"damage":21,"enemies":"Snake Plant","floor":20,"turns":2},{"damage":22,"enemies":"Centurion and Healer","floor":21,"turns":3},{"damage":35,"enemies":"Shelled Parasite and Fungi","floor":24,"turns":4},{"damage":5,"enemies":"Sentry and Sphere","floor":27,"turns":3},{"damage":12,"enemies":"Colosseum Slavers","floor":29,"turns":2}],"seed_played":"-4704961684407589050","potions_obtained":[{"floor":1,"key":"SpeedPotion"},{"floor":11,"key":"PowerPotion"},{"floor":18,"key":"Fire Potion"},{"floor":20,"key":"LiquidBronze"},{"floor":27,"key":"Regen Potion"}],"is_trial":false,"path_per_floor":["M","M","$","M","M","R","$","M","T","?","M","E","R","?","R","B",null,"M","M","M","M","?","R","M","$","T","M","?","?"],"character_chosen":"IRONCLAD","items_purchased":["Membership Card","Incense Burner"],"campfire_rested":2,"item_purchase_floors":[25,25],"current_hp_per_floor":[80,80,80,80,72,72,72,66,66,55,51,26,26,26,50,26,80,63,63,48,32,16,40,11,11,11,12,12,0],"gold":47,"neow_bonus":"THREE_ENEMY_KILL","is_prod":false,"is_daily":false,"chose_seed":false,"campfire_upgraded":2,"win_rate":0.0,"timestamp":1565155479,"path_taken":["M","M","$","M","M","R","$","M","T","?","M","E","R","?","R","BOSS","M","M","M","M","?","R","M","$","T","M","?","?"],"build_version":"2019-07-17","purchased_purges":2,"victory":false,"max_hp_per_floor":[80,80,80,80,80,80,80,80,80,80,80,80,80,80,80,80,80,80,80,80,80,80,80,80,80,80,80,80,80],"card_choices":[{"not_picked":["Seeing Red","Wild Strike"],"picked":"Body Slam","floor":1},{"not_picked":["Blood for Blood","Feel No Pain","Heavy Blade"],"picked":"SKIP","floor":2},{"not_picked":["Headbutt","Wild Strike"],"picked":"Clothesline","floor":4},{"not_picked":["Twin Strike","Anger"],"picked":"Headbutt","floor":5},{"not_picked":["Iron Wave","Sword Boomerang"],"picked":"Double Tap","floor":8},{"not_picked":["Clash","Twin Strike"],"picked":"Warcry","floor":11},{"not_picked":["Cleave","Body Slam"],"picked":"Bludgeon","floor":12},{"not_picked":["Double Tap","Immolate"],"picked":"Brutality","floor":16},{"not_picked":["Searing Blow","Fire Breathing"],"picked":"Pommel Strike+1","floor":18},{"not_picked":["Dual Wield","Twin Strike"],"picked":"Carnage+1","floor":19},{"not_picked":["Pummel","Inflame"],"picked":"Pommel Strike","floor":20},{"not_picked":["Feel No Pain","Body Slam"],"picked":"Ghostly Armor","floor":21},{"not_picked":["Headbutt","Hemokinesis"],"picked":"Armaments","floor":24},{"not_picked":["Warcry","Twin Strike","Clothesline"],"picked":"SKIP","floor":27}],"player_experience":44495,"relics_obtained":[{"floor":9,"key":"Matryoshka"},{"floor":12,"key":"Mercury Hourglass"},{"floor":22,"key":"Nilry\u0027s Codex"},{"floor":26,"key":"Regal Pillow"},{"floor":26,"key":"Letter Opener"}],"event_choices":[{"damage_healed":0,"gold_gain":75,"player_choice":"Gather Gold","damage_taken":11,"max_hp_gain":0,"max_hp_loss":0,"event_name":"World of Goop","floor":10,"gold_loss":0},{"damage_healed":0,"gold_gain":0,"player_choice":"Take Wound","damage_taken":0,"relics_obtained":["Golden Idol"],"max_hp_gain":0,"max_hp_loss":0,"event_name":"Golden Idol","floor":14,"gold_loss":0,"cards_obtained":["Injury"]},{"damage_healed":0,"gold_gain":0,"player_choice":"Obtained Book","damage_taken":16,"max_hp_gain":0,"max_hp_loss":0,"event_name":"Cursed Tome","floor":22,"gold_loss":0},{"damage_healed":0,"gold_gain":0,"cards_transformed":["Strike_R","Strike_R"],"player_choice":"Became Test Subject","damage_taken":0,"max_hp_gain":0,"max_hp_loss":0,"event_name":"Drug Dealer","floor":28,"gold_loss":0,"cards_obtained":["Shrug It Off","Second Wind"]},{"damage_healed":0,"gold_gain":0,"player_choice":"Fight","damage_taken":0,"max_hp_gain":0,"max_hp_loss":0,"event_name":"Colosseum","floor":29,"gold_loss":0}],"is_beta":false,"boss_relics":[{"not_picked":["Runic Pyramid","Mark of Pain"],"picked":"Snecko Eye"}],"items_purged_floors":[3,25],"is_endless":false,"potions_floor_spawned":[1,11,18,20,21,27],"killed_by":"Colosseum Slavers","ascension_level":0}