{"gold_per_floor":[112,129,129,147,165,194,194,207,234,234,184,217,60,60],"floor_reached":14,"playtime":738,"items_purged":["Strike_G","Strike_G"],"score":200,"play_id":"7c7bdffe-d818-40a8-bc6a-d1baca53b1e5","local_time":"20190720015622","is_ascension_mode":true,"campfire_choices":[{"floor":7,"key":"REST"}],"neow_cost":"NONE","seed_source_timestamp":20568349799138,"circlet_count":0,"master_deck":["AscendersBane","Strike_G","Strike_G","Defend_G","Defend_G","Defend_G","Defend_G","Defend_G","Survivor","Neutralize","Crippling Poison","Dagger Throw","Predator","Catalyst","Dagger Throw","Deadly Poison","Bandage Up"],"relics":["Ring of the Snake","Omamori","Bronze Scales","Smiling Mask","Golden Idol","Pen Nib"],"potions_floor_usage":[6,12,12],"damage_taken":[{"damage":10,"enemies":"Cultist","floor":1,"turns":5},{"damage":5,"enemies":"Small Slimes","floor":2,"turns":5},{"damage":0,"enemies":"Jaw Worm","floor":4,"turns":6},{"damage":3,"enemies":"2 Fungi Beasts","floor":5,"turns":4},{"damage":28,"enemies":"3 Sentries","floor":6,"turns":13},{"damage":6,"enemies":"Looter","floor":8,"turns":3},{"damage":22,"enemies":"Lagavulin","floor":12,"turns":5},{"damage":11,"enemies":"Large Slime","floor":14,"turns":6}],"seed_played":"-2537249326779529264","potions_obtained":[{"floor":4,"key":"FearPotion"},{"floor":5,"key":"Block Potion"},{"floor":6,"key":"Strength Potion"}],"is_trial":false,"path_per_floor":["M","M","?","M","M","E","R","M","T","?","$","E","$","M"],"character_chosen":"THE_SILENT","items_purchased":["Bandage Up"],"campfire_rested":1,"item_purchase_floors":[13],"current_hp_per_floor":[49,44,44,44,41,13,32,26,26,26,26,4,4,0],"gold":60,"neow_bonus":"REMOVE_CARD","is_prod":false,"is_daily":false,"chose_seed":false,"campfire_upgraded":0,"win_rate":0,"timestamp":1563580582,"path_taken":["M","?","?","?","M","E","R","M","T","?","$","E","?","M"],"build_version":"2019-07-17","purchased_purges":2,"victory":false,"max_hp_per_floor":[66,66,66,66,66,66,66,66,66,60,60,60,60,60],"card_choices":[{"not_picked":["Bane","Deflect"],"picked":"Infinite Blades","floor":1},{"not_picked":["Poisoned Stab","Terror"],"picked":"Crippling Poison","floor":2},{"not_picked":["Dagger Spray","Blade Dance"],"picked":"Dagger Throw","floor":4},{"not_picked":["Flying Knee","Crippling Poison"],"picked":"Predator","floor":5},{"not_picked":["Finisher","Tactician"],"picked":"Catalyst","floor":6},{"not_picked":["Grand Finale","Expertise"],"picked":"Dagger Throw","floor":8},{"not_picked":["Poisoned Stab","Setup"],"picked":"Deadly Poison","floor":12}],"player_experience":719737,"relics_obtained":[{"floor":6,"key":"Bronze Scales"},{"floor":9,"key":"Smiling Mask"},{"floor":12,"key":"Pen Nib"}],"event_choices":[{"cards_removed":["Infinite Blades"],"damage_healed":0,"gold_gain":0,"player_choice":"Gave Card","damage_taken":0,"relics_obtained":["Omamori"],"max_hp_gain":0,"max_hp_loss":0,"event_name":"WeMeetAgain","floor":3,"gold_loss":0},{"damage_healed":0,"gold_gain":0,"player_choice":"Lose Max HP","damage_taken":0,"relics_obtained":["Golden Idol"],"max_hp_gain":0,"max_hp_loss":6,"event_name":"Golden Idol","floor":10,"gold_loss":0}],"is_beta":false,"boss_relics":[],"items_purged_floors":[11,13],"is_endless":false,"potions_floor_spawned":[4,5,6],"killed_by":"Large Slime","ascension_level":20}