{"gold_per_floor":[109,54,54,54,54,54,87,102,102,131,131,149,149,61,61,61],"floor_reached":16,"playtime":518,"items_purged":[],"score":212,"play_id":"eb54c7b9-1a78-41a0-9cdc-3825841ca266","local_time":"20181022000943","is_ascension_mode":true,"campfire_choices":[{"data":"Metallicize","floor":6,"key":"SMITH"},{"data":"Disarm","floor":11,"key":"SMITH"},{"data":"Sword Boomerang","floor":13,"key":"SMITH"},{"data":"Limit Break","floor":15,"key":"SMITH"}],"neow_cost":"NONE","seed_source_timestamp":140747942652315,"circlet_count":0,"master_deck":["Strike_R","Strike_R","Strike_R","Strike_R","Defend_R","Defend_R","Defend_R","Bash","AscendersBane","Metallicize+1","Shrug It Off","Disarm+1","Twin Strike","Thunderclap","Sword Boomerang+1","Limit Break+1"],"relics":["Burning Blood","BatchProcessingSystem","Motorcycle","Mango","Omamori"],"potions_floor_usage":[10],"damage_taken":[{"damage":1,"enemies":"2 Louse","floor":1,"turns":3},{"damage":39,"enemies":"3 Sentries","floor":7,"turns":19},{"damage":0,"enemies":"Cultist","floor":8,"turns":5},{"damage":19,"enemies":"Lagavulin","floor":10,"turns":10},{"damage":0,"enemies":"Small Slimes","floor":12,"turns":3},{"damage":16,"enemies":"The Guardian","floor":16,"turns":3}],"seed_played":"2670602476640344768","potions_obtained":[{"floor":1,"key":"SteroidPotion"}],"is_trial":false,"path_per_floor":["M","$","?","?","?","R","E","M","T","E","R","M","R","$","R"],"character_chosen":"IRONCLAD","items_purchased":["Shrug It Off","Limit Break"],"campfire_rested":0,"item_purchase_floors":[2,14],"current_hp_per_floor":[73,73,78,78,71,71,38,44,58,45,45,51,51,51,51,35],"gold":61,"neow_bonus":"THREE_CARDS","is_prod":false,"is_daily":false,"chose_seed":false,"campfire_upgraded":4,"win_rate":0,"timestamp":1540138183,"path_taken":["M","$","?","?","?","R","E","?","T","E","R","M","R","$","R","BOSS"],"build_version":"2018-10-18","purchased_purges":0,"victory":false,"max_hp_per_floor":[75,75,80,80,80,80,80,80,94,94,94,94,94,94,94,94],"card_choices":[{"not_picked":["Bloodletting","Body Slam"],"picked":"Metallicize","floor":1},{"not_picked":["Warcry","True Grit"],"picked":"Disarm","floor":7},{"not_picked":["Infernal Blade","Shockwave"],"picked":"Twin Strike","floor":8},{"not_picked":["Infernal Blade","Pommel Strike"],"picked":"Thunderclap","floor":10},{"not_picked":["Seeing Red","Clash"],"picked":"Sword Boomerang","floor":12}],"player_experience":354998,"relics_obtained":[{"floor":7,"key":"Motorcycle"},{"floor":9,"key":"Mango"},{"floor":10,"key":"Omamori"}],"event_choices":[{"damage_healed":0,"gold_gain":0,"player_choice":"Donut","damage_taken":0,"max_hp_gain":5,"max_hp_loss":0,"event_name":"Big Fish","floor":3,"gold_loss":0},{"cards_removed":["Defend_R"],"damage_healed":0,"gold_gain":0,"player_choice":"Offered Basic","damage_taken":0,"max_hp_gain":0,"max_hp_loss":0,"event_name":"Bonfire Elementals","floor":4,"gold_loss":0},{"cards_removed":["Strike_R"],"damage_healed":0,"gold_gain":0,"player_choice":"Card Removal","damage_taken":7,"max_hp_gain":0,"max_hp_loss":0,"event_name":"Golden Wing","floor":5,"gold_loss":0}],"is_beta":false,"boss_relics":[],"items_purged_floors":[],"is_endless":false,"potions_floor_spawned":[1],"killed_by":"The Guardian","ascension_level":20}