{"path_per_floor":["M","?","M","M","M","E","M","?","T","R","$","R","E","M","R","B",null,"M","?","?","M","M","R","?","?","T","?","R","M","$","M","R","B",null,"M","M","?","M","M","E","R","E","T","$","M","M","R","M","R","B"],"character_chosen":"THE_SILENT","items_purchased":["War Paint","Happy Flower"],"gold_per_floor":[115,115,128,144,160,189,207,207,230,230,3,3,34,47,47,150,180,190,190,115,132,142,142,142,142,142,142,142,160,60,76,76,178,178,192,202,202,218,233,264,264,296,296,16,31,43,43,60,60,60],"floor_reached":51,"campfire_rested":4,"playtime":1535,"current_hp_per_floor":[63,56,54,54,51,24,24,24,24,24,24,45,42,44,44,31,70,69,53,53,55,43,70,70,70,70,70,70,55,55,51,79,43,81,83,85,85,85,80,53,83,81,81,81,76,80,80,82,82,72],"items_purged":["Strike_G","Writhe","Dagger Spray"],"gold":60,"score":1072,"play_id":"9e2b5fb1-f6e8-4b82-ae6d-fec020953c4e","local_time":"20180402201421","is_prod":false,"is_daily":false,"is_ascension_mode":true,"campfire_upgraded":5,"timestamp":1522671261,"path_taken":["M","?","M","M","M","E","M","?","T","R","?","R","E","M","R","BOSS","M","?","?","M","M","R","?","?","T","?","R","M","$","M","R","BOSS","M","M","?","M","M","E","R","E","T","$","M","M","R","M","R","BOSS"],"build_version":"2018-03-29v2","purchased_purges":3,"victory":true,"master_deck":["Survivor+1","Neutralize+1","Calculated Gamble+1","Predator+1","Dagger Throw+1","Terror+1","Grand Finale+1","Well Laid Plans+1","Adrenaline+1","Backflip+1","Reflex+1","Escape Plan+1"],"max_hp_per_floor":[70,70,70,70,70,70,70,70,70,70,70,70,72,74,74,74,81,83,88,88,90,92,92,92,92,92,92,92,92,92,94,94,94,94,96,98,98,98,100,102,102,102,102,102,104,106,106,106,106,106],"relics":["Ring of the Snake","Ornamental Fan","Singing Bowl","War Paint","Oddly Smooth Stone","Tiny House","Bag of Marbles","Bronze Scales","Pandora\u0027s Box","Mummified Hand","Blood Vial","Tingsha","Happy Flower"],"card_choices":[{"not_picked":["Escape Plan","Prepared"],"picked":"Calculated Gamble","floor":3},{"not_picked":["Leg Sweep","Noxious Fumes"],"picked":"Predator","floor":4},{"not_picked":["Acrobatics","Dodge and Roll"],"picked":"Dagger Throw","floor":5},{"not_picked":["Eviscerate","Cloak And Dagger"],"picked":"Terror","floor":6},{"not_picked":["Sucker Punch","PiercingWail"],"picked":"Dagger Spray","floor":7},{"not_picked":["After Image","Envenom"],"picked":"Grand Finale","floor":16},{"not_picked":["Calculated Gamble","PiercingWail"],"picked":"Well Laid Plans","floor":29},{"not_picked":["Doppelganger","Phantasmal Killer"],"picked":"Adrenaline","floor":33},{"not_picked":["Finisher","Flying Knee"],"picked":"Backflip","floor":38},{"not_picked":["Quick Slash","PiercingWail"],"picked":"Reflex","floor":42},{"not_picked":["Poisoned Stab","Cloak And Dagger"],"picked":"Escape Plan","floor":48}],"player_experience":370417,"potions_floor_usage":[6,13,33,33,40,42,50],"damage_taken":[{"damage":0,"enemies":"Small Slimes","floor":1,"turns":3},{"damage":2,"enemies":"Jaw Worm","floor":3,"turns":5},{"damage":0,"enemies":"2 Louse","floor":4,"turns":3},{"damage":3,"enemies":"Looter","floor":5,"turns":3},{"damage":27,"enemies":"3 Sentries","floor":6,"turns":7},{"damage":0,"enemies":"2 Fungi Beasts","floor":7,"turns":3},{"damage":5,"enemies":"Lagavulin","floor":13,"turns":4},{"damage":0,"enemies":"3 Louse","floor":14,"turns":2},{"damage":13,"enemies":"The Guardian","floor":16,"turns":10},{"damage":3,"enemies":"Chosen","floor":18,"turns":4},{"damage":0,"enemies":"Spheric Guardian","floor":21,"turns":2},{"damage":14,"enemies":"Centurion and Healer","floor":22,"turns":5},{"damage":15,"enemies":"Snake Plant","floor":29,"turns":3},{"damage":6,"enemies":"Snecko","floor":31,"turns":5},{"damage":36,"enemies":"Collector","floor":33,"turns":6},{"damage":0,"enemies":"3 Darklings","floor":35,"turns":1},{"damage":0,"enemies":"3 Shapes","floor":36,"turns":1},{"damage":0,"enemies":"3 Darklings","floor":38,"turns":1},{"damage":7,"enemies":"Sphere and 2 Shapes","floor":39,"turns":2},{"damage":29,"enemies":"2 Orb Walkers","floor":40,"turns":5},{"damage":2,"enemies":"Nemesis","floor":42,"turns":3},{"damage":9,"enemies":"Maw","floor":45,"turns":4},{"damage":0,"enemies":"3 Darklings","floor":46,"turns":1},{"damage":0,"enemies":"Sphere and 2 Shapes","floor":48,"turns":1},{"damage":12,"enemies":"Time Eater","floor":50,"turns":3}],"event_choices":[{"event_name":"Golden Wing","player_choice":"Card Removal","floor":2,"damage_taken":0},{"event_name":"Liars Game","player_choice":"disagreed","floor":8,"damage_taken":0},{"event_name":"Forgotten Altar","player_choice":"Shed Blood","floor":19,"damage_taken":0},{"event_name":"Beggar","player_choice":"Gave Gold","floor":20,"damage_taken":0},{"event_name":"Drug Dealer","player_choice":"Ignored","floor":24,"damage_taken":0},{"event_name":"The Mausoleum","player_choice":"Yes","floor":25,"damage_taken":0},{"event_name":"Vampires","player_choice":"Ignored","floor":27,"damage_taken":0},{"event_name":"Tomb of Lord Red Mask","player_choice":"Ignored","floor":37,"damage_taken":0}],"boss_relics":[{"not_picked":["Cursed Key","Snecko Eye"],"picked":"Tiny House"},{"not_picked":["White Beast Statue","Runic Pyramid"],"picked":"Pandora\u0027s Box"}],"potions_floor_spawned":[1,3,6,14,16,21,22,29,36,39,40,45],"seed_played":"6037486255818589421","ascension_level":6,"is_trial":false}