{"path_per_floor":["M","?","?","$","M","E","R","E","T","M","M","?","M","$","R","B",null,"M","?","M","M","?","R","E","$","T","M","?","R","?","M","R","B",null,"M","M","M","M","?","R","E","M","T","M","E","M","M","?","R","B"],"character_chosen":"DEFECT","items_purchased":[],"gold_per_floor":[99,99,99,24,24,24,24,24,24,24,24,24,24,24,24,24,24,24,24,24,24,24,24,24,24,24,24,24,24,24,24,24,24,24,24,24,24,24,24,24,24,24,24,24,24,24,24,24,24,24],"floor_reached":51,"campfire_rested":0,"playtime":3646,"item_purchase_floors":[],"current_hp_per_floor":[74,67,67,67,67,59,59,59,59,59,59,59,59,59,59,41,75,63,52,52,52,52,52,49,49,49,52,52,52,52,52,52,25,52,52,35,28,52,45,45,44,52,52,48,43,52,52,52,52,30],"items_purged":["Defend_B"],"gold":24,"score":741,"play_id":"3e068a25-8be9-459c-a8f7-eaf1f26daff5","local_time":"20180617185715","is_prod":false,"is_daily":false,"chose_seed":false,"is_ascension_mode":false,"campfire_upgraded":7,"win_rate":0,"timestamp":1529254635,"campfire_choices":[{"data":"Buffer","floor":7.0,"key":"SMITH"},{"data":"Turbo","floor":15.0,"key":"SMITH"},{"data":"Meteor Strike","floor":23.0,"key":"SMITH"},{"data":"Bite","floor":29.0,"key":"SMITH"},{"data":"Sweeping Beam","floor":32.0,"key":"SMITH"},{"data":"Glacier","floor":40,"key":"SMITH"},{"data":"Dualcast","floor":49,"key":"SMITH"}],"path_taken":["M","?","?","$","M","E","R","E","T","?","M","?","?","$","R","BOSS","M","?","M","?","?","R","E","$","T","M","?","R","?","M","R","BOSS","M","M","M","M","?","R","E","M","T","M","E","M","M","?","R","BOSS"],"build_version":"2018-06-14v2","seed_source_timestamp":0,"purchased_purges":1,"victory":true,"master_deck":["Defend_B","Defend_B","Defend_B","Zap+1","Dualcast+1","Glacier+1","Buffer+1","Turbo+1","Coolheaded+1","White Noise+1","Glacier+1","Meteor Strike+1","Self Repair","Bite+1","Bite","Bite","Bite","Bite","Rebound+1","White Noise+1","Coolheaded+1","Sweeping Beam+1","Multi-Cast+1","Coolheaded+1","Ball Lightning+1","Madness+1","Madness+1","Compile Driver+1","Hologram+1","Thunder Strike+1","Hologram+1","Melter+1"],"max_hp_per_floor":[75,75,75,75,75,75,75,75,75,75,75,75,75,75,75,75,75,75,52,52,52,52,52,52,52,52,52,52,52,52,52,52,52,52,52,52,52,52,52,52,52,52,52,52,52,52,52,52,52,52],"special_seed":0,"relics":["Ectoplasm","Meat on the Bone","Ice Cream","Art of War","Toxic Egg 2","White Beast Statue","Boot","Kunai","Potion Belt","Nuclear Battery","Molten Egg 2","Centennial Puzzle","Ornamental Fan"],"card_choices":[{"not_picked":["Redo","Conserve Battery"],"picked":"Glacier","floor":1.0},{"not_picked":["Loop","Rebound"],"picked":"Gash","floor":5.0},{"not_picked":["Electrodynamics","Leap"],"picked":"Buffer","floor":6.0},{"not_picked":["Stack","BootSequence"],"picked":"Turbo","floor":8.0},{"not_picked":["Redo+1","Hologram+1"],"picked":"Coolheaded+1","floor":10.0},{"not_picked":["Go for the Eyes","Scrape"],"picked":"White Noise+1","floor":11.0},{"not_picked":["Cold Snap","FTL"],"picked":"Glacier+1","floor":13.0},{"not_picked":["Electrodynamics","Reboot+1"],"picked":"Meteor Strike","floor":16.0},{"not_picked":["Stack+1","Defragment"],"picked":"Self Repair","floor":18.0},{"not_picked":["Turbo+1","Chaos+1"],"picked":"Rebound+1","floor":20.0},{"not_picked":["Steam+1","Scrape"],"picked":"White Noise+1","floor":21.0},{"not_picked":["Turbo+1","Sweeping Beam"],"picked":"Coolheaded+1","floor":24.0},{"not_picked":["Loop","Genetic Algorithm+1","Ball Lightning"],"picked":"SKIP","floor":27.0},{"not_picked":["Darkness+1","Leap+1"],"picked":"Sweeping Beam","floor":31.0},{"not_picked":["Meteor Strike","Seek+1"],"picked":"Multi-Cast+1","floor":33},{"not_picked":["Conserve Battery+1","FTL","Redo+1"],"picked":"SKIP","floor":35},{"not_picked":["Stack+1","Sweeping Beam","Redo+1"],"picked":"SKIP","floor":36},{"not_picked":["Chill+1","Self Repair"],"picked":"Coolheaded+1","floor":37},{"not_picked":["Go for the Eyes","Conserve Battery+1"],"picked":"Ball Lightning+1","floor":38},{"not_picked":["Biased Cognition","Ball Lightning"],"picked":"Compile Driver+1","floor":41},{"not_picked":["Go for the Eyes+1","Fusion+1","Gash+1"],"picked":"SKIP","floor":42},{"not_picked":["Rip and Tear+1","Conserve Battery+1"],"picked":"Hologram+1","floor":44},{"not_picked":["Chaos+1","Reboot+1"],"picked":"Thunder Strike+1","floor":45},{"not_picked":["Compile Driver+1","Stack+1"],"picked":"Hologram+1","floor":46},{"not_picked":["Reinforced Body+1","Cold Snap+1"],"picked":"Melter+1","floor":47}],"player_experience":247362,"potions_floor_usage":[33,33,36,42,42,46,50,50],"damage_taken":[{"damage":1.0,"enemies":"Jaw Worm","floor":1.0,"turns":4.0},{"damage":0.0,"enemies":"2 Louse","floor":5.0,"turns":3.0},{"damage":8.0,"enemies":"3 Sentries","floor":6.0,"turns":10.0},{"damage":0.0,"enemies":"Lagavulin","floor":8.0,"turns":8.0},{"damage":0.0,"enemies":"Cultist","floor":10.0,"turns":3.0},{"damage":0.0,"enemies":"Blue Slaver","floor":11.0,"turns":4.0},{"damage":0.0,"enemies":"Gremlin Gang","floor":13.0,"turns":5.0},{"damage":30.0,"enemies":"Hexaghost","floor":16.0,"turns":17.0},{"damage":12.0,"enemies":"Shell Parasite","floor":18.0,"turns":7.0},{"damage":0.0,"enemies":"Spheric Guardian","floor":20.0,"turns":4.0},{"damage":3.0,"enemies":"Snecko","floor":21.0,"turns":7.0},{"damage":28.0,"enemies":"Slavers","floor":24.0,"turns":8.0},{"damage":8.0,"enemies":"Centurion and Healer","floor":27.0,"turns":6.0},{"damage":0.0,"enemies":"Cultist and Chosen","floor":31.0,"turns":8.0},{"damage":79,"enemies":"Automaton","floor":33,"turns":11},{"damage":12,"enemies":"3 Shapes","floor":35,"turns":6},{"damage":24,"enemies":"3 Darklings","floor":36,"turns":5},{"damage":9,"enemies":"4 Shapes","floor":37,"turns":5},{"damage":0,"enemies":"Maw","floor":38,"turns":7},{"damage":26,"enemies":"Giant Head","floor":41,"turns":8},{"damage":12,"enemies":"Sphere and 2 Shapes","floor":42,"turns":8},{"damage":18,"enemies":"4 Shapes","floor":44,"turns":4},{"damage":22,"enemies":"Nemesis","floor":45,"turns":5},{"damage":12,"enemies":"3 Darklings","floor":46,"turns":7},{"damage":0,"enemies":"Sphere and 2 Shapes","floor":47,"turns":6},{"damage":45,"enemies":"Time Eater","floor":50,"turns":5}],"relics_obtained":[{"floor":6.0,"key":"Ice Cream"},{"floor":8.0,"key":"Art of War"},{"floor":9.0,"key":"Toxic Egg 2"},{"floor":24.0,"key":"Kunai"},{"floor":26.0,"key":"Potion Belt"},{"floor":41,"key":"Molten Egg 2"},{"floor":43,"key":"Centennial Puzzle"},{"floor":45,"key":"Ornamental Fan"}],"event_choices":[{"event_name":"Scrap Ooze","player_choice":"success","floor":2.0,"damage_taken":7.0},{"event_name":"Upgrade Shrine","player_choice":"Upgraded","floor":3.0,"damage_taken":0.0},{"event_name":"Golden Shrine","player_choice":"Pray","floor":12.0,"damage_taken":0.0},{"event_name":"Vampires","player_choice":"Became a vampire","floor":19.0,"damage_taken":0.0},{"event_name":"The Mausoleum","player_choice":"Yes","floor":22.0,"damage_taken":0.0},{"event_name":"Beggar","player_choice":"Ignored","floor":28.0,"damage_taken":0.0},{"event_name":"Wheel of Change","player_choice":"Card Removal","floor":30.0,"damage_taken":0.0},{"event_name":"Winding Halls","player_choice":"Embrace Madness","floor":39,"damage_taken":0},{"event_name":"Accursed Blacksmith","player_choice":"Ignore","floor":48,"damage_taken":0}],"boss_relics":[{"not_picked":["Fusion Hammer","Snecko Eye"],"picked":"White Beast Statue"},{"not_picked":["Busted Crown","Eternal Feather"],"picked":"Nuclear Battery"}],"items_purged_floors":[],"is_endless":false,"potions_floor_spawned":[5,6,10,11,16,18,20,21,24,27,31,33,35,36,37,38,41,42,44,45,46,47],"seed_played":"-7919853748347275027","ascension_level":0,"potions_obtained":[{"floor":5.0,"key":"Fire Potion"},{"floor":6.0,"key":"Poison Potion"},{"floor":10.0,"key":"SpeedPotion"},{"floor":11.0,"key":"PowerPotion"},{"floor":16.0,"key":"Ancient Potion"},{"floor":18.0,"key":"SkillPotion"},{"floor":21.0,"key":"Fire Potion"},{"floor":24.0,"key":"Poison Potion"},{"floor":27.0,"key":"Swift Potion"},{"floor":31.0,"key":"Poison Potion"},{"floor":33,"key":"AttackPotion"},{"floor":35,"key":"Strength Potion"},{"floor":36,"key":"Ancient Potion"},{"floor":37,"key":"Energy Potion"},{"floor":38,"key":"FearPotion"},{"floor":41,"key":"Swift Potion"},{"floor":42,"key":"Poison Potion"},{"floor":44,"key":"Fire Potion"},{"floor":45,"key":"FocusPotion"},{"floor":46,"key":"Weak Potion"}],"is_trial":false}