{"gold_per_floor":[113,38,113,113,125,125,154,71,71,71,87,87,87,104,104,202,202,214,214,43,43,43,75,75,90,90,90,90,100,30,30,30,134,134,149,149,0,0,11,11,111,111,135,10,64,83,23,40,40,40],"floor_reached":51,"playtime":1269,"items_purged":["Strike_R","Strike_R","Shame"],"score":782,"play_id":"885921eb-6bcb-44d7-8b9e-c42b09032e4b","local_time":"20190717024204","is_ascension_mode":false,"campfire_choices":[{"data":"Immolate","floor":6,"key":"SMITH"},{"data":"Bloodletting","floor":10,"key":"SMITH"},{"data":"Juggernaut","floor":13,"key":"SMITH"},{"data":"Trip","floor":15,"key":"SMITH"},{"data":"Immolate","floor":24,"key":"SMITH"},{"data":"Feel No Pain","floor":27,"key":"SMITH"},{"data":"Feel No Pain","floor":32,"key":"SMITH"},{"data":"Demon Form","floor":40,"key":"SMITH"},{"data":"Defend_R","floor":42,"key":"SMITH"},{"data":"Defend_R","floor":49,"key":"SMITH"}],"neow_cost":"NONE","seed_source_timestamp":29624676464962,"circlet_count":0,"master_deck":["Defend_R","Defend_R+1","Defend_R+1","Bash+1","Immolate+1","Feel No Pain+1","Bloodletting+1","Trip+1","Feel No Pain+1","Immolate+1","Battle Trance+1","Dual Wield+1","Corruption+1","Sentinel+1","Spot Weakness+1","Sentinel+1","Ghostly+1","Ghostly+1","Ghostly+1","Ghostly+1","Ghostly+1","Demon Form+1","Shame","Uppercut+1","Impervious+1","Dual Wield+1"],"relics":["Burning Blood","StoneCalendar","Toxic Egg 2","Snecko Eye","Enchiridion","Whetstone","Singing Bowl","Cursed Key","Red Mask","Turnip","Happy Flower","Regal Pillow"],"potions_floor_usage":[50,50,50],"damage_taken":[{"damage":6,"enemies":"Jaw Worm","floor":1,"turns":3},{"damage":1,"enemies":"Small Slimes","floor":5,"turns":3},{"damage":12,"enemies":"3 Sentries","floor":7,"turns":3},{"damage":1,"enemies":"Cultist","floor":11,"turns":3},{"damage":10,"enemies":"Blue Slaver","floor":14,"turns":2},{"damage":45,"enemies":"Hexaghost","floor":16,"turns":7},{"damage":10,"enemies":"3 Byrds","floor":18,"turns":3},{"damage":20,"enemies":"Book of Stabbing","floor":23,"turns":5},{"damage":5,"enemies":"Chosen","floor":25,"turns":2},{"damage":0,"enemies":"Snake Plant","floor":29,"turns":2},{"damage":15,"enemies":"Collector","floor":33,"turns":7},{"damage":0,"enemies":"3 Darklings","floor":35,"turns":3},{"damage":0,"enemies":"Orb Walker","floor":39,"turns":4},{"damage":6,"enemies":"Mind Bloom Boss Battle","floor":41,"turns":4},{"damage":1,"enemies":"Maw","floor":46,"turns":7},{"damage":5,"enemies":"Transient","floor":48,"turns":5},{"damage":4,"enemies":"Donu and Deca","floor":50,"turns":3}],"seed_played":"5674466291009313278","potions_obtained":[{"floor":5,"key":"FearPotion"},{"floor":7,"key":"EssenceOfSteel"},{"floor":18,"key":"SmokeBomb"},{"floor":35,"key":"EssenceOfSteel"}],"is_trial":false,"path_per_floor":["M","$","?","?","M","R","E","$","T","R","M","$","R","M","R","B",null,"M","?","$","?","?","E","R","M","T","R","?","M","$","?","R","B",null,"M","?","?","?","M","R","?","R","T","$","T","M","?","M","R","B",null],"character_chosen":"IRONCLAD","items_purchased":["Trip","Dual Wield+1","Sentinel+1"],"campfire_rested":0,"item_purchase_floors":[8,20,30],"current_hp_per_floor":[80,80,69,69,74,74,68,68,68,68,73,73,73,69,69,30,80,76,76,76,60,80,66,66,67,67,67,67,73,73,40,40,31,40,42,42,42,38,46,46,48,48,48,48,48,52,52,54,54,54],"gold":40,"neow_bonus":"ONE_RANDOM_RARE_CARD","is_prod":false,"is_daily":false,"chose_seed":false,"campfire_upgraded":10,"win_rate":0,"timestamp":1563302524,"path_taken":["M","$","?","?","M","R","E","?","T","R","?","$","R","M","R","BOSS","M","?","$","?","?","E","R","?","T","R","?","?","?","?","R","BOSS","M","?","?","?","M","R","?","R","T","$","?","?","?","?","R","BOSS"],"build_version":"2019-07-05","purchased_purges":3,"victory":true,"max_hp_per_floor":[80,80,80,80,80,80,80,80,80,80,80,80,80,80,80,80,80,80,80,80,80,80,80,80,80,80,80,80,80,80,40,40,40,40,42,42,42,48,50,50,52,52,52,52,52,52,52,54,54,54],"card_choices":[{"not_picked":["Flex","Clash"],"picked":"Feel No Pain","floor":1},{"not_picked":["Twin Strike","Whirlwind"],"picked":"Bloodletting","floor":5},{"not_picked":["Havoc","Flex"],"picked":"Juggernaut","floor":7},{"not_picked":["Sever Soul","Pommel Strike","Anger"],"picked":"SKIP","floor":11},{"not_picked":["Headbutt","Fire Breathing"],"picked":"Feel No Pain","floor":14},{"not_picked":["Bludgeon","Exhume+1"],"picked":"Immolate","floor":16},{"not_picked":["Heavy Blade+1","Thunderclap"],"picked":"Battle Trance+1","floor":18},{"not_picked":["Armaments+1","Wild Strike","Flex+1"],"picked":"SKIP","floor":23},{"not_picked":["Clothesline","Entrench+1"],"picked":"Corruption+1","floor":25},{"not_picked":["Power Through+1","Ghostly Armor+1"],"picked":"Spot Weakness+1","floor":29},{"not_picked":["Reaper","Brutality"],"picked":"Demon Form","floor":33},{"not_picked":["Thunderclap+1","Anger","Pommel Strike"],"picked":"Singing Bowl","floor":35},{"not_picked":["Dramatic Entrance","Enlightenment+1","Master of Strategy+1"],"picked":"Singing Bowl","floor":38},{"not_picked":["Apotheosis+1","Impatience+1","Sadistic Nature"],"picked":"Singing Bowl","floor":38},{"not_picked":["Mind Blast","Sadistic Nature","Flash of Steel"],"picked":"Singing Bowl","floor":38},{"not_picked":["Twin Strike+1","Iron Wave","Shrug It Off+1"],"picked":"Singing Bowl","floor":39},{"not_picked":["Flex+1","Pommel Strike+1","Body Slam"],"picked":"Singing Bowl","floor":41},{"not_picked":["Flame Barrier+1","Cleave"],"picked":"Uppercut+1","floor":46},{"not_picked":["Iron Wave+1","Clothesline+1","Wild Strike+1"],"picked":"Singing Bowl","floor":48}],"player_experience":5738700,"relics_obtained":[{"floor":7,"key":"StoneCalendar"},{"floor":9,"key":"Toxic Egg 2"},{"floor":21,"key":"Enchiridion"},{"floor":23,"key":"Whetstone"},{"floor":26,"key":"Singing Bowl"},{"floor":41,"key":"Turnip"},{"floor":43,"key":"Happy Flower"},{"floor":45,"key":"Regal Pillow"}],"event_choices":[{"damage_healed":0,"gold_gain":75,"player_choice":"Gather Gold","damage_taken":11,"max_hp_gain":0,"max_hp_loss":0,"event_name":"World of Goop","floor":3,"gold_loss":0},{"damage_healed":0,"gold_gain":0,"player_choice":"Ignored","damage_taken":0,"max_hp_gain":0,"max_hp_loss":0,"event_name":"Liars Game","floor":4,"gold_loss":0},{"cards_removed":["Strike_R"],"damage_healed":0,"gold_gain":0,"player_choice":"Offered Basic","damage_taken":0,"max_hp_gain":0,"max_hp_loss":0,"event_name":"Bonfire Elementals","floor":19,"gold_loss":0},{"damage_healed":0,"gold_gain":0,"player_choice":"Obtained Book","damage_taken":16,"max_hp_gain":0,"max_hp_loss":0,"event_name":"Cursed Tome","floor":21,"gold_loss":0},{"damage_healed":20,"gold_gain":0,"player_choice":"Full Heal","damage_taken":0,"max_hp_gain":0,"max_hp_loss":0,"event_name":"Wheel of Change","floor":22,"gold_loss":0},{"damage_healed":0,"gold_gain":0,"cards_transformed":["Strike_R"],"player_choice":"Transformed","damage_taken":0,"max_hp_gain":0,"max_hp_loss":0,"event_name":"Transmorgrifier","floor":28,"gold_loss":0,"cards_obtained":["Sentinel"]},{"damage_healed":0,"gold_gain":0,"player_choice":"Became a Ghost","damage_taken":0,"max_hp_gain":0,"max_hp_loss":40,"event_name":"Ghosts","floor":31,"gold_loss":0,"cards_obtained":["Ghostly","Ghostly","Ghostly","Ghostly","Ghostly"]},{"cards_removed":["Juggernaut"],"damage_healed":0,"gold_gain":0,"player_choice":"Removed Power","damage_taken":0,"max_hp_gain":0,"max_hp_loss":0,"event_name":"Falling","floor":36,"gold_loss":0},{"damage_healed":0,"gold_gain":0,"player_choice":"Paid","damage_taken":0,"relics_obtained":["Red Mask"],"max_hp_gain":0,"max_hp_loss":0,"event_name":"Tomb of Lord Red Mask","floor":37,"gold_loss":149},{"damage_healed":0,"gold_gain":0,"player_choice":"Memory 3","damage_taken":10,"max_hp_gain":0,"max_hp_loss":0,"event_name":"SensoryStone","floor":38,"gold_loss":0},{"damage_healed":0,"gold_gain":0,"player_choice":"Fight","damage_taken":0,"max_hp_gain":0,"max_hp_loss":0,"event_name":"MindBloom","floor":41,"gold_loss":0},{"damage_healed":0,"gold_gain":0,"cards_transformed":["Strike_R","Defend_R"],"player_choice":"Transformed Cards","damage_taken":0,"max_hp_gain":0,"max_hp_loss":0,"event_name":"Designer","floor":47,"gold_loss":60,"cards_obtained":["Impervious","Dual Wield"]}],"is_beta":false,"boss_relics":[{"not_picked":["Velvet Choker","White Beast Statue"],"picked":"Snecko Eye"},{"not_picked":["Runic Dome","Tiny House"],"picked":"Cursed Key"}],"items_purged_floors":[2,20,44],"is_endless":false,"potions_floor_spawned":[5,7,18,23,29,35,39,48],"ascension_level":0}