{"gold_per_floor":[111,123,123,273,52,52,81,81,81,101,113,38,3,33,33,112,112,126,140,172,172,172,172,186,186,259,159,159,159,34,54,54,129,129,141,83,305,305,322,322,342,342],"floor_reached":42,"playtime":1574,"items_purged":["Doubt","Finisher","Flying Knee"],"score":904,"play_id":"1f1f7c50-6d5d-448d-8dd4-9fd99ca48dad","local_time":"20190313222725","is_ascension_mode":true,"campfire_choices":[{"data":"Apotheosis","floor":6.0,"key":"SMITH"},{"floor":8.0,"key":"REST"},{"floor":15.0,"key":"RECALL"},{"data":"Footwork","floor":23.0,"key":"SMITH"},{"floor":25.0,"key":"REST"},{"data":"Caltrops","floor":29.0,"key":"SMITH"},{"data":"Adrenaline","floor":32.0,"key":"SMITH"},{"data":"Acrobatics","floor":40,"key":"SMITH"}],"neow_cost":"PERCENT_DAMAGE","seed_source_timestamp":22650946218396,"circlet_count":0,"master_deck":["AscendersBane","Survivor","Neutralize","Dramatic Entrance","Masterful Stab","Apotheosis+1","Deadly Poison","Burst","Poisoned Stab","Cloak And Dagger","Expertise","Prepared","Envenom","Dagger Spray","Caltrops+1","Footwork+1","Adrenaline+1","Leg Sweep+1","Tools of the Trade","Acrobatics+1"],"special_seed":0,"relics":["Ring of the Snake","ClockworkSouvenir","Anchor","Pen Nib","Omamori","Pandora\u0027s Box","Red Mask","Coffee Dripper"],"potions_floor_usage":[33],"damage_taken":[{"damage":8.0,"enemies":"Jaw Worm","floor":1.0,"turns":7.0},{"damage":0.0,"enemies":"2 Louse","floor":2.0,"turns":3.0},{"damage":20.0,"enemies":"3 Sentries","floor":7.0,"turns":9.0},{"damage":0.0,"enemies":"Small Slimes","floor":10.0,"turns":3.0},{"damage":0.0,"enemies":"Exordium Wildlife","floor":11.0,"turns":3.0},{"damage":7.0,"enemies":"Lagavulin","floor":14.0,"turns":6.0},{"damage":0.0,"enemies":"The Guardian","floor":16.0,"turns":9.0},{"damage":5.0,"enemies":"Spheric Guardian","floor":18.0,"turns":3.0},{"damage":0.0,"enemies":"Chosen","floor":19.0,"turns":3.0},{"damage":0.0,"enemies":"Masked Bandits","floor":20.0,"turns":2.0},{"damage":17.0,"enemies":"Snecko","floor":24.0,"turns":4.0},{"damage":0.0,"enemies":"Chosen and Byrds","floor":31.0,"turns":2.0},{"damage":24,"enemies":"Champ","floor":33,"turns":12},{"damage":0,"enemies":"3 Darklings","floor":35,"turns":4},{"damage":0,"enemies":"3 Shapes","floor":39,"turns":6},{"damage":0,"enemies":"Jaw Worm Horde","floor":41,"turns":6},{"damage":2,"enemies":"Giant Head","floor":42,"turns":5}],"seed_played":"6415784860372251180","potions_obtained":[{"floor":2.0,"key":"Dexterity Potion"},{"floor":7.0,"key":"GamblersBrew"},{"floor":14.0,"key":"GhostInAJar"},{"floor":35,"key":"Swift Potion"}],"is_trial":false,"path_per_floor":["M","M","?","?","$","R","E","R","T","M","M","$","?","E","R","B",null,"M","M","?","?","?","R","M","R","T","$","$","R","$","M","R","B",null,"M","$","?","?","M","R","M","E"],"character_chosen":"THE_SILENT","items_purchased":["ClockworkSouvenir","Acrobatics"],"campfire_rested":2,"item_purchase_floors":[5,36],"current_hp_per_floor":[36,36,36,36,36,36,16,35,35,35,35,35,51,44,44,44,61,56,56,56,38,38,38,21,42,42,42,42,42,42,42,42,18,58,58,58,58,58,58,58,58,56],"gold":342,"neow_bonus":"RANDOM_COLORLESS_2","is_prod":false,"is_daily":false,"chose_seed":false,"campfire_upgraded":5,"win_rate":0,"timestamp":1552487245,"path_taken":["M","M","?","?","$","R","E","R","T","M","M","$","?","E","R","BOSS","M","M","?","?","?","R","M","R","T","?","$","R","$","?","R","BOSS","M","$","?","?","M","R","M","E"],"build_version":"2019-01-23","purchased_purges":3,"victory":false,"max_hp_per_floor":[66,66,66,66,66,66,66,66,66,66,66,66,66,66,66,66,66,66,66,66,71,71,71,71,71,71,71,71,71,71,71,71,71,71,71,71,71,67,67,67,67,67],"card_choices":[{"not_picked":["Dagger Throw","Dodge and Roll"],"picked":"Masterful Stab","floor":1.0},{"not_picked":["PiercingWail","Blur","Prepared"],"picked":"SKIP","floor":2.0},{"not_picked":["Riddle With Holes","Dagger Throw","Masterful Stab"],"picked":"SKIP","floor":7.0},{"not_picked":["Riddle With Holes","Dagger Throw","Masterful Stab"],"picked":"SKIP","floor":7.0},{"not_picked":["Backflip","Dash"],"picked":"Deadly Poison","floor":10.0},{"not_picked":["Deflect","Terror","Blade Dance"],"picked":"SKIP","floor":11.0},{"not_picked":["Prepared","PiercingWail"],"picked":"Deadly Poison","floor":14.0},{"not_picked":["Glass Knife","Doppelganger"],"picked":"Burst","floor":16.0},{"not_picked":["Underhanded Strike","Slice","Cloak And Dagger"],"picked":"SKIP","floor":18.0},{"not_picked":["Flechettes","Slice+1","Unload"],"picked":"SKIP","floor":19.0},{"not_picked":["Choke+1","Eviscerate","Blade Dance+1"],"picked":"SKIP","floor":24.0},{"not_picked":["Outmaneuver","Masterful Stab"],"picked":"Leg Sweep+1","floor":31.0},{"not_picked":["Adrenaline","Envenom"],"picked":"Tools of the Trade","floor":33},{"not_picked":["Underhanded Strike","Poisoned Stab","Infinite Blades+1"],"picked":"SKIP","floor":35},{"not_picked":["Skewer","Deadly Poison","Noxious Fumes"],"picked":"SKIP","floor":39},{"not_picked":["Riddle With Holes+1","Masterful Stab","Sucker Punch"],"picked":"SKIP","floor":41}],"player_experience":3556784,"relics_obtained":[{"floor":7.0,"key":"Anchor"},{"floor":9.0,"key":"Pen Nib"},{"floor":14.0,"key":"Omamori"},{"floor":20.0,"key":"Red Mask"}],"event_choices":[{"damage_healed":0.0,"max_hp_gain":0.0,"max_hp_loss":0.0,"gold_gain":0.0,"cards_transformed":["Madness"],"event_name":"Living Wall","player_choice":"Change","floor":3.0,"gold_loss":0.0,"damage_taken":0.0,"cards_obtained":["Apotheosis"]},{"damage_healed":0.0,"max_hp_gain":0.0,"max_hp_loss":0.0,"gold_gain":150.0,"event_name":"Liars Game","player_choice":"AGREE","floor":4.0,"gold_loss":0.0,"damage_taken":0.0,"cards_obtained":["Doubt"]},{"damage_healed":16.0,"max_hp_gain":0.0,"max_hp_loss":0.0,"gold_gain":0.0,"event_name":"The Cleric","player_choice":"Healed","floor":13.0,"gold_loss":35.0,"damage_taken":0.0},{"damage_healed":0.0,"max_hp_gain":0.0,"max_hp_loss":0.0,"gold_gain":0.0,"event_name":"Masked Bandits","player_choice":"Fought Bandits","floor":20.0,"gold_loss":0.0,"damage_taken":0.0},{"damage_healed":0.0,"max_hp_gain":5.0,"max_hp_loss":0.0,"gold_gain":0.0,"event_name":"Forgotten Altar","player_choice":"Shed Blood","floor":21.0,"gold_loss":0.0,"damage_taken":23.0},{"damage_healed":0.0,"max_hp_gain":0.0,"max_hp_loss":0.0,"gold_gain":0.0,"cards_transformed":["Deadly Poison","Storm of Steel"],"event_name":"Drug Dealer","player_choice":"Became Test Subject","floor":22.0,"gold_loss":0.0,"damage_taken":0.0,"cards_obtained":["Footwork","Adrenaline"]},{"damage_healed":0,"gold_gain":222,"player_choice":"Wore Mask","damage_taken":0,"max_hp_gain":0,"max_hp_loss":0,"event_name":"Tomb of Lord Red Mask","floor":37,"gold_loss":0},{"damage_healed":0,"gold_gain":0,"player_choice":"Max HP","damage_taken":0,"max_hp_gain":0,"max_hp_loss":4,"event_name":"Winding Halls","floor":38,"gold_loss":0}],"is_beta":false,"boss_relics":[{"not_picked":["Black Star","Orrery"],"picked":"Pandora\u0027s Box"},{"not_picked":["WristBlade","Tiny House"],"picked":"Coffee Dripper"}],"items_purged_floors":[12,27,30],"is_endless":false,"potions_floor_spawned":[2,7,14,19,31,35,39],"killed_by":"Giant Head","ascension_level":20}