{"gold_per_floor":[117,199,216,9,109,144,158,158,158,188,204,46,74,74,74,148,148,160,160,178,78,92,92,92,7,7,37,37,37,37,62,62,136,136,153,28,28,41,41,73,0,0,53,53,53],"floor_reached":45,"playtime":1659,"items_purged":["Strike_B","Strike_B","Strike_B"],"score":1036,"play_id":"a574f313-ab6b-4bcc-95a9-1e08d3bf076a","local_time":"20190319143520","is_ascension_mode":true,"campfire_choices":[{"data":"Dualcast","floor":8.0,"key":"SMITH"},{"data":"Defragment","floor":15.0,"key":"SMITH"},{"data":"Fission","floor":23.0,"key":"SMITH"},{"data":"Zap","floor":30.0,"key":"SMITH"},{"floor":32.0,"key":"DIG"},{"floor":42,"key":"DIG"},{"floor":44,"key":"DIG"}],"neow_cost":"NONE","seed_source_timestamp":12257577094304,"circlet_count":0,"master_deck":["AscendersBane","Strike_B","Defend_B","Defend_B","Defend_B","Defend_B","Zap+1","Dualcast+1","Compile Driver+1","Melter+1","Skim","Echo Form","Self Repair","Cold Snap+1","Core Surge+1","Defragment+1","Echo Form","Self Repair+1","Fission+1","Machine Learning","Seek","Coolheaded","Glacier","Skim"],"special_seed":0,"relics":["Cracked Core","NeowsBlessing","Molten Egg 2","Symbiotic Virus","Juzu Bracelet","Happy Flower","Velvet Choker","Nloth\u0027s Gift","Gambling Chip","PreservedInsect","Pen Nib","Shovel","Thread and Needle","Coffee Dripper","Dodecahedron","Red Mask","Centennial Puzzle","Lantern"],"potions_floor_usage":[40,40],"damage_taken":[{"damage":0.0,"enemies":"Cultist","floor":1.0,"turns":1.0},{"damage":0.0,"enemies":"2 Louse","floor":3.0,"turns":1.0},{"damage":0.0,"enemies":"Lagavulin","floor":6.0,"turns":1.0},{"damage":1.0,"enemies":"Small Slimes","floor":7.0,"turns":3.0},{"damage":30.0,"enemies":"3 Sentries","floor":10.0,"turns":5.0},{"damage":17.0,"enemies":"Exordium Thugs","floor":11.0,"turns":4.0},{"damage":10.0,"enemies":"Lagavulin","floor":13.0,"turns":7.0},{"damage":20.0,"enemies":"The Guardian","floor":16.0,"turns":8.0},{"damage":0.0,"enemies":"Spheric Guardian","floor":18.0,"turns":2.0},{"damage":15.0,"enemies":"Chosen","floor":20.0,"turns":4.0},{"damage":12.0,"enemies":"Snecko","floor":22.0,"turns":5.0},{"damage":53.0,"enemies":"Book of Stabbing","floor":27.0,"turns":5.0},{"damage":45.0,"enemies":"Slavers","floor":31.0,"turns":4.0},{"damage":11.0,"enemies":"Champ","floor":33.0,"turns":10.0},{"damage":12,"enemies":"Orb Walker","floor":35,"turns":3},{"damage":0,"enemies":"3 Shapes","floor":38,"turns":5},{"damage":72,"enemies":"Reptomancer","floor":40,"turns":5},{"damage":51,"enemies":"Nemesis","floor":45,"turns":8}],"seed_played":"-9105978358742061763","potions_obtained":[{"floor":6.0,"key":"Weak Potion"},{"floor":10.0,"key":"AttackPotion"},{"floor":20.0,"key":"SkillPotion"}],"is_trial":false,"path_per_floor":["M","T","M","$","?","E","M","R","T","E","M","$","E","?","R","B",null,"M","?","M","$","M","R","$","?","T","E","$","?","R","E","R","B",null,"M","$","?","M","$","E","?","R","T","R","E"],"character_chosen":"DEFECT","items_purchased":["Melter+1","Skim","Core Surge+1"],"campfire_rested":0,"item_purchase_floors":[4,4,12],"current_hp_per_floor":[64,64,64,64,64,64,63,63,63,42,25,25,22,22,22,9,57,59,59,51,51,66,66,66,66,66,47,47,47,47,16,16,39,66,54,54,54,75,75,30,30,30,30,30,0],"gold":53,"neow_bonus":"THREE_ENEMY_KILL","is_prod":false,"is_daily":false,"chose_seed":false,"campfire_upgraded":4,"win_rate":0,"timestamp":1552977320,"path_taken":["M","?","M","$","?","E","?","R","T","E","M","$","E","?","R","BOSS","M","?","M","$","M","R","?","?","T","E","$","?","R","E","R","BOSS","M","$","?","M","$","E","?","R","T","R","E"],"build_version":"2019-01-23","purchased_purges":3,"victory":false,"max_hp_per_floor":[71,71,71,71,71,71,71,71,71,73,73,73,73,73,73,73,73,75,75,75,75,75,75,75,75,75,75,75,75,75,75,75,75,75,75,75,75,75,75,75,75,75,75,75,75],"card_choices":[{"not_picked":["Barrage","BootSequence","Static Discharge"],"picked":"SKIP","floor":1.0},{"not_picked":["Go for the Eyes+1","BootSequence"],"picked":"Compile Driver+1","floor":3.0},{"not_picked":["Beam Cell+1","Aggregate"],"picked":"Echo Form","floor":6.0},{"not_picked":["Cold Snap+1","BootSequence"],"picked":"Self Repair","floor":7.0},{"not_picked":["Beam Cell+1","Blizzard+1","Conserve Battery"],"picked":"Singing Bowl","floor":10.0},{"not_picked":["Rip and Tear+1","Conserve Battery"],"picked":"Cold Snap+1","floor":11.0},{"not_picked":["Fusion","Conserve Battery"],"picked":"Defragment","floor":13.0},{"not_picked":["Seek","Multi-Cast"],"picked":"Echo Form","floor":16.0},{"not_picked":["Steam","Force Field","Stack"],"picked":"Singing Bowl","floor":18.0},{"not_picked":["Rebound+1","Cold Snap+1"],"picked":"Self Repair+1","floor":20.0},{"not_picked":["Turbo","Leap"],"picked":"Fission","floor":22.0},{"not_picked":["Ball Lightning+1","All For One+1","Redo"],"picked":"SKIP","floor":27.0},{"not_picked":["Steam","Gash+1"],"picked":"Machine Learning","floor":31.0},{"not_picked":["Machine Learning","Reboot"],"picked":"Seek","floor":33.0},{"not_picked":["Hello World+1","Gash+1"],"picked":"Coolheaded","floor":35},{"not_picked":["Go for the Eyes+1","Heatsinks"],"picked":"Glacier","floor":38},{"not_picked":["Steam Power","Gash+1"],"picked":"Skim","floor":40}],"player_experience":3717427,"relics_obtained":[{"floor":2.0,"key":"Molten Egg 2"},{"floor":6.0,"key":"Singing Bowl"},{"floor":9.0,"key":"Symbiotic Virus"},{"floor":10.0,"key":"Juzu Bracelet"},{"floor":13.0,"key":"Happy Flower"},{"floor":26.0,"key":"PreservedInsect"},{"floor":27.0,"key":"Pen Nib"},{"floor":31.0,"key":"Shovel"},{"floor":32.0,"key":"Thread and Needle"},{"floor":40,"key":"Dodecahedron"},{"floor":42,"key":"Centennial Puzzle"},{"floor":44,"key":"Lantern"}],"event_choices":[{"damage_healed":0.0,"max_hp_gain":0.0,"max_hp_loss":0.0,"gold_gain":100.0,"event_name":"Wheel of Change","player_choice":"Gold","floor":5.0,"gold_loss":0.0,"damage_taken":0.0},{"damage_healed":0.0,"max_hp_gain":0.0,"max_hp_loss":0.0,"gold_gain":0.0,"event_name":"Shining Light","player_choice":"Ignored","floor":14.0,"gold_loss":0.0,"damage_taken":0.0},{"damage_healed":0.0,"max_hp_gain":0.0,"max_hp_loss":0.0,"gold_gain":0.0,"event_name":"N\u0027loth","player_choice":"Traded Relic","floor":19.0,"relics_lost":["Singing Bowl"],"gold_loss":0.0,"damage_taken":0.0,"relics_obtained":["Nloth\u0027s Gift"]},{"damage_healed":0.0,"max_hp_gain":0.0,"max_hp_loss":0.0,"gold_gain":0.0,"event_name":"Addict","player_choice":"Obtained Relic","floor":25.0,"gold_loss":85.0,"damage_taken":0.0,"relics_obtained":["Gambling Chip"]},{"damage_healed":0.0,"max_hp_gain":0.0,"max_hp_loss":0.0,"gold_gain":0.0,"event_name":"Beggar","player_choice":"Ignored","floor":29.0,"gold_loss":0.0,"damage_taken":0.0},{"damage_healed":0,"gold_gain":0,"player_choice":"Got Potions","damage_taken":0,"max_hp_gain":0,"max_hp_loss":0,"event_name":"Lab","floor":37,"gold_loss":0},{"damage_healed":0,"gold_gain":0,"player_choice":"Paid","damage_taken":0,"relics_obtained":["Red Mask"],"max_hp_gain":0,"max_hp_loss":0,"event_name":"Tomb of Lord Red Mask","floor":41,"gold_loss":73}],"is_beta":false,"boss_relics":[{"not_picked":["Ectoplasm","Inserter"],"picked":"Velvet Choker"},{"not_picked":["Sozu","Calling Bell"],"picked":"Coffee Dripper"}],"items_purged_floors":[4,21,36],"is_endless":false,"potions_floor_spawned":[6,10,11,13,20,31],"killed_by":"Nemesis","ascension_level":20}