{"path_per_floor":["M","$","?","M","M","E","R","$","T","M","R","M","E","M","R","B",null,"M","M","$","M","?","E","M","E","T","E","M","M","R","M","R","B",null,"M","M","M","$","M","R","E","R","T","$","M","$","E","M","R"],"character_chosen":"DEFECT","items_purchased":["Glacier","Tempest","Symbiotic Virus","Deep Breath"],"gold_per_floor":[118,8,8,20,35,61,61,61,137,151,151,161,194,206,206,311,311,325,336,159,175,175,200,210,242,242,277,290,300,300,319,319,422,422,440,455,470,93,113,113,138,138,138,36,54,54,81,99,99,99],"floor_reached":50,"campfire_rested":4,"playtime":4015,"item_purchase_floors":[2,20,38,44],"current_hp_per_floor":[73,73,73,73,71,65,65,65,65,65,65,64,64,58,58,27,75,68,64,64,53,53,47,47,30,30,21,21,18,43,43,68,29,85,85,85,63,63,59,59,55,80,80,80,85,85,23,33,58,0],"items_purged":["Strike_B","Strike_B","Defend_B"],"gold":99,"score":603,"play_id":"d08f6dda-0073-4d13-925c-e99714abe67c","local_time":"20180530193502","is_prod":false,"is_daily":false,"chose_seed":false,"is_ascension_mode":false,"campfire_upgraded":4,"win_rate":0,"timestamp":1527701702,"campfire_choices":[{"data":"Fission","floor":7,"key":"SMITH"},{"data":"Conserve Battery","floor":11,"key":"SMITH"},{"data":"Consume","floor":15,"key":"SMITH"},{"floor":30,"key":"REST"},{"floor":32,"key":"REST"},{"data":"Seek","floor":40,"key":"SMITH"},{"floor":42,"key":"REST"},{"floor":49,"key":"REST"}],"path_taken":["M","$","?","M","M","E","R","$","T","M","R","?","E","M","R","BOSS","M","M","$","M","?","E","M","E","T","E","M","?","R","M","R","BOSS","M","M","M","$","M","R","E","R","T","$","M","$","E","M","R","BOSS"],"build_version":"2018-05-29","seed_source_timestamp":599921343648,"purchased_purges":3,"victory":false,"master_deck":["Strike_B","Strike_B","Defend_B","Defend_B","Zap","Dualcast","Turbo","Ball Lightning","Meteor Strike","Conserve Battery+1","Capacitor","FTL","Glacier","FTL","Barrage","Fission+1","Consume+1","Static Discharge+1","Seek+1","Tempest","Machine Learning+1","Defragment+1","Self Repair+1","Defragment+1","Tempest","Electrodynamics+1","Defragment+1","Sunder+1","Sweeping Beam+1","Hologram","Deep Breath","Loop+1","Storm+1"],"max_hp_per_floor":[75,75,75,75,75,75,75,75,75,75,75,75,75,75,75,75,75,75,75,75,75,75,85,85,85,85,85,85,85,85,85,85,85,85,85,85,85,85,85,85,85,85,85,85,85,85,85,85,85,85],"relics":["Orrery","Oddly Smooth Stone","Mercury Hourglass","Frozen Egg 2","Nuclear Battery","Pear","Question Card","Unceasing Top","Dodecahedron","Inserter","Symbiotic Virus","Gremlin Horn","Bag of Preparation","DataDisk"],"card_choices":[{"not_picked":["Steam Power","Hologram"],"picked":"Turbo","floor":0},{"not_picked":["Redo","Steam"],"picked":"Ball Lightning","floor":0},{"not_picked":["Cold Snap","Compile Driver"],"picked":"Meteor Strike","floor":0},{"not_picked":["Coolheaded","Sweeping Beam"],"picked":"Conserve Battery","floor":0},{"not_picked":["Ball Lightning","Steam"],"picked":"Capacitor","floor":0},{"not_picked":["Undo","Stack"],"picked":"FTL","floor":1},{"not_picked":["Genetic Algorithm","Storm"],"picked":"Barrage","floor":4},{"not_picked":["Compile Driver","Steam Power"],"picked":"Fission","floor":5},{"not_picked":["Barrage","Turbo","Redo"],"picked":"SKIP","floor":6},{"not_picked":["Go for the Eyes","Auto Shields","Cold Snap"],"picked":"SKIP","floor":10},{"not_picked":["Recycle","Turbo"],"picked":"Consume","floor":12},{"not_picked":["Multi-Cast","Stack"],"picked":"Static Discharge","floor":13},{"not_picked":["Steam","Ball Lightning","Stack"],"picked":"SKIP","floor":14},{"not_picked":["Amplify","Core Surge"],"picked":"Seek","floor":16},{"not_picked":["Compile Driver","Gash","Redo+1"],"picked":"SKIP","floor":18},{"not_picked":["Conserve Battery+1","Consume","Barrage"],"picked":"SKIP","floor":19},{"not_picked":["Fission","Steam+1","Gash"],"picked":"SKIP","floor":21},{"not_picked":["Lockon","Hologram","Stack"],"picked":"SKIP","floor":23},{"not_picked":["Conserve Battery","Fusion","Streamline+1"],"picked":"SKIP","floor":24},{"not_picked":["Gash","Rebound"],"picked":"Machine Learning+1","floor":25},{"not_picked":["Conserve Battery+1","Leap","Heatsinks+1"],"picked":"Defragment+1","floor":27},{"not_picked":["Cold Snap+1","Sunder","Auto Shields"],"picked":"Self Repair+1","floor":28},{"not_picked":["Beam Cell","Ball Lightning+1","Reinforced Body"],"picked":"Defragment+1","floor":29},{"not_picked":["Barrage","Streamline","Turbo"],"picked":"Tempest","floor":31},{"not_picked":["Seek","Creative AI+1","All For One"],"picked":"Electrodynamics+1","floor":33},{"not_picked":["Go for the Eyes+1","Beam Cell","Tempest"],"picked":"Defragment+1","floor":35},{"not_picked":["Go for the Eyes+1","Streamline+1","Capacitor+1"],"picked":"Sunder+1","floor":36},{"not_picked":["Hologram+1","Gash+1","Leap+1"],"picked":"Sweeping Beam+1","floor":37},{"not_picked":["Stack+1","Coolheaded","Beam Cell+1"],"picked":"Hologram","floor":39},{"not_picked":["Scrape+1","Rainbow","Skim","Chill"],"picked":"SKIP","floor":41},{"not_picked":["Rip and Tear+1","Static Discharge+1","Turbo+1"],"picked":"Loop+1","floor":45},{"not_picked":["Hologram+1","Blizzard","Lockon","Aggregate+1"],"picked":"SKIP","floor":47},{"not_picked":["Leap","Streamline","Capacitor+1"],"picked":"Storm+1","floor":48}],"player_experience":80819,"potions_floor_usage":[14,25,29,35,41,41,48],"damage_taken":[{"damage":2,"enemies":"Small Slimes","floor":1,"turns":4},{"damage":0,"enemies":"Cultist","floor":4,"turns":3},{"damage":2,"enemies":"2 Louse","floor":5,"turns":2},{"damage":6,"enemies":"3 Sentries","floor":6,"turns":7},{"damage":0,"enemies":"Looter","floor":10,"turns":3},{"damage":1,"enemies":"Gremlin Gang","floor":12,"turns":3},{"damage":0,"enemies":"Lagavulin","floor":13,"turns":7},{"damage":6,"enemies":"Exordium Thugs","floor":14,"turns":4},{"damage":31,"enemies":"The Guardian","floor":16,"turns":7},{"damage":7,"enemies":"3 Byrds","floor":18,"turns":1},{"damage":4,"enemies":"Chosen","floor":19,"turns":3},{"damage":11,"enemies":"Snake Plant","floor":21,"turns":3},{"damage":16,"enemies":"Gremlin Leader","floor":23,"turns":5},{"damage":0,"enemies":"Sentry and Sphere","floor":24,"turns":3},{"damage":17,"enemies":"Slavers","floor":25,"turns":5},{"damage":9,"enemies":"Book of Stabbing","floor":27,"turns":5},{"damage":0,"enemies":"Centurion and Healer","floor":28,"turns":6},{"damage":13,"enemies":"Chosen and Byrds","floor":29,"turns":3},{"damage":10,"enemies":"Sentry and Sphere","floor":31,"turns":4},{"damage":39,"enemies":"Champ","floor":33,"turns":9},{"damage":10,"enemies":"Flame Bruiser 1 Orb","floor":35,"turns":7},{"damage":0,"enemies":"3 Shapes","floor":36,"turns":3},{"damage":32,"enemies":"Spire Growth","floor":37,"turns":4},{"damage":14,"enemies":"Sphere and 2 Shapes","floor":39,"turns":3},{"damage":14,"enemies":"Giant Head","floor":41,"turns":9},{"damage":1,"enemies":"Maw","floor":45,"turns":6},{"damage":72,"enemies":"2 Orb Walkers","floor":47,"turns":5},{"damage":15,"enemies":"Transient","floor":48,"turns":5},{"damage":63,"enemies":"Awakened One","floor":50,"turns":2}],"relics_obtained":[{"floor":6,"key":"Oddly Smooth Stone"},{"floor":9,"key":"Mercury Hourglass"},{"floor":13,"key":"Frozen Egg 2"},{"floor":23,"key":"Pear"},{"floor":25,"key":"Question Card"},{"floor":26,"key":"Unceasing Top"},{"floor":27,"key":"Dodecahedron"},{"floor":41,"key":"Gremlin Horn"},{"floor":43,"key":"Bag of Preparation"},{"floor":47,"key":"DataDisk"}],"event_choices":[{"event_name":"Transmorgrifier","player_choice":"Transform","floor":3,"damage_taken":0},{"event_name":"Drug Dealer","player_choice":"Ignored","floor":22,"damage_taken":0}],"boss_relics":[{"not_picked":["Velvet Choker","Ectoplasm"],"picked":"Nuclear Battery"},{"not_picked":["Runic Dome","Cursed Key"],"picked":"Inserter"}],"items_purged_floors":[2,20,38],"potions_floor_spawned":[1,4,12,13,19,23,27,33,35,36,41,47,48],"seed_played":"-3276520194729528208","killed_by":"Awakened One","ascension_level":0,"potions_obtained":[{"floor":1,"key":"Swift Potion"},{"floor":4,"key":"Energy Potion"},{"floor":12,"key":"SpeedPotion"},{"floor":19,"key":"GamblersBrew"},{"floor":23,"key":"Poison Potion"},{"floor":27,"key":"Strength Potion"},{"floor":33,"key":"Block Potion"},{"floor":35,"key":"Regen Potion"},{"floor":36,"key":"Energy Potion"},{"floor":41,"key":"SpeedPotion"},{"floor":47,"key":"Strength Potion"},{"floor":48,"key":"SpeedPotion"}],"is_trial":false}