{"gold_per_floor":[118,118,193,4,4,4,38,38,63,63,88,108,126,126],"floor_reached":14,"playtime":348,"items_purged":[],"score":192,"play_id":"3ed44477-f501-4dd8-a5e3-56d8c578ab4e","local_time":"20190630201054","is_ascension_mode":true,"campfire_choices":[{"floor":6,"key":"REST"},{"data":"Dualcast","floor":8,"key":"SMITH"},{"floor":10,"key":"REST"}],"neow_cost":"NONE","seed_source_timestamp":35362138571349,"circlet_count":0,"master_deck":["AscendersBane","Strike_B","Strike_B","Strike_B","Defend_B","Defend_B","Defend_B","Defend_B","Zap+1","Dualcast+1","Ball Lightning","Ball Lightning","Decay","Thunder Strike","Coolheaded","Steam"],"relics":["Cracked Core","Tiny Chest","Ice Cream","Ancient Tea Set","Bag of Marbles"],"potions_floor_usage":[],"damage_taken":[{"damage":0,"enemies":"Small Slimes","floor":1,"turns":2},{"damage":30,"enemies":"Lagavulin","floor":7,"turns":5},{"damage":37,"enemies":"Gremlin Nob","floor":11,"turns":4},{"damage":4,"enemies":"Jaw Worm","floor":12,"turns":2},{"damage":0,"enemies":"2 Louse","floor":13,"turns":2},{"damage":22,"enemies":"3 Sentries","floor":14,"turns":4}],"seed_played":"-1574348743588229686","potions_obtained":[{"floor":11,"key":"Ancient Potion"},{"floor":12,"key":"Ancient Potion"}],"is_trial":false,"path_per_floor":["M","?","?","$","?","R","E","R","T","R","E","M","M","E"],"character_chosen":"DEFECT","items_purchased":["Tiny Chest","Ball Lightning"],"campfire_rested":2,"item_purchase_floors":[4,4],"current_hp_per_floor":[64,57,46,46,46,67,37,37,37,58,21,17,17,0],"gold":126,"neow_bonus":"UPGRADE_CARD","is_prod":false,"is_daily":false,"chose_seed":false,"campfire_upgraded":1,"win_rate":0,"timestamp":1561918254,"path_taken":["M","?","?","$","?","R","E","R","T","R","E","M","?","E"],"build_version":"2019-01-23","purchased_purges":0,"victory":false,"max_hp_per_floor":[71,71,71,71,71,71,71,71,71,71,71,71,71,71],"card_choices":[{"not_picked":["Reprogram","Go for the Eyes"],"picked":"Ball Lightning","floor":1},{"not_picked":["Heatsinks","Beam Cell","Streamline"],"picked":"SKIP","floor":7},{"not_picked":["White Noise","Consume"],"picked":"Thunder Strike","floor":11},{"not_picked":["Sunder","Redo"],"picked":"Coolheaded","floor":12},{"not_picked":["Gash","Go for the Eyes"],"picked":"Steam","floor":13}],"player_experience":655487,"relics_obtained":[{"floor":7,"key":"Ice Cream"},{"floor":9,"key":"Ancient Tea Set"},{"floor":11,"key":"Bag of Marbles"}],"event_choices":[{"cards_removed":["Strike_B"],"damage_healed":0,"gold_gain":0,"player_choice":"Card Removal","damage_taken":7,"max_hp_gain":0,"max_hp_loss":0,"event_name":"Golden Wing","floor":2,"gold_loss":0},{"damage_healed":0,"gold_gain":75,"player_choice":"Gather Gold","damage_taken":11,"max_hp_gain":0,"max_hp_loss":0,"event_name":"World of Goop","floor":3,"gold_loss":0},{"damage_healed":0,"gold_gain":0,"player_choice":"Cursed","damage_taken":0,"max_hp_gain":0,"max_hp_loss":0,"event_name":"Wheel of Change","floor":5,"gold_loss":0,"cards_obtained":["Decay"]}],"is_beta":false,"boss_relics":[],"items_purged_floors":[],"is_endless":false,"potions_floor_spawned":[11,12],"killed_by":"3 Sentries","ascension_level":20}