{"gold_per_floor":[362,374,1,12,27,27,42,42,42,42,76,76,94,108,108,206,206,218,218,118,131,143,157,157,167,216,141,141,172,172,185,185,286,286,305,305,319,319,319,350,350,384,384,384,384,402,402,416,416,416],"floor_reached":51,"playtime":1369,"items_purged":["Injury","Strike_B"],"score":804,"play_id":"fe2734c3-fd74-4cf6-b45e-f14fba955c7d","local_time":"20190612030909","is_ascension_mode":false,"campfire_choices":[{"data":"Sunder","floor":6.0,"key":"SMITH"},{"data":"Recycle","floor":10.0,"key":"SMITH"},{"data":"Skim","floor":15.0,"key":"SMITH"},{"data":"Skim","floor":24.0,"key":"SMITH"},{"data":"Electrodynamics","floor":30.0,"key":"SMITH"},{"data":"Zap","floor":32.0,"key":"SMITH"},{"data":"Multi-Cast","floor":41.0,"key":"SMITH"},{"data":"Reinforced Body","floor":44.0,"key":"SMITH"},{"data":"Tempest","floor":47.0,"key":"SMITH"},{"floor":49.0,"key":"RECALL"}],"neow_cost":"CURSE","seed_source_timestamp":58242118066311,"circlet_count":0,"master_deck":["Strike_B+1","Defend_B+1","Defend_B+1","Defend_B+1","Defend_B+1","Zap+1","Dualcast+1","Sunder+1","Skim+1","Recycle+1","Turbo+1","Tempest+1","Electrodynamics+1","Conserve Battery+1","Chill+1","Skim+1","Reinforced Body+1","Genetic Algorithm+1","Multi-Cast+1","Tempest+1"],"special_seed":0,"relics":["Cracked Core","Ice Cream","FossilizedHelix","Sozu","Pen Nib","Du-Vu Doll","Busted Crown","Ginger","Anchor","Kunai","Mark of the Bloom"],"potions_floor_usage":[50],"damage_taken":[{"damage":1.0,"enemies":"Cultist","floor":1.0,"turns":3.0},{"damage":0.0,"enemies":"2 Louse","floor":2.0,"turns":2.0},{"damage":6.0,"enemies":"Jaw Worm","floor":4.0,"turns":2.0},{"damage":10.0,"enemies":"Looter","floor":5.0,"turns":2.0},{"damage":10.0,"enemies":"Red Slaver","floor":7.0,"turns":4.0},{"damage":0.0,"enemies":"Gremlin Nob","floor":11.0,"turns":3.0},{"damage":2.0,"enemies":"Blue Slaver","floor":13.0,"turns":4.0},{"damage":0.0,"enemies":"2 Fungi Beasts","floor":14.0,"turns":1.0},{"damage":37.0,"enemies":"Hexaghost","floor":16.0,"turns":7.0},{"damage":0.0,"enemies":"3 Byrds","floor":18.0,"turns":2.0},{"damage":0.0,"enemies":"Shell Parasite","floor":21.0,"turns":3.0},{"damage":0.0,"enemies":"Snake Plant","floor":22.0,"turns":3.0},{"damage":0.0,"enemies":"Snecko","floor":23.0,"turns":3.0},{"damage":0.0,"enemies":"Chosen and Byrds","floor":25.0,"turns":4.0},{"damage":9.0,"enemies":"Gremlin Leader","floor":29.0,"turns":4.0},{"damage":0.0,"enemies":"3 Cultists","floor":31.0,"turns":2.0},{"damage":61.0,"enemies":"Champ","floor":33.0,"turns":8.0},{"damage":0.0,"enemies":"3 Shapes","floor":35.0,"turns":2.0},{"damage":0.0,"enemies":"3 Darklings","floor":37.0,"turns":2.0},{"damage":0.0,"enemies":"Nemesis","floor":40.0,"turns":3.0},{"damage":0.0,"enemies":"Giant Head","floor":42.0,"turns":5.0},{"damage":0.0,"enemies":"4 Shapes","floor":46.0,"turns":1.0},{"damage":0.0,"enemies":"Spire Growth","floor":48.0,"turns":4.0},{"damage":15,"enemies":"Time Eater","floor":50,"turns":5}],"seed_played":"3067570399908776804","potions_obtained":[{"floor":5.0,"key":"Poison Potion"},{"floor":7.0,"key":"SteroidPotion"},{"floor":13.0,"key":"Weak Potion"},{"floor":14.0,"key":"SteroidPotion"}],"is_trial":false,"path_per_floor":["M","M","$","M","M","R","M","$","T","R","E","?","M","M","R","B",null,"M","?","$","M","M","M","R","M","T","?","?","E","R","M","R","B",null,"M","?","M","?","?","E","R","E","T","R","?","M","R","M","R","B",null],"character_chosen":"DEFECT","items_purchased":["Ice Cream"],"campfire_rested":0,"item_purchase_floors":[3],"current_hp_per_floor":[74,74,74,68,58,58,48,48,48,48,48,48,46,46,46,9,75,75,75,75,75,75,75,75,75,75,75,75,66,66,66,66,5,75,75,71,71,71,71,71,71,71,71,71,71,71,71,71,71,56],"gold":416,"neow_bonus":"TWO_FIFTY_GOLD","is_prod":false,"is_daily":false,"chose_seed":false,"campfire_upgraded":9,"win_rate":0,"timestamp":1560280149,"path_taken":["M","?","$","M","M","R","M","?","T","R","E","?","M","?","R","BOSS","M","?","?","M","?","M","R","M","T","?","?","E","R","?","R","BOSS","M","?","M","?","?","E","R","E","T","R","?","M","R","M","R","BOSS"],"build_version":"2019-01-23","purchased_purges":2,"victory":true,"max_hp_per_floor":[75,75,75,75,75,75,75,75,75,75,75,75,75,75,75,75,75,75,75,75,75,75,75,75,75,75,75,75,75,75,75,75,75,75,75,71,71,71,71,71,71,71,71,71,71,71,71,71,71,71],"card_choices":[{"not_picked":["Conserve Battery","Go for the Eyes"],"picked":"Streamline","floor":1.0},{"not_picked":["Barrage","Turbo"],"picked":"Sunder","floor":2.0},{"not_picked":["Gash","Stack"],"picked":"Skim","floor":4.0},{"not_picked":["Streamline","Loop"],"picked":"Recycle","floor":5.0},{"not_picked":["Glacier","Scrape"],"picked":"Turbo","floor":7.0},{"not_picked":["Steam Power","Stack","Hologram"],"picked":"SKIP","floor":11.0},{"not_picked":["Leap","Recycle","Gash"],"picked":"SKIP","floor":13.0},{"not_picked":["Reinforced Body","Redo"],"picked":"Tempest","floor":14.0},{"not_picked":["Rainbow","Buffer"],"picked":"Electrodynamics","floor":16.0},{"not_picked":["Turbo","Conserve Battery+1","Rebound"],"picked":"SKIP","floor":18.0},{"not_picked":["Turbo","Rebound"],"picked":"Conserve Battery+1","floor":18.0},{"not_picked":["Redo+1","Chill","Ball Lightning"],"picked":"SKIP","floor":21.0},{"not_picked":["Redo+1","Ball Lightning"],"picked":"Chill","floor":21.0},{"not_picked":["Compile Driver","Echo Form"],"picked":"Skim","floor":22.0},{"not_picked":["Turbo","White Noise","Coolheaded"],"picked":"SKIP","floor":23.0},{"not_picked":["Gash","Barrage","Reinforced Body"],"picked":"SKIP","floor":25.0},{"not_picked":["Gash","Barrage"],"picked":"Reinforced Body","floor":25.0},{"not_picked":["Conserve Battery","Doom and Gloom","Go for the Eyes"],"picked":"SKIP","floor":29.0},{"not_picked":["Steam Power","Defragment","Hologram"],"picked":"SKIP","floor":31.0},{"not_picked":["Echo Form","Core Surge"],"picked":"Multi-Cast","floor":33.0},{"not_picked":["Scrape"],"picked":"SKIP","floor":35.0},{"not_picked":["Skim"],"picked":"SKIP","floor":37.0},{"not_picked":["Rebound+1"],"picked":"SKIP","floor":40.0},{"not_picked":["Rip and Tear+1"],"picked":"SKIP","floor":42.0},{"not_picked":[],"picked":"Tempest","floor":46.0},{"not_picked":["Steam Power"],"picked":"SKIP","floor":48.0}],"player_experience":5083215,"relics_obtained":[{"floor":9.0,"key":"FossilizedHelix"},{"floor":26.0,"key":"Pen Nib"},{"floor":29.0,"key":"Du-Vu Doll"},{"floor":40.0,"key":"Ginger"},{"floor":42.0,"key":"Anchor"},{"floor":43.0,"key":"Kunai"}],"event_choices":[{"damage_healed":0.0,"max_hp_gain":0.0,"max_hp_loss":0.0,"gold_gain":0.0,"event_name":"Upgrade Shrine","player_choice":"Upgraded","floor":12.0,"gold_loss":0.0,"damage_taken":0.0,"cards_upgraded":["Turbo"]},{"damage_healed":0.0,"max_hp_gain":0.0,"max_hp_loss":0.0,"gold_gain":0.0,"event_name":"Upgrade Shrine","player_choice":"Upgraded","floor":19.0,"gold_loss":0.0,"damage_taken":0.0,"cards_upgraded":["Dualcast"]},{"cards_removed":["Strike_B"],"damage_healed":0.0,"max_hp_gain":0.0,"max_hp_loss":0.0,"gold_gain":0.0,"event_name":"Beggar","player_choice":"Gave Gold","floor":27.0,"gold_loss":75.0,"damage_taken":0.0},{"damage_healed":0.0,"max_hp_gain":0.0,"max_hp_loss":0.0,"gold_gain":0.0,"cards_transformed":["Strike_B"],"event_name":"Transmorgrifier","player_choice":"Transformed","floor":28.0,"gold_loss":0.0,"damage_taken":0.0,"cards_obtained":["Genetic Algorithm"]},{"damage_healed":0.0,"max_hp_gain":0.0,"max_hp_loss":4.0,"gold_gain":0.0,"event_name":"Winding Halls","player_choice":"Max HP","floor":36.0,"gold_loss":0.0,"damage_taken":0.0},{"damage_healed":0.0,"max_hp_gain":0.0,"max_hp_loss":0.0,"gold_gain":0.0,"event_name":"Tomb of Lord Red Mask","player_choice":"Ignored","floor":38.0,"gold_loss":0.0,"damage_taken":0.0},{"cards_removed":["Streamline"],"damage_healed":0.0,"max_hp_gain":0.0,"max_hp_loss":0.0,"gold_gain":0.0,"event_name":"Falling","player_choice":"Removed Attack","floor":39.0,"gold_loss":0.0,"damage_taken":0.0},{"damage_healed":0.0,"max_hp_gain":0.0,"max_hp_loss":0.0,"gold_gain":0.0,"event_name":"MindBloom","player_choice":"Upgrade","floor":45.0,"gold_loss":0.0,"damage_taken":0.0,"cards_upgraded":["Strike_B","Defend_B","Defend_B","Defend_B","Defend_B","Tempest","Chill","Genetic Algorithm"],"relics_obtained":["Mark of the Bloom"]}],"is_beta":false,"boss_relics":[{"not_picked":["White Beast Statue","Calling Bell"],"picked":"Sozu"},{"not_picked":["Cursed Key","Orrery"],"picked":"Busted Crown"}],"items_purged_floors":[3,20],"is_endless":false,"potions_floor_spawned":[5,7,13,14,21,22,29,31,35,42],"ascension_level":0}