{"gold_per_floor":[113,38,38,51,76,109,109,119,195,207,219,239,255,255,255,329,329,342,342,392,412,31,31,57,68,68,95,95,95,127,139,139,218,218,233,333,343,355,355,27,42,72,72,54,99,129,139,173,173,173,173,173,173,5,34,34],"floor_reached":57,"playtime":2772,"items_purged":["Strike_G","Strike_G"],"score":3639,"play_id":"4e70691b-6d1a-480a-b97f-f891882c74fc","local_time":"20181224130605","is_ascension_mode":true,"campfire_choices":[{"data":"Acrobatics","floor":7.0,"key":"SMITH"},{"data":"Skewer","floor":15,"key":"SMITH"},{"data":"Eviscerate","floor":23,"key":"SMITH"},{"floor":28,"key":"RECALL"},{"data":"Masterful Stab","floor":32,"key":"SMITH"},{"floor":49,"key":"DIG"},{"floor":53,"key":"DIG"}],"neow_cost":"NONE","seed_source_timestamp":7058151309474,"circlet_count":0,"master_deck":["AscendersBane","Defend_G","Defend_G","Defend_G+1","Defend_G","Defend_G","Strike_G","Survivor","Neutralize+1","Acrobatics+1","Escape Plan","Masterful Stab+1","Concentrate+1","Deadly Poison+1","Tactician+1","Skewer+1","Adrenaline+1","Acrobatics+1","Corpse Explosion+1","Acrobatics+1","Eviscerate+1","Prepared+1","Ghostly+1","Ghostly+1","Ghostly+1","Grand Finale+1","Backflip+1","Reflex+1","Concentrate+1","Backflip+1","Acrobatics+1","Terror+1","Catalyst+1","Prepared+1","Well Laid Plans","Crippling Poison+1","Backflip+1"],"special_seed":0,"relics":["Ring of the Snake","NeowsBlessing","Letter Opener","Toxic Egg 2","Black Star","Membership Card","Happy Flower","Molten Egg 2","FossilizedHelix","Turnip","Boot","Blood Vial","Pen Nib","Bag of Preparation","Orrery","Calipers","Shovel","Frozen Eye","Darkstone Periapt","Bag of Marbles","MawBank","Thread and Needle","Pantograph","Du-Vu Doll","Paper Crane","Bottled Tornado","Gambling Chip","Blue Candle","Vajra","Lantern","Bronze Scales","Mango"],"potions_floor_usage":[18,56],"damage_taken":[{"damage":0.0,"enemies":"Cultist","floor":1.0,"turns":1.0},{"damage":0.0,"enemies":"Small Slimes","floor":4.0,"turns":1.0},{"damage":0.0,"enemies":"Lagavulin","floor":6.0,"turns":1.0},{"damage":0.0,"enemies":"Jaw Worm","floor":8.0,"turns":3.0},{"damage":2.0,"enemies":"Gremlin Gang","floor":10.0,"turns":6.0},{"damage":0.0,"enemies":"Looter","floor":11.0,"turns":3.0},{"damage":0.0,"enemies":"Red Slaver","floor":12.0,"turns":2.0},{"damage":0.0,"enemies":"3 Louse","floor":13.0,"turns":3.0},{"damage":15,"enemies":"Hexaghost","floor":16,"turns":9},{"damage":4,"enemies":"2 Thieves","floor":18,"turns":3},{"damage":0,"enemies":"Spheric Guardian","floor":21,"turns":1},{"damage":17,"enemies":"Book of Stabbing","floor":24,"turns":3},{"damage":0,"enemies":"3 Cultists","floor":25,"turns":1},{"damage":0,"enemies":"Gremlin Leader","floor":27,"turns":3},{"damage":0,"enemies":"Book of Stabbing","floor":30,"turns":3},{"damage":0,"enemies":"Centurion and Healer","floor":31,"turns":1},{"damage":0,"enemies":"Champ","floor":33,"turns":7},{"damage":12,"enemies":"Orb Walker","floor":35,"turns":3},{"damage":0,"enemies":"Mind Bloom Boss Battle","floor":36,"turns":2},{"damage":0,"enemies":"3 Shapes","floor":37,"turns":1},{"damage":0,"enemies":"Sphere and 2 Shapes","floor":38,"turns":3},{"damage":0,"enemies":"Jaw Worm Horde","floor":41,"turns":1},{"damage":0,"enemies":"Giant Head","floor":42,"turns":3},{"damage":0,"enemies":"2 Orb Walkers","floor":45,"turns":1},{"damage":0,"enemies":"Nemesis","floor":46,"turns":1},{"damage":0,"enemies":"Spire Growth","floor":47,"turns":1},{"damage":9,"enemies":"Reptomancer","floor":48,"turns":4},{"damage":0,"enemies":"Time Eater","floor":50,"turns":11},{"damage":0,"enemies":"Awakened One","floor":51,"turns":10},{"damage":2,"enemies":"Shield and Spear","floor":55,"turns":4},{"damage":33,"enemies":"The Heart","floor":56,"turns":8}],"seed_played":"-5002555700946426649","potions_obtained":[{"floor":4.0,"key":"PowerPotion"},{"floor":12.0,"key":"Explosive Potion"},{"floor":16,"key":"Explosive Potion"},{"floor":27,"key":"FearPotion"},{"floor":35,"key":"Ancient Potion"}],"is_trial":false,"path_per_floor":["M","?","?","M","T","E","R","M","T","M","M","M","M","?","R","B",null,"M","?","?","M","$","R","E","M","T","E","R","?","E","M","R","B",null,"M","?","M","M","?","$","M","E","T","$","?","E","M","E","R","B","B",null,"R","$","E","B",null],"character_chosen":"THE_SILENT","items_purchased":["Membership Card","Acrobatics+1","Happy Flower","Eviscerate","Shovel","Frozen Eye","Prepared+1","Vajra","Lantern"],"campfire_rested":0,"item_purchase_floors":[22,22,22,22,40,40,44,54,54],"current_hp_per_floor":[59,59,39,39,39,39,39,39,39,37,37,37,37,37,37,22,55,51,51,51,51,51,51,34,34,34,34,34,33,33,33,33,33,33,21,23,25,27,27,27,29,31,31,31,31,31,31,22,22,31,31,31,31,31,43,12],"gold":34,"neow_bonus":"THREE_ENEMY_KILL","is_prod":false,"is_daily":false,"chose_seed":false,"campfire_upgraded":4,"win_rate":0,"timestamp":1545627965,"path_taken":["M","?","?","M","?","E","R","?","T","M","M","M","M","?","R","BOSS","M","?","?","M","$","R","E","M","T","E","R","?","E","M","R","BOSS","M","?","M","M","?","$","M","E","T","?","?","E","M","E","R","BOSS","BOSS","R","$","E","BOSS"],"build_version":"2018-12-20","purchased_purges":2,"victory":true,"max_hp_per_floor":[66,66,66,66,66,66,66,66,66,66,66,66,66,66,66,66,66,66,66,66,66,66,66,66,66,66,66,66,33,33,33,33,33,33,33,33,33,33,31,31,31,31,31,31,31,31,31,31,31,31,31,31,31,31,45,45],"card_choices":[{"not_picked":["Blur","Backflip"],"picked":"Acrobatics","floor":1.0},{"not_picked":["Bane","Flying Knee"],"picked":"Escape Plan","floor":4.0},{"not_picked":["Quick Slash","Blur"],"picked":"Masterful Stab","floor":6.0},{"not_picked":["Poisoned Stab","Flying Knee","Cloak And Dagger"],"picked":"SKIP","floor":8.0},{"not_picked":["Dagger Spray","All Out Attack"],"picked":"Concentrate+1","floor":10.0},{"not_picked":["Wraith Form v2","Underhanded Strike"],"picked":"Deadly Poison+1","floor":11.0},{"not_picked":["Choke","Flying Knee","Crippling Poison+1"],"picked":"SKIP","floor":12.0},{"not_picked":["Underhanded Strike","Flying Knee"],"picked":"Tactician+1","floor":13.0},{"not_picked":["Storm of Steel+1","Tools of the Trade"],"picked":"Adrenaline+1","floor":16},{"not_picked":["Bane","Accuracy"],"picked":"Acrobatics+1","floor":18},{"not_picked":["Bane","Backflip+1"],"picked":"Corpse Explosion+1","floor":21},{"not_picked":["Cloak And Dagger+1","Deflect+1"],"picked":"Prepared+1","floor":24},{"not_picked":["Sucker Punch+1","Outmaneuver+1","Underhanded Strike+1"],"picked":"SKIP","floor":25},{"not_picked":["Dodge and Roll+1","Underhanded Strike+1","Envenom"],"picked":"SKIP","floor":27},{"not_picked":["Sucker Punch+1","Cloak And Dagger+1","Dagger Throw+1"],"picked":"SKIP","floor":30},{"not_picked":["Dodge and Roll+1","Dagger Throw+1","All Out Attack+1"],"picked":"SKIP","floor":31},{"not_picked":["Night Terror+1","Burst+1"],"picked":"Grand Finale+1","floor":33},{"not_picked":["Deflect+1","Dagger Spray+1"],"picked":"Backflip+1","floor":34},{"not_picked":["Flying Knee+1","Blade Dance+1"],"picked":"Reflex+1","floor":34},{"not_picked":["Cloak And Dagger+1","Bouncing Flask+1"],"picked":"Concentrate+1","floor":34},{"not_picked":["Blade Dance+1","Dagger Throw+1"],"picked":"Backflip+1","floor":34},{"not_picked":["Deflect+1","Heel Hook+1"],"picked":"Acrobatics+1","floor":35},{"not_picked":["Dodge and Roll+1","Flying Knee+1","Dagger Throw+1"],"picked":"SKIP","floor":37},{"not_picked":["Dagger Throw+1","Riddle With Holes+1","Quick Slash+1"],"picked":"SKIP","floor":38},{"not_picked":["Endless Agony+1","Underhanded Strike+1"],"picked":"Terror+1","floor":41},{"not_picked":["Flying Knee+1","Unload+1"],"picked":"Catalyst+1","floor":42},{"not_picked":["Concentrate+1","Bane+1"],"picked":"Well Laid Plans","floor":45},{"not_picked":["Dagger Throw+1","Quick Slash+1"],"picked":"Crippling Poison+1","floor":46},{"not_picked":["Bane+1","Backstab+1","Underhanded Strike+1"],"picked":"SKIP","floor":47},{"not_picked":["Dodge and Roll+1","PiercingWail+1"],"picked":"Backflip+1","floor":48},{"not_picked":["Infinite Blades","Bouncing Flask+1","Well Laid Plans"],"picked":"SKIP","floor":55}],"player_experience":1235322,"relics_obtained":[{"floor":6.0,"key":"Letter Opener"},{"floor":9.0,"key":"Toxic Egg 2"},{"floor":24,"key":"Molten Egg 2"},{"floor":24,"key":"FossilizedHelix"},{"floor":26,"key":"Turnip"},{"floor":27,"key":"Boot"},{"floor":27,"key":"Blood Vial"},{"floor":30,"key":"Pen Nib"},{"floor":30,"key":"Bag of Preparation"},{"floor":36,"key":"Calipers"},{"floor":42,"key":"Darkstone Periapt"},{"floor":42,"key":"Bag of Marbles"},{"floor":43,"key":"MawBank"},{"floor":45,"key":"Thread and Needle"},{"floor":46,"key":"Pantograph"},{"floor":46,"key":"Du-Vu Doll"},{"floor":48,"key":"Paper Crane"},{"floor":48,"key":"Bottled Tornado"},{"floor":49,"key":"Gambling Chip"},{"floor":53,"key":"Blue Candle"},{"floor":55,"key":"Bronze Scales"},{"floor":55,"key":"Mango"}],"event_choices":[{"cards_removed":["Strike_G"],"damage_healed":0.0,"max_hp_gain":0.0,"max_hp_loss":0.0,"gold_gain":0.0,"event_name":"The Cleric","player_choice":"Card Removal","floor":2.0,"gold_loss":75.0,"damage_taken":0.0},{"damage_healed":0.0,"max_hp_gain":0.0,"max_hp_loss":0.0,"gold_gain":0.0,"event_name":"Shining Light","player_choice":"Entered Light","floor":3.0,"gold_loss":0.0,"damage_taken":20.0,"cards_upgraded":["Defend_G","Neutralize"]},{"damage_healed":0,"gold_gain":0,"cards_transformed":["Strike_G"],"player_choice":"Transformed","damage_taken":0,"max_hp_gain":0,"max_hp_loss":0,"event_name":"Transmorgrifier","floor":14,"gold_loss":0,"cards_obtained":["Skewer"]},{"damage_healed":0,"gold_gain":0,"player_choice":"Ignored","damage_taken":0,"max_hp_gain":0,"max_hp_loss":0,"event_name":"Vampires","floor":19,"gold_loss":0},{"damage_healed":0,"gold_gain":50,"player_choice":"Stole From Cult","damage_taken":0,"max_hp_gain":0,"max_hp_loss":0,"event_name":"Nest","floor":20,"gold_loss":0},{"damage_healed":0,"gold_gain":0,"player_choice":"Became a Ghost","damage_taken":0,"max_hp_gain":0,"max_hp_loss":33,"event_name":"Ghosts","floor":29,"gold_loss":0,"cards_obtained":["Ghostly","Ghostly","Ghostly"]},{"damage_healed":0,"gold_gain":0,"player_choice":"Fight","damage_taken":0,"max_hp_gain":0,"max_hp_loss":0,"event_name":"MindBloom","floor":36,"gold_loss":0},{"damage_healed":0,"gold_gain":0,"player_choice":"Max HP","damage_taken":0,"max_hp_gain":0,"max_hp_loss":2,"event_name":"Winding Halls","floor":39,"gold_loss":0},{"damage_healed":0,"gold_gain":0,"player_choice":"Fight","damage_taken":0,"max_hp_gain":0,"max_hp_loss":0,"event_name":"Mysterious Sphere","floor":45,"gold_loss":0}],"is_beta":true,"boss_relics":[{"not_picked":["White Beast Statue","WristBlade"],"picked":"Black Star"},{"not_picked":["Cursed Key","Runic Dome"],"picked":"Orrery"}],"items_purged_floors":[22,40],"is_endless":false,"potions_floor_spawned":[4,12,16,27,30,35,41,45,46,48],"ascension_level":20}