{"gold_per_floor":[364,5,19,31,31,31,61,72,72,90,101,101,59,59,59,59],"floor_reached":16,"playtime":585,"items_purged":["Injury"],"score":204,"play_id":"895001e2-177c-411a-bc3b-8361679ec270","local_time":"20190318193424","is_ascension_mode":true,"campfire_choices":[{"data":"Bane","floor":6.0,"key":"SMITH"},{"data":"Noxious Fumes","floor":12.0,"key":"SMITH"},{"data":"Neutralize","floor":15.0,"key":"SMITH"}],"neow_cost":"CURSE","seed_source_timestamp":30548645485070,"circlet_count":0,"master_deck":["AscendersBane","Defend_G","Defend_G","Defend_G","Defend_G","Defend_G","Strike_G","Strike_G","Strike_G","Strike_G","Strike_G","Survivor","Neutralize+1","Noxious Fumes+1","Bane+1","Backstab"],"special_seed":0,"relics":["Ring of the Snake","Question Card","Bronze Scales","The Courier"],"potions_floor_usage":[16],"damage_taken":[{"damage":7.0,"enemies":"Cultist","floor":1.0,"turns":6.0},{"damage":2.0,"enemies":"2 Louse","floor":3.0,"turns":4.0},{"damage":3.0,"enemies":"Jaw Worm","floor":4.0,"turns":4.0},{"damage":42.0,"enemies":"3 Sentries","floor":7.0,"turns":10.0},{"damage":1.0,"enemies":"Lots of Slimes","floor":8.0,"turns":5.0},{"damage":1.0,"enemies":"Exordium Thugs","floor":10.0,"turns":4.0},{"damage":1.0,"enemies":"Looter","floor":11.0,"turns":3.0},{"damage":2,"enemies":"Hexaghost","floor":16,"turns":7}],"seed_played":"3246564081808722318","potions_obtained":[{"floor":4.0,"key":"EssenceOfSteel"},{"floor":10.0,"key":"AttackPotion"}],"is_trial":false,"path_per_floor":["M","$","M","M","$","R","E","M","T","M","M","R","?","T","R","B"],"character_chosen":"THE_SILENT","items_purchased":["Question Card"],"campfire_rested":0,"item_purchase_floors":[2],"current_hp_per_floor":[52,52,50,47,47,47,5,4,4,3,2,2,2,2,2,0],"gold":59,"neow_bonus":"TWO_FIFTY_GOLD","is_prod":false,"is_daily":false,"chose_seed":false,"campfire_upgraded":3,"win_rate":0,"timestamp":1552908864,"path_taken":["M","$","M","M","?","R","E","M","T","M","M","R","?","?","R","BOSS"],"build_version":"2019-01-23","purchased_purges":1,"victory":false,"max_hp_per_floor":[66,66,66,66,66,66,66,66,66,66,66,66,66,66,66,66],"card_choices":[{"not_picked":["Escape Plan","Sucker Punch"],"picked":"Noxious Fumes","floor":1.0},{"not_picked":["Quick Slash","Distraction","Underhanded Strike"],"picked":"Bane","floor":3.0},{"not_picked":["Distraction","Prepared","Infinite Blades","Bane"],"picked":"SKIP","floor":4.0},{"not_picked":["Dodge and Roll","Acrobatics","Dagger Spray"],"picked":"Backstab","floor":7.0},{"not_picked":["Deflect","Underhanded Strike","Masterful Stab","Poisoned Stab"],"picked":"SKIP","floor":8.0},{"not_picked":["Skewer","Slice","Dagger Throw","Acrobatics"],"picked":"SKIP","floor":10.0},{"not_picked":["Dash","Flechettes","Blade Dance","Doppelganger"],"picked":"SKIP","floor":11.0},{"not_picked":["Dash","Flechettes","Blade Dance","Doppelganger"],"picked":"SKIP","floor":11.0}],"player_experience":3693242,"relics_obtained":[{"floor":7.0,"key":"Bronze Scales"},{"floor":14.0,"key":"The Courier"}],"event_choices":[{"damage_healed":0.0,"max_hp_gain":0.0,"max_hp_loss":0.0,"gold_gain":0.0,"event_name":"World of Goop","player_choice":"Left Gold","floor":13.0,"gold_loss":42.0,"damage_taken":0.0}],"is_beta":false,"boss_relics":[],"items_purged_floors":[2],"is_endless":false,"potions_floor_spawned":[4,10],"killed_by":"Hexaghost","ascension_level":20}