{"gold_per_floor":[110,123,46,57,70,96,96,123,148,148,161,181,181,201,201,300,300,319,336,355,355,355,355,388,402,402,402,402,413,428,26,26,126,126,144,144,44,44,44,44,62,62,62,79,111,25,25,40,40,40],"floor_reached":51,"playtime":1929,"items_purged":["Strike_B","Strike_B"],"score":784,"play_id":"2efa97b9-ac7a-4fcc-b8f1-3db649991b5f","local_time":"20190618165317","is_ascension_mode":false,"campfire_choices":[{"data":"Sunder","floor":7,"key":"SMITH"},{"data":"Loop","floor":10,"key":"SMITH"},{"data":"Storm","floor":13,"key":"SMITH"},{"data":"Recycle","floor":15,"key":"SMITH"},{"data":"Defragment","floor":23,"key":"SMITH"},{"data":"Capacitor","floor":28,"key":"SMITH"},{"data":"Enlightenment","floor":32,"key":"SMITH"},{"data":"Discovery","floor":40,"key":"SMITH"},{"data":"Discovery","floor":42,"key":"SMITH"},{"data":"Discovery","floor":47,"key":"SMITH"},{"data":"Dualcast","floor":49,"key":"SMITH"}],"neow_cost":"NONE","seed_source_timestamp":23142185462543,"circlet_count":0,"master_deck":["Strike_B+1","Defend_B","Defend_B","Defend_B","Defend_B","Zap+1","Dualcast+1","Conserve Battery","Loop+1","Capacitor+1","Sunder+1","Cold Snap","Storm+1","Recycle+1","Seek","Self Repair","Leap","Reprogram+1","Ghostly","Ghostly","Ghostly","Ghostly","Ghostly","Defragment+1","Glacier","Go for the Eyes+1","Turbo+1","Enlightenment+1","Electrodynamics","Discovery+1","Discovery+1","Discovery+1","Chaos+1","Hologram+1","Dark Shackles","Static Discharge+1"],"relics":["Cracked Core","Strawberry","Whetstone","Bronze Scales","Runic Pyramid","Omamori","Bottled Tornado","Pear","Velvet Choker","Kunai"],"potions_floor_usage":[19,50,50],"damage_taken":[{"damage":0,"enemies":"2 Louse","floor":1,"turns":2},{"damage":1,"enemies":"Jaw Worm","floor":2,"turns":3},{"damage":3,"enemies":"Small Slimes","floor":4,"turns":3},{"damage":8,"enemies":"Looter","floor":5,"turns":3},{"damage":29,"enemies":"Gremlin Nob","floor":6,"turns":4},{"damage":6,"enemies":"3 Sentries","floor":8,"turns":5},{"damage":5,"enemies":"Lots of Slimes","floor":11,"turns":3},{"damage":0,"enemies":"3 Louse","floor":12,"turns":3},{"damage":10,"enemies":"Gremlin Gang","floor":14,"turns":3},{"damage":16,"enemies":"Hexaghost","floor":16,"turns":9},{"damage":18,"enemies":"Shell Parasite","floor":18,"turns":5},{"damage":18,"enemies":"2 Thieves","floor":19,"turns":3},{"damage":0,"enemies":"Centurion and Healer","floor":20,"turns":5},{"damage":23,"enemies":"Slavers","floor":24,"turns":6},{"damage":2,"enemies":"Shelled Parasite and Fungi","floor":25,"turns":5},{"damage":0,"enemies":"Sentry and Sphere","floor":29,"turns":5},{"damage":0,"enemies":"Centurion and Healer","floor":30,"turns":7},{"damage":18,"enemies":"Champ","floor":33,"turns":12},{"damage":13,"enemies":"3 Darklings","floor":35,"turns":5},{"damage":0,"enemies":"Orb Walker","floor":41,"turns":5},{"damage":6,"enemies":"Transient","floor":44,"turns":5},{"damage":0,"enemies":"Giant Head","floor":45,"turns":8},{"damage":8,"enemies":"Spire Growth","floor":48,"turns":5},{"damage":17,"enemies":"Time Eater","floor":50,"turns":5}],"seed_played":"7791233173621561923","potions_obtained":[{"floor":1,"key":"Fire Potion"},{"floor":2,"key":"PowerPotion"},{"floor":12,"key":"Explosive Potion"},{"floor":19,"key":"SpeedPotion"}],"is_trial":false,"path_per_floor":["M","M","$","M","M","E","R","E","T","R","M","M","R","M","R","B",null,"M","M","M","?","?","R","E","M","T","?","R","M","M","$","R","B",null,"M","?","$","?","?","R","M","R","T","M","E","$","R","M","R","B",null],"character_chosen":"DEFECT","items_purchased":["Loop","Enlightenment","Pear","Dark Shackles"],"campfire_rested":0,"item_purchase_floors":[3,31,31,46],"current_hp_per_floor":[75,74,74,71,63,41,41,35,35,35,30,30,30,20,20,4,82,64,53,60,41,41,41,25,30,30,30,30,37,41,51,51,40,51,38,28,28,28,41,41,48,48,48,51,51,51,51,43,43,26],"gold":40,"neow_bonus":"UPGRADE_CARD","is_prod":false,"is_daily":false,"chose_seed":false,"campfire_upgraded":11,"win_rate":0,"timestamp":1560847997,"path_taken":["M","M","$","M","M","E","R","E","T","R","M","M","R","M","R","BOSS","M","M","M","?","?","R","E","M","T","?","R","M","M","$","R","BOSS","M","?","$","?","?","R","M","R","T","M","E","$","R","M","R","BOSS"],"build_version":"2019-01-23","purchased_purges":2,"victory":true,"max_hp_per_floor":[75,75,75,75,75,82,82,82,82,82,82,82,82,82,82,82,82,82,82,82,41,41,41,41,41,41,41,41,41,41,51,51,51,51,51,51,51,51,51,51,51,51,51,51,51,51,51,51,51,51],"card_choices":[{"not_picked":["Reprogram","Redo","Leap"],"picked":"SKIP","floor":1},{"not_picked":["Heatsinks","Rebound"],"picked":"Conserve Battery","floor":2},{"not_picked":["Genetic Algorithm","Coolheaded"],"picked":"Capacitor","floor":4},{"not_picked":["Loop","Steam"],"picked":"Sunder","floor":5},{"not_picked":["Beam Cell","Sweeping Beam"],"picked":"Blizzard","floor":6},{"not_picked":["Machine Learning","Ball Lightning"],"picked":"Cold Snap","floor":8},{"not_picked":["Go for the Eyes","Genetic Algorithm"],"picked":"Storm","floor":11},{"not_picked":["Turbo","Barrage"],"picked":"Recycle","floor":12},{"not_picked":["Redo","Stack","Tempest"],"picked":"SKIP","floor":14},{"not_picked":["Machine Learning","Meteor Strike"],"picked":"Seek","floor":16},{"not_picked":["Doom and Gloom","Hologram"],"picked":"Self Repair","floor":18},{"not_picked":["Stack","Streamline"],"picked":"Leap","floor":19},{"not_picked":["Steam Power","Ball Lightning"],"picked":"Reprogram+1","floor":20},{"not_picked":["Go for the Eyes","Turbo","Steam Power"],"picked":"SKIP","floor":24},{"not_picked":["Conserve Battery","Beam Cell+1"],"picked":"Glacier","floor":25},{"not_picked":["Steam","Compile Driver"],"picked":"Go for the Eyes+1","floor":29},{"not_picked":["Hologram","FTL"],"picked":"Turbo+1","floor":30},{"not_picked":["Creative AI","Buffer"],"picked":"Electrodynamics","floor":33},{"not_picked":["Rebound","Compile Driver+1","Ball Lightning+1"],"picked":"SKIP","floor":35},{"not_picked":["PanicButton","Madness"],"picked":"Discovery","floor":36},{"not_picked":["Impatience","Mind Blast"],"picked":"Discovery","floor":36},{"not_picked":["Impatience","Good Instincts"],"picked":"Discovery","floor":36},{"not_picked":["Sweeping Beam","Stack+1"],"picked":"Chaos+1","floor":41},{"not_picked":["Beam Cell+1","Ball Lightning+1"],"picked":"Hologram+1","floor":44},{"not_picked":["Steam Power+1","Go for the Eyes","Gash"],"picked":"SKIP","floor":45},{"not_picked":["Hologram+1","Conserve Battery"],"picked":"Static Discharge+1","floor":48}],"player_experience":5404261,"relics_obtained":[{"floor":6,"key":"Strawberry"},{"floor":8,"key":"Whetstone"},{"floor":9,"key":"Bronze Scales"},{"floor":24,"key":"Omamori"},{"floor":26,"key":"Bottled Tornado"},{"floor":43,"key":"Kunai"}],"event_choices":[{"damage_healed":0,"gold_gain":0,"player_choice":"Became a Ghost","damage_taken":0,"max_hp_gain":0,"max_hp_loss":41,"event_name":"Ghosts","floor":21,"gold_loss":0,"cards_obtained":["Ghostly","Ghostly","Ghostly","Ghostly","Ghostly"]},{"damage_healed":0,"gold_gain":0,"player_choice":"Read","damage_taken":0,"max_hp_gain":0,"max_hp_loss":0,"event_name":"The Library","floor":22,"gold_loss":0,"cards_obtained":["Defragment"]},{"cards_removed":["Strike_B"],"damage_healed":0,"gold_gain":0,"player_choice":"Elegance","damage_taken":0,"max_hp_gain":0,"max_hp_loss":0,"event_name":"Back to Basics","floor":27,"gold_loss":0},{"damage_healed":0,"gold_gain":0,"player_choice":"Memory 3","damage_taken":10,"max_hp_gain":0,"max_hp_loss":0,"event_name":"SensoryStone","floor":36,"gold_loss":0},{"cards_removed":["Blizzard"],"damage_healed":0,"gold_gain":0,"player_choice":"Removed Attack","damage_taken":0,"max_hp_gain":0,"max_hp_loss":0,"event_name":"Falling","floor":38,"gold_loss":0},{"damage_healed":13,"gold_gain":0,"player_choice":"Writhe","damage_taken":0,"max_hp_gain":0,"max_hp_loss":0,"event_name":"Winding Halls","floor":39,"gold_loss":0,"cards_obtained":["Writhe"]}],"is_beta":false,"boss_relics":[{"not_picked":["Snecko Eye","Empty Cage"],"picked":"Runic Pyramid"},{"not_picked":["Black Star","FrozenCore"],"picked":"Velvet Choker"}],"items_purged_floors":[31,37],"is_endless":false,"potions_floor_spawned":[1,2,12,16,18,19,29,44,45],"ascension_level":0}