{"gold_per_floor":[113,113,113,129,129,163,163,60,84,84,109,120,45,64,64,140,140,153,53,71,27,27,27,60,72,84,116,128],"floor_reached":28,"playtime":932,"items_purged":["Strike_G","Strike_G"],"score":538,"play_id":"807d8ed5-d3b7-459f-8c9f-191db7f182dd","local_time":"20190220153404","is_ascension_mode":true,"campfire_choices":[{"data":"Tactician","floor":7.0,"key":"SMITH"},{"data":"Deadly Poison","floor":10.0,"key":"SMITH"},{"data":"Noxious Fumes","floor":15.0,"key":"SMITH"},{"data":"Well Laid Plans","floor":23.0,"key":"SMITH"},{"data":"Survivor","floor":25,"key":"SMITH"}],"neow_cost":"NONE","seed_source_timestamp":14681846015850,"circlet_count":0,"master_deck":["AscendersBane","Defend_G+1","Defend_G+1","Defend_G","Defend_G","Defend_G","Strike_G","Strike_G","Survivor+1","Neutralize+1","Backstab","Tactician+1","Deadly Poison+1","Noxious Fumes+1","After Image","Dodge and Roll+1","Well Laid Plans+1"],"special_seed":0,"relics":["Ring of the Snake","NeowsBlessing","Art of War","War Paint","Black Star","Potion Belt","MawBank","Frozen Egg 2"],"potions_floor_usage":[24],"damage_taken":[{"damage":0.0,"enemies":"Small Slimes","floor":1.0,"turns":1.0},{"damage":0.0,"enemies":"2 Louse","floor":4.0,"turns":1.0},{"damage":0.0,"enemies":"3 Sentries","floor":6.0,"turns":2.0},{"damage":43.0,"enemies":"Gremlin Nob","floor":11.0,"turns":5.0},{"damage":0.0,"enemies":"Cultist","floor":12.0,"turns":3.0},{"damage":7.0,"enemies":"Lots of Slimes","floor":14.0,"turns":4.0},{"damage":2.0,"enemies":"Hexaghost","floor":16.0,"turns":9.0},{"damage":10.0,"enemies":"Spheric Guardian","floor":18.0,"turns":6.0},{"damage":0.0,"enemies":"Chosen","floor":20.0,"turns":5.0},{"damage":1,"enemies":"Book of Stabbing","floor":24,"turns":7},{"damage":31,"enemies":"Sentry and Sphere","floor":27,"turns":8},{"damage":8,"enemies":"Colosseum Slavers","floor":28,"turns":4}],"seed_played":"-4576415733416722650","potions_obtained":[{"floor":12.0,"key":"Regen Potion"},{"floor":14.0,"key":"Strength Potion"},{"floor":16.0,"key":"Ancient Potion"},{"floor":18.0,"key":"PowerPotion"}],"is_trial":false,"path_per_floor":["M","?","?","M","?","E","R","$","T","R","E","M","$","M","R","B",null,"M","$","M","$","?","R","E","R","T","M","?"],"character_chosen":"THE_SILENT","items_purchased":["Deadly Poison","Noxious Fumes","Well Laid Plans"],"campfire_rested":0,"item_purchase_floors":[8,13,21],"current_hp_per_floor":[59,52,57,57,57,57,57,57,57,57,14,14,14,7,7,20,58,48,48,48,48,62,62,61,61,61,30,22],"gold":128,"neow_bonus":"THREE_ENEMY_KILL","is_prod":false,"is_daily":false,"chose_seed":false,"campfire_upgraded":5,"win_rate":0,"timestamp":1550648044,"path_taken":["M","?","?","M","?","E","R","$","T","R","E","M","$","?","R","BOSS","M","$","M","?","?","R","E","R","T","M","?"],"build_version":"2019-01-23","purchased_purges":2,"victory":false,"max_hp_per_floor":[66,66,71,71,71,71,71,71,71,71,71,71,71,71,71,71,71,71,71,71,71,71,71,71,71,71,71,71],"card_choices":[{"not_picked":["Prepared","Quick Slash"],"picked":"Backstab","floor":1.0},{"not_picked":["Flying Knee","Quick Slash","Prepared"],"picked":"SKIP","floor":4.0},{"not_picked":["Accuracy","Blade Dance"],"picked":"Tactician","floor":6.0},{"not_picked":["Bullet Time","Dagger Spray","Backstab"],"picked":"SKIP","floor":11.0},{"not_picked":["Endless Agony","Accuracy","Bane"],"picked":"SKIP","floor":12.0},{"not_picked":["Infinite Blades","Dagger Spray","Slice"],"picked":"SKIP","floor":14.0},{"not_picked":["Night Terror","Storm of Steel"],"picked":"After Image","floor":16.0},{"not_picked":["Blur","Dagger Spray"],"picked":"Dodge and Roll+1","floor":18.0},{"not_picked":["Underhanded Strike","Blade Dance","Accuracy"],"picked":"SKIP","floor":20.0},{"not_picked":["Blade Dance","Deflect","Outmaneuver+1"],"picked":"SKIP","floor":24},{"not_picked":["Distraction","Eviscerate","Deadly Poison"],"picked":"SKIP","floor":27}],"player_experience":2990981,"relics_obtained":[{"floor":6.0,"key":"Art of War"},{"floor":11.0,"key":"War Paint"},{"floor":24,"key":"Potion Belt"},{"floor":24,"key":"MawBank"},{"floor":26,"key":"Frozen Egg 2"}],"event_choices":[{"cards_removed":["Strike_G"],"damage_healed":0.0,"max_hp_gain":0.0,"max_hp_loss":0.0,"gold_gain":0.0,"event_name":"Golden Wing","player_choice":"Card Removal","floor":2.0,"gold_loss":0.0,"damage_taken":7.0},{"damage_healed":0.0,"max_hp_gain":5.0,"max_hp_loss":0.0,"gold_gain":0.0,"event_name":"Big Fish","player_choice":"Donut","floor":3.0,"gold_loss":0.0,"damage_taken":0.0},{"damage_healed":0.0,"max_hp_gain":0.0,"max_hp_loss":0.0,"gold_gain":0.0,"event_name":"Upgrade Shrine","player_choice":"Upgraded","floor":5.0,"gold_loss":0.0,"damage_taken":0.0,"cards_upgraded":["Neutralize"]},{"damage_healed":14.0,"max_hp_gain":0.0,"max_hp_loss":0.0,"gold_gain":0.0,"event_name":"The Library","player_choice":"Heal","floor":22.0,"gold_loss":0.0,"damage_taken":0.0},{"damage_healed":0,"gold_gain":0,"player_choice":"Fight","damage_taken":0,"max_hp_gain":0,"max_hp_loss":0,"event_name":"Colosseum","floor":28,"gold_loss":0}],"is_beta":false,"boss_relics":[{"not_picked":["Calling Bell","WristBlade"],"picked":"Black Star"}],"items_purged_floors":[8,19],"is_endless":false,"potions_floor_spawned":[12,14,16,18],"killed_by":"Colosseum Slavers","ascension_level":20}