{"gold_per_floor":[116,128,142,142,160,188,188,38,38,52,65,65,99,20,20,91,91,105,117,133,133,144,144,155,155,237,162,88,108,108,126,126,201,201,219,219,219,219],"floor_reached":38,"playtime":1509,"items_purged":[],"score":985,"play_id":"1aada188-a641-423b-a20f-58ac45096143","local_time":"20180722095856","is_ascension_mode":true,"campfire_choices":[{"data":"Sucker Punch","floor":7,"key":"SMITH"},{"data":"Prepared","floor":12,"key":"SMITH"},{"floor":15,"key":"REST"},{"data":"Deadly Poison","floor":23,"key":"SMITH"},{"data":"Infinite Blades","floor":25,"key":"SMITH"},{"data":"Malaise","floor":30,"key":"SMITH"},{"floor":32,"key":"REST"}],"neow_cost":"NONE","seed_source_timestamp":8477219967376,"circlet_count":0,"master_deck":["Survivor","Neutralize+1","AscendersBane","Sucker Punch+1","Backflip","Prepared+1","Corpse Explosion","Infinite Blades+1","Backstab","Dash","Crippling Poison","Malaise+1","Slice","Dagger Spray","Poisoned Stab","Sucker Punch","Poisoned Stab","Dash","Flying Knee","Acrobatics","Leg Sweep","Deadly Poison+1","Dodge and Roll","Well Laid Plans","Underhanded Strike+1","Wraith Form v2","Deflect+1","Die Die Die+1","Skewer+1","Expertise+1","Madness","Madness"],"relics":["Ring of the Snake","Strawberry","Happy Flower","Ninja Scroll","Gambling Chip","Pandora\u0027s Box","Letter Opener","Astrolabe","Shovel"],"potions_floor_usage":[33,35],"damage_taken":[{"damage":2,"enemies":"2 Louse","floor":1,"turns":2},{"damage":7,"enemies":"Jaw Worm","floor":2,"turns":4},{"damage":0,"enemies":"Cultist","floor":3,"turns":4},{"damage":1,"enemies":"Red Slaver","floor":5,"turns":4},{"damage":22,"enemies":"3 Sentries","floor":6,"turns":12},{"damage":0,"enemies":"Gremlin Gang","floor":10,"turns":1},{"damage":0,"enemies":"2 Fungi Beasts","floor":11,"turns":1},{"damage":11,"enemies":"Gremlin Nob","floor":13,"turns":4},{"damage":12,"enemies":"The Guardian","floor":16,"turns":13},{"damage":0,"enemies":"3 Byrds","floor":18,"turns":3},{"damage":0,"enemies":"Chosen","floor":19,"turns":4},{"damage":14,"enemies":"Centurion and Healer","floor":20,"turns":6},{"damage":0,"enemies":"3 Cultists","floor":22,"turns":1},{"damage":8,"enemies":"Cultist and Chosen","floor":24,"turns":3},{"damage":6,"enemies":"Snake Plant","floor":29,"turns":4},{"damage":0,"enemies":"Centurion and Healer","floor":31,"turns":3},{"damage":46,"enemies":"Automaton","floor":33,"turns":11},{"damage":17,"enemies":"3 Darklings","floor":35,"turns":4},{"damage":22,"floor":37,"turns":9},{"damage":8,"enemies":"Flame Bruiser 1 Orb","floor":38,"turns":2}],"seed_played":"-5949538213478423126","potions_obtained":[{"floor":2,"key":"GamblersBrew"},{"floor":3,"key":"GhostInAJar"}],"is_trial":false,"path_per_floor":["M","M","M","?","M","E","R","$","T","M","M","R","E","$","R","B",null,"M","M","M","?","M","R","M","R","T","?","$","M","R","M","R","B",null,"M","?","?"],"character_chosen":"THE_SILENT","items_purchased":["Happy Flower","Crippling Poison","Well Laid Plans"],"campfire_rested":2,"item_purchase_floors":[8,14,28],"current_hp_per_floor":[57,50,50,50,49,34,34,34,34,34,34,34,23,23,44,32,63,63,63,49,49,49,49,41,41,41,41,41,35,35,35,56,10,57,40,27,5,0],"gold":219,"neow_bonus":"UPGRADE_CARD","is_prod":false,"is_daily":false,"chose_seed":false,"campfire_upgraded":5,"win_rate":0,"timestamp":1532224736,"path_taken":["M","M","M","?","M","E","R","$","T","M","?","R","E","?","R","BOSS","M","?","M","?","M","R","M","R","T","?","?","M","R","?","R","BOSS","M","?","?","M"],"build_version":"2018-07-19","purchased_purges":0,"victory":false,"max_hp_per_floor":[66,66,66,66,66,73,73,73,73,73,73,73,73,73,73,73,73,73,73,73,73,73,73,73,73,73,73,73,73,73,73,73,73,73,73,73,73,73],"card_choices":[{"not_picked":["Prepared","Expertise"],"picked":"Slice","floor":1},{"not_picked":["Quick Slash","PiercingWail"],"picked":"Sucker Punch","floor":2},{"not_picked":["Distraction","Bouncing Flask"],"picked":"Backflip","floor":3},{"not_picked":["Sucker Punch","Outmaneuver"],"picked":"Prepared","floor":5},{"not_picked":["Quick Slash","Deadly Poison"],"picked":"Corpse Explosion","floor":6},{"not_picked":["Backflip","Dagger Throw"],"picked":"Infinite Blades","floor":10},{"not_picked":["Heel Hook","Expertise"],"picked":"Backstab","floor":11},{"not_picked":["Quick Slash","Backflip"],"picked":"Dash","floor":13},{"not_picked":["Night Terror","Corpse Explosion"],"picked":"Malaise","floor":16},{"not_picked":["Dash","Setup","Riddle With Holes"],"picked":"SKIP","floor":18},{"not_picked":["Sucker Punch","PiercingWail"],"picked":"Acrobatics","floor":19},{"not_picked":["Eviscerate","Deadly Poison"],"picked":"Leg Sweep","floor":20},{"not_picked":["Quick Slash","Eviscerate"],"picked":"Deadly Poison","floor":22},{"not_picked":["Caltrops","Sucker Punch","Dodge and Roll"],"picked":"SKIP","floor":24},{"not_picked":["Caltrops","Sucker Punch"],"picked":"Dodge and Roll","floor":24},{"not_picked":["Poisoned Stab","Masterful Stab+1","Backflip"],"picked":"SKIP","floor":29},{"not_picked":["Flying Knee","Finisher"],"picked":"Underhanded Strike+1","floor":31},{"not_picked":["Malaise","Grand Finale"],"picked":"Wraith Form v2","floor":33},{"not_picked":["Flying Knee+1","Poisoned Stab"],"picked":"Expertise+1","floor":35}],"player_experience":760727,"relics_obtained":[{"floor":6,"key":"Strawberry"},{"floor":9,"key":"Ninja Scroll"},{"floor":13,"key":"Gambling Chip"},{"floor":26,"key":"Letter Opener"},{"floor":37,"key":"Shovel"}],"event_choices":[{"event_name":"Liars Game","player_choice":"disagreed","floor":4,"damage_taken":0},{"event_name":"Drug Dealer","player_choice":"Ignored","floor":21,"damage_taken":0},{"event_name":"Beggar","player_choice":"Gave Gold","floor":27,"damage_taken":0},{"event_name":"Winding Halls","player_choice":"Embrace Madness","floor":36,"damage_taken":0},{"event_name":"MindBloom","player_choice":"Fight","floor":37,"damage_taken":0}],"is_beta":true,"boss_relics":[{"not_picked":["Runic Pyramid","Velvet Choker"],"picked":"Pandora\u0027s Box"},{"not_picked":["Black Star","Lizard Tail"],"picked":"Astrolabe"}],"items_purged_floors":[],"is_endless":false,"potions_floor_spawned":[2,3,6,16,19,20,24,31],"killed_by":"Flame Bruiser 1 Orb","ascension_level":15}