{"gold_per_floor":[118,63,113,131,147,147,147,222,222,202,202,72,72,82,82,82],"floor_reached":16,"playtime":394,"items_purged":["Defend_G"],"score":176,"play_id":"181a3ded-a194-4238-ba82-0b9784a854b6","local_time":"20181210221748","is_ascension_mode":true,"campfire_choices":[{"data":"Deadly Poison","floor":6.0,"key":"SMITH"},{"data":"Prepared","floor":11,"key":"SMITH"},{"data":"Acrobatics","floor":13,"key":"SMITH"},{"data":"Neutralize","floor":15,"key":"SMITH"}],"neow_cost":"TEN_PERCENT_HP_LOSS","seed_source_timestamp":41121737803940,"circlet_count":0,"master_deck":["AscendersBane","Defend_G","Defend_G","Defend_G","Defend_G","Strike_G","Strike_G","Survivor","Neutralize+1","Deadly Poison+1","Prepared+1","Acrobatics+1","Grand Finale"],"special_seed":0,"relics":["Ring of the Snake"],"potions_floor_usage":[16,16],"damage_taken":[{"damage":0.0,"enemies":"2 Louse","floor":1.0,"turns":5.0},{"damage":0.0,"enemies":"Cultist","floor":4.0,"turns":4.0},{"damage":4.0,"enemies":"Small Slimes","floor":5.0,"turns":4.0},{"damage":35,"enemies":"Gremlin Gang","floor":14,"turns":7},{"damage":3,"enemies":"Hexaghost","floor":16,"turns":9}],"seed_played":"4030646267990614474","potions_obtained":[{"floor":5.0,"key":"Block Potion"},{"floor":10,"key":"Block Potion"}],"is_trial":false,"path_per_floor":["M","$","?","M","M","R","?","?","T","?","R","$","R","M","R","B"],"character_chosen":"THE_SILENT","items_purchased":["Deadly Poison","Acrobatics"],"campfire_rested":0,"item_purchase_floors":[2,12],"current_hp_per_floor":[59,59,53,53,49,49,49,38,38,38,38,38,38,3,3,0],"gold":82,"neow_bonus":"REMOVE_TWO","is_prod":false,"is_daily":false,"chose_seed":false,"campfire_upgraded":4,"win_rate":0,"timestamp":1544451468,"path_taken":["M","$","?","?","M","R","?","?","T","?","R","$","R","M","R","BOSS"],"build_version":"2018-12-06","purchased_purges":1,"victory":false,"max_hp_per_floor":[60,60,60,60,60,60,60,60,60,60,60,60,60,60,60,60],"card_choices":[{"not_picked":["Blade Dance","Prepared","Backflip"],"picked":"SKIP","floor":1.0},{"not_picked":["Deflect","Underhanded Strike"],"picked":"Prepared","floor":4.0},{"not_picked":["Underhanded Strike","Prepared","Setup"],"picked":"SKIP","floor":5.0},{"not_picked":["Acrobatics","Prepared"],"picked":"Grand Finale","floor":14}],"player_experience":1215158,"relics_obtained":[],"event_choices":[{"damage_healed":0.0,"max_hp_gain":0.0,"max_hp_loss":0.0,"gold_gain":50.0,"event_name":"FaceTrader","player_choice":"Touch","floor":3.0,"gold_loss":0.0,"damage_taken":6.0},{"cards_removed":["Strike_G"],"damage_healed":0,"gold_gain":0,"player_choice":"Forget","damage_taken":0,"max_hp_gain":0,"max_hp_loss":0,"event_name":"Living Wall","floor":7,"gold_loss":0},{"damage_healed":0,"gold_gain":75,"player_choice":"Gather Gold","damage_taken":11,"max_hp_gain":0,"max_hp_loss":0,"event_name":"World of Goop","floor":8,"gold_loss":0},{"damage_healed":0,"gold_gain":0,"player_choice":"Bought 1 Potion","damage_taken":0,"max_hp_gain":0,"max_hp_loss":0,"event_name":"The Woman in Blue","floor":10,"gold_loss":0}],"is_beta":true,"boss_relics":[],"items_purged_floors":[12],"is_endless":false,"potions_floor_spawned":[5],"killed_by":"Hexaghost","ascension_level":20}