{"gold_per_floor":[113,113,35,46,60,60,85,85,85,99,99,118,20,49,49,128,128,144,160,241,255,36,36,36],"floor_reached":24,"playtime":742,"items_purged":[],"score":412,"play_id":"a49827d8-0cf6-4f4f-b4c5-e5684b14c3b3","local_time":"20190319144102","is_ascension_mode":true,"campfire_choices":[{"data":"Dualcast","floor":6.0,"key":"SMITH"},{"data":"Coolheaded","floor":11.0,"key":"SMITH"},{"data":"Blizzard","floor":15.0,"key":"SMITH"},{"data":"Turbo","floor":23.0,"key":"SMITH"}],"neow_cost":"PERCENT_DAMAGE","seed_source_timestamp":1453571294738378,"circlet_count":0,"master_deck":["AscendersBane","Strike_B","Strike_B","Strike_B","Defend_B","Defend_B","Defend_B","Defend_B","Zap","Dualcast+1","Turbo+1","Heatsinks","Go for the Eyes","Core Surge","Coolheaded+1","Blizzard+1","Skim","Cold Snap","Self Repair","Hologram","Electrodynamics","Defragment","Machine Learning","Decay"],"special_seed":0,"relics":["Cracked Core","Du-Vu Doll","Dodecahedron","Bottled Lightning","PreservedInsect","Cursed Key","The Courier","Toxic Egg 2"],"potions_floor_usage":[],"damage_taken":[{"damage":2.0,"enemies":"Jaw Worm","floor":1.0,"turns":4.0},{"damage":0.0,"enemies":"2 Louse","floor":4.0,"turns":2.0},{"damage":4.0,"enemies":"Cultist","floor":5.0,"turns":4.0},{"damage":22.0,"enemies":"Lagavulin","floor":7.0,"turns":7.0},{"damage":2.0,"enemies":"Red Slaver","floor":10.0,"turns":3.0},{"damage":17.0,"enemies":"Exordium Thugs","floor":12.0,"turns":5.0},{"damage":29.0,"enemies":"Gremlin Nob","floor":14.0,"turns":5.0},{"damage":21.0,"enemies":"Slime Boss","floor":16.0,"turns":13.0},{"damage":17.0,"enemies":"Spheric Guardian","floor":18.0,"turns":5.0},{"damage":36.0,"enemies":"Shell Parasite","floor":19.0,"turns":5.0},{"damage":10.0,"enemies":"Snake Plant","floor":21.0,"turns":3.0},{"damage":39,"enemies":"Gremlin Leader","floor":24,"turns":2}],"seed_played":"-8793411851842556012","potions_obtained":[{"floor":5.0,"key":"PowerPotion"},{"floor":10.0,"key":"SpeedPotion"},{"floor":16.0,"key":"Energy Potion"},{"floor":18.0,"key":"Regen Potion"},{"floor":19.0,"key":"SkillPotion"}],"is_trial":false,"path_per_floor":["M","?","$","M","M","R","E","?","T","M","R","M","$","E","R","B",null,"M","M","T","M","$","R","E"],"character_chosen":"DEFECT","items_purchased":["Heatsinks","Cold Snap","Self Repair","Toxic Egg 2"],"campfire_rested":0,"item_purchase_floors":[3,13,13,22],"current_hp_per_floor":[44,44,44,44,40,40,18,81,81,79,79,62,62,40,40,26,67,57,42,42,39,39,39,0],"gold":36,"neow_bonus":"ONE_RARE_RELIC","is_prod":false,"is_daily":false,"chose_seed":false,"campfire_upgraded":4,"win_rate":0,"timestamp":1552977662,"path_taken":["M","?","$","M","M","R","E","?","T","M","R","?","$","E","R","BOSS","M","M","?","M","$","R","E"],"build_version":"2019-01-23","purchased_purges":0,"victory":false,"max_hp_per_floor":[71,71,71,71,71,71,71,81,81,81,81,81,81,81,81,81,81,81,81,81,81,81,81,81],"card_choices":[{"not_picked":["Rebound","Gash"],"picked":"Turbo","floor":1.0},{"not_picked":["Reprogram","Turbo"],"picked":"Go for the Eyes","floor":4.0},{"not_picked":["Cold Snap","Leap"],"picked":"Core Surge","floor":5.0},{"not_picked":["Rebound","Undo"],"picked":"Coolheaded","floor":7.0},{"not_picked":["Turbo","Hello World"],"picked":"Blizzard","floor":10.0},{"not_picked":["Streamline","Compile Driver"],"picked":"Skim","floor":12.0},{"not_picked":["Turbo","Beam Cell"],"picked":"Hologram","floor":14.0},{"not_picked":["Creative AI","All For One"],"picked":"Electrodynamics","floor":16.0},{"not_picked":["Compile Driver","Hologram"],"picked":"Defragment","floor":18.0},{"not_picked":["Sweeping Beam","Turbo"],"picked":"Machine Learning","floor":19.0},{"not_picked":["Sweeping Beam","Reprogram","Rebound"],"picked":"SKIP","floor":21.0}],"player_experience":1216905,"relics_obtained":[{"floor":7.0,"key":"Dodecahedron"},{"floor":9.0,"key":"Bottled Lightning"},{"floor":14.0,"key":"PreservedInsect"},{"floor":20.0,"key":"The Courier"}],"event_choices":[{"damage_healed":0.0,"max_hp_gain":0.0,"max_hp_loss":0.0,"gold_gain":0.0,"cards_transformed":["Strike_B"],"event_name":"Living Wall","player_choice":"Change","floor":2.0,"gold_loss":0.0,"damage_taken":0.0,"cards_obtained":["Rainbow"]},{"cards_removed":["Rainbow"],"damage_healed":53.0,"max_hp_gain":10.0,"max_hp_loss":0.0,"gold_gain":0.0,"event_name":"Bonfire Elementals","player_choice":"Offered Rare","floor":8.0,"gold_loss":0.0,"damage_taken":0.0}],"is_beta":false,"boss_relics":[{"not_picked":["Calling Bell","Empty Cage"],"picked":"Cursed Key"}],"items_purged_floors":[],"is_endless":false,"potions_floor_spawned":[5,10,16,18,19],"killed_by":"Gremlin Leader","ascension_level":20}