{"path_per_floor":["M","M","?","?","$","R","E","R","T","E","?","M","$","T","R","B",null,"M","?","?","$","M","R","M","M","T","R","$","R","M","E","R","B",null,"M","M","$","?","?","R","M","M","T","T","M","R","$","M","R","B"],"character_chosen":"THE_SILENT","items_purchased":["Accuracy","Blade Dance","Choke"],"gold_per_floor":[115,125,125,125,50,50,88,88,88,119,119,140,63,63,63,189,189,204,204,204,104,119,119,142,157,157,157,32,32,45,83,83,203,203,221,234,84,84,84,84,107,122,122,122,140,140,0,20,20,20],"floor_reached":51,"campfire_rested":0,"playtime":3100,"current_hp_per_floor":[70,70,70,53,53,53,45,45,45,41,58,58,58,72,72,59,84,74,74,74,74,69,69,69,69,69,69,69,69,73,64,64,55,78,78,78,78,78,78,78,78,78,88,88,65,65,65,64,64,29],"items_purged":["Regret","Parasite","Parasite","Deadly Poison"],"gold":20,"score":548,"play_id":"f6e16ad4-9f64-4fcc-a9e6-1d9aad18cb53","is_prod":false,"is_daily":false,"is_ascension_mode":false,"campfire_upgraded":7,"path_taken":["M","M","?","?","$","R","E","R","T","E","?","M","?","?","R","BOSS","M","?","?","$","M","R","M","M","T","R","$","R","M","E","R","BOSS","M","M","$","?","?","R","M","M","T","?","?","R","$","M","R","BOSS"],"build_version":"2018-02-15-PROD1","purchased_purges":4,"victory":true,"master_deck":["Survivor","Neutralize+1","Predator","Dagger Spray+1","Accuracy+1","Infinite Blades","Dagger Spray","Dagger Spray","Prepared+1","Calculated Gamble+1","Skewer","Accuracy+1","Cloak And Dagger+1","Footwork+1","Tactician+1","Calculated Gamble+1","Acrobatics+1","Calculated Gamble+1","Acrobatics+1","Well Laid Plans+1","Blade Dance+1","Choke"],"max_hp_per_floor":[70,70,70,70,70,70,70,70,70,70,70,70,70,84,84,84,84,84,84,84,81,81,81,81,81,81,81,78,78,78,78,78,78,78,78,78,78,78,78,78,78,78,88,88,88,88,88,88,88,88],"relics":["Ring of the Snake","Paper Crane","Golden Idol","Frozen Eye","Girya","Ninja Scroll","Mango","Pandora\u0027s Box","Bird Faced Urn","Dodecahedron","Orrery","Pear","Ginger"],"card_choices":[{"not_picked":["Heel Hook","Riddle With Holes"],"picked":"Dagger Spray"},{"not_picked":["Flying Knee","Dagger Spray"],"picked":"Cloak And Dagger"},{"not_picked":["Predator","Deadly Poison"],"picked":"Footwork"},{"not_picked":["Phantasmal Killer","Glass Knife"],"picked":"Tactician"},{"not_picked":["Well Laid Plans","Catalyst"],"picked":"Calculated Gamble"},{"not_picked":["Flying Knee","Backflip"],"picked":"Acrobatics"},{"not_picked":["Outmaneuver","Dodge and Roll"],"picked":"Calculated Gamble"},{"not_picked":["Malaise","Sucker Punch"],"picked":"Acrobatics"},{"not_picked":["Deflect","Backstab"],"picked":"Well Laid Plans"}],"player_experience":112754,"potions_floor_usage":[50,50],"damage_taken":[{"damage":0.0,"enemies":"2 Louse","floor":1.0,"turns":2.0},{"damage":0.0,"enemies":"Small Slimes","floor":2.0,"turns":3.0},{"damage":8.0,"enemies":"Gremlin Nob","floor":7.0,"turns":5.0},{"damage":4.0,"enemies":"Lagavulin","floor":10.0,"turns":8.0},{"damage":0.0,"enemies":"Cultist","floor":12.0,"turns":2.0},{"damage":13.0,"enemies":"Slime Boss","floor":16.0,"turns":11.0},{"damage":10.0,"enemies":"2 Thieves","floor":18.0,"turns":2.0},{"damage":5.0,"enemies":"Chosen","floor":22.0,"turns":4.0},{"damage":0.0,"enemies":"Slaver and Parasite","floor":24.0,"turns":3.0},{"damage":0.0,"enemies":"3 Cultists","floor":25.0,"turns":3.0},{"damage":0.0,"enemies":"Centurion and Healer","floor":30.0,"turns":3.0},{"damage":13.0,"enemies":"Slavers","floor":31.0,"turns":3.0},{"damage":19.0,"enemies":"Champ","floor":33.0,"turns":8.0},{"damage":0.0,"enemies":"3 Darklings","floor":35.0,"turns":2.0},{"damage":0.0,"enemies":"Orb Walker","floor":36.0,"turns":3.0},{"damage":0.0,"enemies":"3 Darklings","floor":41.0,"turns":2.0},{"damage":0.0,"enemies":"Maw","floor":42.0,"turns":4.0},{"damage":25.0,"enemies":"4 Shapes","floor":45.0,"turns":3.0},{"damage":7.0,"enemies":"3 Darklings","floor":48.0,"turns":3.0},{"damage":57,"enemies":"Awakened One","floor":50,"turns":8}],"event_choices":[{"event_name":"Big Fish","player_choice":"Box","floor":3.0,"damage_taken":0.0},{"event_name":"Golden Idol","player_choice":"Take Damage","floor":4.0,"damage_taken":0.0},{"event_name":"Mushrooms","player_choice":"Healed and dodged fight","floor":11.0,"damage_taken":0.0},{"event_name":"Transmorgrifier","player_choice":"Transform","floor":19.0,"damage_taken":0.0},{"event_name":"The Lab","player_choice":"Got Potions","floor":20.0,"damage_taken":0.0},{"event_name":"Accursed Blacksmith","player_choice":"Forge","floor":38.0,"damage_taken":0.0}],"boss_relics":[],"potions_floor_spawned":[1,2,16,22,25,30,35,48],"seed_played":"-2391350446728194924","ascension_level":0,"is_trial":false}