{"gold_per_floor":[111,111,125,125,50,50,75,93,116,41,54,54,72,72,72,147,147,158,73,89,289,303,333,345,386,398,410,440,186,186,218,218,289,289,308,323,98,115,115,115,128,162,162,162,193,28,53,71,71,71,71,71,71,14,14],"floor_reached":55,"playtime":2550,"items_purged":["Strike_R","Strike_R","Strike_R+1"],"score":2001,"play_id":"96e5cbfe-a617-439d-b41a-bbb3cf63d2a9","local_time":"20190603133253","is_ascension_mode":true,"campfire_choices":[{"floor":6.0,"key":"REST"},{"data":"Uppercut","floor":12.0,"key":"SMITH"},{"data":"Rampage","floor":15.0,"key":"SMITH"},{"data":"Immolate","floor":24.0,"key":"SMITH"},{"data":"Power Through","floor":27.0,"key":"SMITH"},{"floor":32.0,"key":"REST"},{"data":"Enlightenment","floor":44.0,"key":"SMITH"},{"floor":49.0,"key":"RECALL"},{"data":"Limit Break","floor":53.0,"key":"SMITH"}],"neow_cost":"PERCENT_DAMAGE","seed_source_timestamp":158694302753780,"circlet_count":0,"master_deck":["AscendersBane","Defend_R+1","Defend_R","Defend_R+1","Defend_R+1","Bash","Rampage+1","Uppercut+1","Sentinel+1","Immolate+1","Power Through+1","Reaper","Reaper","True Grit+1","Reaper","Enlightenment+1","Reaper","Limit Break+1","Inflame","Second Wind"],"special_seed":0,"relics":["Burning Blood","Turnip","Omamori","Pocketwatch","Cursed Key","Ice Cream","MawBank","Singing Bowl","Dream Catcher","War Paint","Gremlin Horn","Philosopher\u0027s Stone","Ancient Tea Set","Thread and Needle","Pear","PreservedInsect","Potion Belt"],"potions_floor_usage":[55],"damage_taken":[{"damage":12.0,"enemies":"Jaw Worm","floor":1.0,"turns":3.0},{"damage":0.0,"enemies":"Small Slimes","floor":3.0,"turns":4.0},{"damage":32.0,"enemies":"Gremlin Nob","floor":7.0,"turns":4.0},{"damage":0.0,"enemies":"2 Louse","floor":8.0,"turns":4.0},{"damage":6.0,"enemies":"Exordium Thugs","floor":11.0,"turns":4.0},{"damage":0.0,"enemies":"Large Slime","floor":13.0,"turns":4.0},{"damage":1.0,"enemies":"The Guardian","floor":16.0,"turns":7.0},{"damage":0.0,"enemies":"Chosen","floor":18.0,"turns":3.0},{"damage":20.0,"enemies":"2 Thieves","floor":20.0,"turns":3.0},{"damage":5.0,"enemies":"Centurion and Healer","floor":22.0,"turns":5.0},{"damage":17.0,"enemies":"Gremlin Leader","floor":23.0,"turns":5.0},{"damage":33.0,"enemies":"Book of Stabbing","floor":25.0,"turns":4.0},{"damage":5.0,"enemies":"Snake Plant","floor":28.0,"turns":4.0},{"damage":40.0,"enemies":"Gremlin Leader","floor":31.0,"turns":6.0},{"damage":5.0,"enemies":"Collector","floor":33.0,"turns":10.0},{"damage":26.0,"enemies":"3 Darklings","floor":35.0,"turns":6.0},{"damage":15.0,"enemies":"3 Shapes","floor":36.0,"turns":3.0},{"damage":0.0,"enemies":"Maw","floor":38.0,"turns":9.0},{"damage":28.0,"enemies":"Spire Growth","floor":41.0,"turns":6.0},{"damage":63.0,"enemies":"Nemesis","floor":42.0,"turns":11.0},{"damage":47.0,"enemies":"Reptomancer","floor":45.0,"turns":6.0},{"damage":14.0,"enemies":"Giant Head","floor":47.0,"turns":8.0},{"damage":8.0,"enemies":"Writhing Mass","floor":48.0,"turns":10.0},{"damage":100.0,"enemies":"Donu and Deca","floor":50.0,"turns":12.0},{"damage":80.0,"enemies":"Time Eater","floor":51.0,"turns":15.0},{"damage":115,"enemies":"Shield and Spear","floor":55,"turns":5}],"seed_played":"7153687529466526811","potions_obtained":[{"floor":1.0,"key":"BloodPotion"},{"floor":7.0,"key":"Fire Potion"},{"floor":11.0,"key":"FearPotion"},{"floor":18.0,"key":"SteroidPotion"},{"floor":20.0,"key":"Block Potion"},{"floor":22.0,"key":"BloodPotion"},{"floor":33.0,"key":"Regen Potion"},{"floor":35.0,"key":"Fire Potion"},{"floor":36.0,"key":"GamblersBrew"},{"floor":45.0,"key":"FearPotion"}],"is_trial":false,"path_per_floor":["M","?","M","?","$","R","E","M","T","?","M","R","M","?","R","B",null,"M","?","M","?","M","E","R","E","T","R","M","$","?","E","R","B",null,"M","M","$","M","?","?","M","E","T","R","E","$","E","M","R","B","B",null,"R","$","E"],"character_chosen":"IRONCLAD","items_purchased":["War Paint","Enlightenment","Inflame","Second Wind","SpeedPotion"],"campfire_rested":2,"item_purchase_floors":[29,37,46,46,54],"current_hp_per_floor":[44,26,39,16,16,38,12,18,18,18,18,18,24,24,24,29,64,70,70,56,56,57,53,53,32,32,32,35,35,35,21,46,57,74,78,83,83,85,81,81,77,27,37,37,36,36,73,97,97,51,25,87,87,87,0],"gold":14,"neow_bonus":"ONE_RARE_RELIC","is_prod":false,"is_daily":false,"chose_seed":false,"campfire_upgraded":6,"win_rate":0,"timestamp":1559539973,"path_taken":["M","?","M","?","$","R","E","M","T","?","M","R","M","?","R","BOSS","M","?","M","?","?","E","R","E","T","R","M","?","?","E","R","BOSS","M","M","$","M","?","?","?","E","T","R","E","$","E","M","R","BOSS","BOSS","R","$","E"],"build_version":"2019-01-23","purchased_purges":3,"victory":false,"max_hp_per_floor":[75,75,75,75,75,75,75,75,75,75,75,75,75,75,75,75,75,75,75,75,75,75,75,75,75,75,75,77,77,77,77,79,79,79,81,83,83,85,91,91,93,93,103,103,103,103,105,107,107,107,107,107,107,107,107],"card_choices":[{"not_picked":["Flame Barrier","Sword Boomerang"],"picked":"Rampage","floor":1.0},{"not_picked":["Pommel Strike","Whirlwind","Reckless Charge"],"picked":"SKIP","floor":3.0},{"not_picked":["Body Slam","Searing Blow"],"picked":"Uppercut","floor":7.0},{"not_picked":["Clothesline","Dropkick"],"picked":"Sentinel","floor":8.0},{"not_picked":["Anger","Brutality","Iron Wave"],"picked":"SKIP","floor":11.0},{"not_picked":["Headbutt","Sword Boomerang","Cleave"],"picked":"SKIP","floor":13.0},{"not_picked":["Juggernaut","Demon Form"],"picked":"Immolate","floor":16.0},{"not_picked":["Clash","Headbutt","Thunderclap"],"picked":"SKIP","floor":18.0},{"not_picked":["Corruption","Pommel Strike","Metallicize"],"picked":"SKIP","floor":20.0},{"not_picked":["Sever Soul","Intimidate"],"picked":"Power Through","floor":22.0},{"not_picked":["Sentinel","Perfected Strike"],"picked":"Reaper","floor":23.0},{"not_picked":["Flame Barrier","Shrug It Off"],"picked":"Reaper","floor":25.0},{"not_picked":["Infernal Blade","Cleave","Warcry"],"picked":"Singing Bowl","floor":28.0},{"not_picked":["Flex","Iron Wave"],"picked":"True Grit+1","floor":31.0},{"not_picked":["Thunderclap","Rage","Metallicize"],"picked":"Singing Bowl","floor":32.0},{"not_picked":["Fiend Fire","Bludgeon"],"picked":"Reaper","floor":33.0},{"not_picked":["Sword Boomerang","Battle Trance","Warcry"],"picked":"Singing Bowl","floor":35.0},{"not_picked":["Infernal Blade","Battle Trance+1","Headbutt"],"picked":"Singing Bowl","floor":36.0},{"not_picked":["Rampage+1","Shrug It Off","Twin Strike+1"],"picked":"Singing Bowl","floor":38.0},{"not_picked":["PanicButton","Dramatic Entrance","Flash of Steel"],"picked":"Singing Bowl","floor":39.0},{"not_picked":["Dark Shackles","PanicButton","Master of Strategy"],"picked":"Singing Bowl","floor":39.0},{"not_picked":["Jack Of All Trades","Flash of Steel","Bandage Up"],"picked":"Singing Bowl","floor":39.0},{"not_picked":["Sword Boomerang","Metallicize","Iron Wave"],"picked":"Singing Bowl","floor":41.0},{"not_picked":["Spot Weakness","Cleave"],"picked":"Reaper","floor":42.0},{"not_picked":["Havoc","Whirlwind+1"],"picked":"Limit Break","floor":45.0},{"not_picked":["Sever Soul","Dual Wield+1","Shrug It Off"],"picked":"Singing Bowl","floor":47.0},{"not_picked":["Anger","Heavy Blade","Iron Wave"],"picked":"Singing Bowl","floor":48.0}],"player_experience":5015705,"relics_obtained":[{"floor":7.0,"key":"Pocketwatch"},{"floor":23.0,"key":"MawBank"},{"floor":25.0,"key":"Singing Bowl"},{"floor":26.0,"key":"Dream Catcher"},{"floor":31.0,"key":"Gremlin Horn"},{"floor":42.0,"key":"Thread and Needle"},{"floor":43.0,"key":"Pear"},{"floor":45.0,"key":"PreservedInsect"},{"floor":47.0,"key":"Potion Belt"}],"event_choices":[{"damage_healed":0.0,"max_hp_gain":0.0,"max_hp_loss":0.0,"gold_gain":0.0,"event_name":"Scrap Ooze","player_choice":"Success","floor":2.0,"gold_loss":0.0,"damage_taken":18.0,"relics_obtained":["Omamori"]},{"damage_healed":0.0,"max_hp_gain":0.0,"max_hp_loss":0.0,"gold_gain":0.0,"event_name":"Shining Light","player_choice":"Entered Light","floor":4.0,"gold_loss":0.0,"damage_taken":23.0,"cards_upgraded":["Defend_R","Strike_R"]},{"cards_removed":["Strike_R"],"damage_healed":0.0,"max_hp_gain":0.0,"max_hp_loss":0.0,"gold_gain":0.0,"event_name":"The Cleric","player_choice":"Card Removal","floor":10.0,"gold_loss":75.0,"damage_taken":0.0},{"cards_removed":["Strike_R"],"damage_healed":0.0,"max_hp_gain":0.0,"max_hp_loss":0.0,"gold_gain":0.0,"event_name":"Living Wall","player_choice":"Forget","floor":14.0,"gold_loss":0.0,"damage_taken":0.0},{"damage_healed":0.0,"max_hp_gain":0.0,"max_hp_loss":0.0,"gold_gain":0.0,"event_name":"Addict","player_choice":"Obtained Relic","floor":19.0,"gold_loss":85.0,"damage_taken":0.0,"relics_obtained":["Ice Cream"]},{"damage_healed":0.0,"max_hp_gain":0.0,"max_hp_loss":0.0,"gold_gain":250.0,"event_name":"The Joust","player_choice":"Bet on Owner","floor":21.0,"gold_loss":50.0,"damage_taken":0.0},{"damage_healed":0.0,"max_hp_gain":0.0,"max_hp_loss":0.0,"gold_gain":0.0,"event_name":"Upgrade Shrine","player_choice":"Upgraded","floor":30.0,"gold_loss":0.0,"damage_taken":0.0,"cards_upgraded":["Sentinel"]},{"damage_healed":0.0,"max_hp_gain":0.0,"max_hp_loss":0.0,"gold_gain":0.0,"event_name":"SensoryStone","player_choice":"Memory 3","floor":39.0,"gold_loss":0.0,"damage_taken":10.0},{"damage_healed":0.0,"max_hp_gain":0.0,"max_hp_loss":0.0,"gold_gain":0.0,"event_name":"WeMeetAgain","player_choice":"Gave Potion","floor":40.0,"gold_loss":0.0,"damage_taken":0.0,"relics_obtained":["Ancient Tea Set"]}],"is_beta":false,"boss_relics":[{"not_picked":["Calling Bell","Runic Pyramid"],"picked":"Cursed Key"},{"not_picked":["Pandora\u0027s Box","Fusion Hammer"],"picked":"Philosopher\u0027s Stone"}],"items_purged_floors":[5,29,37],"is_endless":false,"potions_floor_spawned":[1,7,11,18,20,22,33,35,36,45],"killed_by":"Shield and Spear","ascension_level":20}