{"gold_per_floor":[119,138,149,199,169,169,199,209,235,247,22,34,34,34,34,113,113,127,143,7,0,15,46,59,59,109,129,129,129,141,173,173,247,247,267,102,102,152,169,169,19,31,85,85],"floor_reached":44,"playtime":1498,"items_purged":["Strike_G","Strike_G","Strike_G","Calculated Gamble"],"score":963,"play_id":"670d6aee-2a0f-4f8b-b104-b7c94bdffd30","local_time":"20190207211617","is_ascension_mode":true,"campfire_choices":[{"data":"Deadly Poison","floor":6.0,"key":"SMITH"},{"data":"Noxious Fumes","floor":13.0,"key":"SMITH"},{"data":"Neutralize","floor":15.0,"key":"SMITH"},{"floor":25.0,"key":"REST"},{"floor":28.0,"key":"REST"},{"floor":32.0,"key":"REST"}],"neow_cost":"NONE","seed_source_timestamp":28560745507065,"circlet_count":0,"master_deck":["AscendersBane","Defend_G","Defend_G","Defend_G","Defend_G","Defend_G","Survivor","Neutralize+1","Deadly Poison+1","PiercingWail","Backflip","Grand Finale+1","Terror+1","Calculated Gamble+1","Crippling Poison+1","Well Laid Plans+1","Tactician","Reflex","Prepared+1"],"special_seed":0,"relics":["Ring of the Snake","Potion Belt","Happy Flower","Snake Skull","Astrolabe","Bronze Scales","Boot","Omamori","Sozu","Bag of Marbles"],"potions_floor_usage":[44],"damage_taken":[{"damage":9.0,"enemies":"Cultist","floor":1.0,"turns":5.0},{"damage":2.0,"enemies":"Small Slimes","floor":2.0,"turns":4.0},{"damage":0.0,"enemies":"2 Louse","floor":3.0,"turns":2.0},{"damage":0.0,"enemies":"Looter","floor":5.0,"turns":4.0},{"damage":24.0,"enemies":"Lagavulin","floor":7.0,"turns":7.0},{"damage":3.0,"enemies":"2 Fungi Beasts","floor":8.0,"turns":4.0},{"damage":1.0,"enemies":"Red Slaver","floor":10.0,"turns":5.0},{"damage":6.0,"enemies":"Large Slime","floor":12.0,"turns":6.0},{"damage":0.0,"enemies":"Hexaghost","floor":16.0,"turns":6.0},{"damage":0.0,"enemies":"3 Byrds","floor":18.0,"turns":4.0},{"damage":1.0,"enemies":"Shell Parasite","floor":19.0,"turns":3.0},{"damage":21.0,"enemies":"Snake Plant","floor":22.0,"turns":5.0},{"damage":15.0,"enemies":"Book of Stabbing","floor":23.0,"turns":5.0},{"damage":10.0,"enemies":"Snecko","floor":24.0,"turns":4.0},{"damage":5.0,"enemies":"Centurion and Healer","floor":27.0,"turns":6.0},{"damage":14.0,"enemies":"Sentry and Sphere","floor":30.0,"turns":4.0},{"damage":12.0,"enemies":"Gremlin Leader","floor":31.0,"turns":6.0},{"damage":0.0,"enemies":"Automaton","floor":33.0,"turns":6.0},{"damage":6.0,"enemies":"3 Shapes","floor":35.0,"turns":5.0},{"damage":6.0,"enemies":"Orb Walker","floor":39.0,"turns":5.0},{"damage":31.0,"enemies":"Transient","floor":42.0,"turns":5.0},{"damage":13,"enemies":"Maw","floor":44,"turns":2}],"seed_played":"-2479170690026360236","potions_obtained":[{"floor":0.0,"key":"SteroidPotion"},{"floor":0.0,"key":"Ancient Potion"},{"floor":7.0,"key":"Ancient Potion"},{"floor":10.0,"key":"FearPotion"},{"floor":19.0,"key":"Swift Potion"},{"floor":22.0,"key":"Weak Potion"},{"floor":30.0,"key":"PowerPotion"},{"floor":33.0,"key":"Poison Potion"}],"is_trial":false,"path_per_floor":["M","M","M","?","M","R","E","M","T","M","$","M","R","?","R","B",null,"M","M","$","?","M","E","M","R","T","M","R","?","M","E","R","B",null,"M","$","?","?","M","T","$","M","T","M"],"character_chosen":"THE_SILENT","items_purchased":["Snake Skull","Calculated Gamble","Reflex"],"campfire_rested":3,"item_purchase_floors":[11,20,36],"current_hp_per_floor":[50,48,48,48,48,48,24,21,21,20,20,14,14,7,7,7,51,51,50,50,50,29,14,4,23,23,18,37,37,23,11,30,30,57,51,51,51,45,39,39,39,8,8,0],"gold":85,"neow_bonus":"THREE_SMALL_POTIONS","is_prod":false,"is_daily":false,"chose_seed":false,"campfire_upgraded":3,"win_rate":0,"timestamp":1549545377,"path_taken":["M","?","M","?","?","R","E","M","T","M","$","M","R","?","R","BOSS","M","M","$","?","M","E","M","R","T","M","R","?","M","E","R","BOSS","M","$","?","?","?","?","$","M","T","M"],"build_version":"2019-01-23","purchased_purges":4,"victory":false,"max_hp_per_floor":[66,66,66,66,66,66,66,66,66,66,66,66,66,66,66,66,66,66,66,66,66,66,66,66,66,66,66,66,66,66,66,66,66,66,66,66,66,66,66,66,66,66,66,66],"card_choices":[{"not_picked":["Well Laid Plans","Deflect"],"picked":"Deadly Poison","floor":1.0},{"not_picked":["Cloak And Dagger","Finisher"],"picked":"PiercingWail","floor":2.0},{"not_picked":["Glass Knife","Terror"],"picked":"Backflip","floor":3.0},{"not_picked":["Flechettes","Footwork"],"picked":"Poisoned Stab","floor":5.0},{"not_picked":["Caltrops","Blade Dance"],"picked":"Noxious Fumes","floor":7.0},{"not_picked":["PiercingWail","Bane","Cloak And Dagger"],"picked":"SKIP","floor":8.0},{"not_picked":["Masterful Stab","All Out Attack","Dodge and Roll"],"picked":"SKIP","floor":10.0},{"not_picked":["Prepared","Masterful Stab"],"picked":"Grand Finale","floor":12.0},{"not_picked":["Poisoned Stab","Dash","PiercingWail"],"picked":"SKIP","floor":18.0},{"not_picked":["Bane","Cloak And Dagger","Backflip"],"picked":"SKIP","floor":19.0},{"not_picked":["Endless Agony+1","Quick Slash","Calculated Gamble+1"],"picked":"SKIP","floor":22.0},{"not_picked":["Bane","Blade Dance","Finisher"],"picked":"SKIP","floor":23.0},{"not_picked":["Flying Knee","Blade Dance"],"picked":"Well Laid Plans+1","floor":24.0},{"not_picked":["Underhanded Strike+1","Deflect","Setup"],"picked":"SKIP","floor":27.0},{"not_picked":["Prepared","Storm of Steel"],"picked":"Tactician","floor":30.0},{"not_picked":["Dagger Spray","Setup+1","Concentrate"],"picked":"SKIP","floor":31.0},{"not_picked":["Dagger Spray","Setup+1","Concentrate"],"picked":"SKIP","floor":31.0},{"not_picked":["PiercingWail","Setup","Accuracy"],"picked":"SKIP","floor":35.0},{"not_picked":["Escape Plan","Quick Slash"],"picked":"Prepared+1","floor":39.0},{"not_picked":["Blade Dance","Dodge and Roll","Backflip"],"picked":"SKIP","floor":42.0}],"player_experience":1437319,"relics_obtained":[{"floor":7.0,"key":"Potion Belt"},{"floor":9.0,"key":"Happy Flower"},{"floor":23.0,"key":"Bronze Scales"},{"floor":26.0,"key":"Boot"},{"floor":31.0,"key":"Omamori"},{"floor":43.0,"key":"Bag of Marbles"}],"event_choices":[{"damage_healed":0.0,"max_hp_gain":0.0,"max_hp_loss":0.0,"gold_gain":50.0,"event_name":"Golden Shrine","player_choice":"Pray","floor":4.0,"gold_loss":0.0,"damage_taken":0.0},{"cards_removed":["Strike_G"],"damage_healed":0.0,"max_hp_gain":0.0,"max_hp_loss":0.0,"gold_gain":0.0,"event_name":"Golden Wing","player_choice":"Card Removal","floor":14.0,"gold_loss":0.0,"damage_taken":7.0},{"damage_healed":0.0,"max_hp_gain":0.0,"max_hp_loss":0.0,"gold_gain":0.0,"event_name":"Masked Bandits","player_choice":"Paid Fearfully","floor":21.0,"gold_loss":7.0,"damage_taken":0.0},{"damage_healed":0.0,"max_hp_gain":0.0,"max_hp_loss":0.0,"gold_gain":0.0,"event_name":"Upgrade Shrine","player_choice":"Upgraded","floor":29.0,"gold_loss":0.0,"damage_taken":0.0,"cards_upgraded":["Grand Finale"]},{"damage_healed":0.0,"max_hp_gain":0.0,"max_hp_loss":0.0,"gold_gain":0.0,"event_name":"Mysterious Sphere","player_choice":"Ignored","floor":37.0,"gold_loss":0.0,"damage_taken":0.0},{"damage_healed":0.0,"max_hp_gain":0.0,"max_hp_loss":0.0,"gold_gain":50.0,"event_name":"FaceTrader","player_choice":"Touch","floor":38.0,"gold_loss":0.0,"damage_taken":6.0}],"is_beta":false,"boss_relics":[{"not_picked":["Calling Bell","Lizard Tail"],"picked":"Astrolabe"},{"not_picked":["Velvet Choker","Ring of the Serpent"],"picked":"Sozu"}],"items_purged_floors":[11,20,36,41],"is_endless":false,"potions_floor_spawned":[2,3,7,10,19,22,30,33,42],"killed_by":"Maw","ascension_level":15}