{"gold_per_floor":[110,110,67,67,84,84,104,116,169,183,198,209,219,248,248,327,327,347,55,55,55,69,69,169,169,169,169,169,195,195,208,208,285,285,296,313,413,432,451,451,477,281,281,331,350,380,398,63,63,63,63,63,63,63,89,89],"floor_reached":57,"playtime":3951,"items_purged":["Storm of Steel","Cloak And Dagger","Caltrops"],"score":3078,"play_id":"7f707634-72fc-4a85-99b9-e43bc36950a8","local_time":"20190202162415","is_ascension_mode":true,"campfire_choices":[{"data":"Tactician","floor":6.0,"key":"SMITH"},{"data":"Reflex","floor":15.0,"key":"SMITH"},{"data":"Calculated Gamble","floor":23.0,"key":"SMITH"},{"data":"Acrobatics","floor":25,"key":"SMITH"},{"data":"Well Laid Plans","floor":27,"key":"SMITH"},{"data":"Terror","floor":30,"key":"SMITH"},{"data":"Ghostly","floor":32,"key":"SMITH"},{"data":"Blade Dance","floor":40,"key":"PURGE"},{"floor":49,"key":"RECALL"},{"data":"Leg Sweep","floor":53,"key":"PURGE"}],"neow_cost":"NONE","seed_source_timestamp":426151751141055,"circlet_count":0,"master_deck":["AscendersBane","Survivor","Neutralize+1","Eviscerate+1","Calculated Gamble+1","Doppelganger","Terror+1","Footwork","Well Laid Plans+1","Tactician+1","Crippling Poison","Acrobatics+1","Reflex+1","Expertise","Ghostly+1","Ghostly","Ghostly","Panacea","Skewer+1"],"special_seed":0,"relics":["Pandora\u0027s Box","Whetstone","Lantern","Runic Dome","TheAbacus","Nunchaku","Letter Opener","Bag of Marbles","Happy Flower","Busted Crown","Peace Pipe","Art of War","Shovel","Lee\u0027s Waffle","Strawberry"],"potions_floor_usage":[24,24,39,55],"damage_taken":[{"damage":1.0,"enemies":"Jaw Worm","floor":1.0,"turns":6.0},{"damage":2.0,"enemies":"Small Slimes","floor":5.0,"turns":3.0},{"damage":6.0,"enemies":"Cultist","floor":7.0,"turns":4.0},{"damage":21.0,"enemies":"Gremlin Gang","floor":8.0,"turns":3.0},{"damage":10.0,"enemies":"3 Louse","floor":10.0,"turns":4.0},{"damage":11.0,"enemies":"Exordium Wildlife","floor":11.0,"turns":5.0},{"damage":2.0,"enemies":"Looter","floor":12.0,"turns":3.0},{"damage":6.0,"enemies":"Large Slime","floor":13.0,"turns":3.0},{"damage":0.0,"enemies":"Gremlin Nob","floor":14.0,"turns":3.0},{"damage":0.0,"enemies":"The Guardian","floor":16.0,"turns":10.0},{"damage":8.0,"enemies":"2 Thieves","floor":18.0,"turns":4.0},{"damage":7.0,"enemies":"3 Byrds","floor":22.0,"turns":4.0},{"damage":5,"enemies":"Colosseum Slavers","floor":24,"turns":5},{"damage":20,"enemies":"Colosseum Nobs","floor":24,"turns":4},{"damage":0,"enemies":"Shelled Parasite and Fungi","floor":31,"turns":3},{"damage":0,"enemies":"Automaton","floor":33,"turns":4},{"damage":2,"enemies":"3 Darklings","floor":35,"turns":3},{"damage":1,"enemies":"Orb Walker","floor":36,"turns":3},{"damage":0,"enemies":"Mind Bloom Boss Battle","floor":37,"turns":3},{"damage":5,"enemies":"3 Darklings","floor":38,"turns":3},{"damage":15,"enemies":"Transient","floor":39,"turns":3},{"damage":0,"enemies":"Giant Head","floor":41,"turns":2},{"damage":0,"enemies":"Spire Growth","floor":45,"turns":3},{"damage":1,"enemies":"Reptomancer","floor":46,"turns":4},{"damage":0,"enemies":"Jaw Worm Horde","floor":47,"turns":2},{"damage":0,"enemies":"Awakened One","floor":50,"turns":3},{"damage":2,"enemies":"Donu and Deca","floor":51,"turns":3},{"damage":21,"enemies":"Shield and Spear","floor":55,"turns":8},{"damage":24,"enemies":"The Heart","floor":56,"turns":7}],"seed_played":"-4802318394019882737","potions_obtained":[{"floor":1.0,"key":"Weak Potion"},{"floor":4.0,"key":"LiquidBronze"},{"floor":11.0,"key":"Strength Potion"},{"floor":12.0,"key":"Energy Potion"},{"floor":14.0,"key":"GhostInAJar"},{"floor":16.0,"key":"SpeedPotion"},{"floor":18.0,"key":"Fire Potion"},{"floor":22.0,"key":"GamblersBrew"},{"floor":31,"key":"Regen Potion"},{"floor":36,"key":"GhostInAJar"},{"floor":47,"key":"Regen Potion"},{"floor":55,"key":"GhostInAJar"}],"is_trial":false,"path_per_floor":["M","?","$","?","M","R","M","M","T","M","M","M","M","E","R","B",null,"M","$","?","$","M","R","?","R","T","R","?","T","R","M","R","B",null,"M","M","?","M","M","R","E","$","T","?","M","E","M","$","R","B","B",null,"R","$","E","B",null],"character_chosen":"THE_SILENT","items_purchased":["Well Laid Plans","TheAbacus","Panacea","Lee\u0027s Waffle"],"campfire_rested":0,"item_purchase_floors":[3,19,42,48],"current_hp_per_floor":[58,63,63,63,61,61,55,34,34,24,13,11,5,5,5,5,55,47,47,47,47,40,40,15,15,15,15,15,15,15,15,15,15,30,28,27,27,22,16,16,16,16,16,16,16,15,15,42,42,42,40,42,42,42,43,19],"gold":89,"neow_bonus":"BOSS_RELIC","is_prod":false,"is_daily":false,"chose_seed":false,"campfire_upgraded":7,"win_rate":0,"timestamp":1549095855,"path_taken":["M","?","$","?","M","R","M","M","T","M","?","M","?","E","R","BOSS","M","$","?","$","M","R","?","R","T","R","?","?","R","M","R","BOSS","M","M","?","M","M","R","E","$","T","?","M","E","M","$","R","BOSS","BOSS","R","$","E","BOSS"],"build_version":"2019-01-23","purchased_purges":3,"victory":true,"max_hp_per_floor":[66,71,71,71,71,71,71,71,71,71,71,71,71,71,71,71,71,71,71,71,71,71,71,71,71,71,71,35,35,35,35,35,35,35,35,35,35,35,35,35,35,35,35,35,35,35,35,42,42,42,42,42,42,42,49,49],"card_choices":[{"not_picked":["Bouncing Flask","Cloak And Dagger"],"picked":"Footwork","floor":1.0},{"not_picked":["Slice","Bane"],"picked":"Tactician","floor":5.0},{"not_picked":["Choke","Flechettes","Dodge and Roll"],"picked":"SKIP","floor":7.0},{"not_picked":["Skewer","Catalyst"],"picked":"Crippling Poison","floor":8.0},{"not_picked":["Dagger Throw","Poisoned Stab"],"picked":"Acrobatics","floor":10.0},{"not_picked":["Prepared","Outmaneuver"],"picked":"Reflex","floor":11.0},{"not_picked":["Heel Hook","Poisoned Stab"],"picked":"Expertise","floor":12.0},{"not_picked":["Poisoned Stab","Tactician","Backstab"],"picked":"SKIP","floor":13.0},{"not_picked":["Crippling Poison","Skewer","Dagger Throw"],"picked":"SKIP","floor":14.0},{"not_picked":["Deflect","Dagger Spray","Blade Dance"],"picked":"SKIP","floor":18.0},{"not_picked":["Poisoned Stab+1","Dagger Spray","Acrobatics"],"picked":"SKIP","floor":22.0},{"not_picked":["Dagger Spray+1","Slice","Prepared"],"picked":"SKIP","floor":31},{"not_picked":["Flying Knee"],"picked":"SKIP","floor":35},{"not_picked":["Outmaneuver"],"picked":"SKIP","floor":36},{"not_picked":["Riddle With Holes+1"],"picked":"SKIP","floor":38},{"not_picked":["Flying Knee"],"picked":"SKIP","floor":39},{"not_picked":["Bouncing Flask+1"],"picked":"SKIP","floor":41},{"not_picked":["Flying Knee+1"],"picked":"SKIP","floor":45},{"not_picked":["Underhanded Strike"],"picked":"SKIP","floor":46},{"not_picked":["Bane+1"],"picked":"SKIP","floor":47},{"not_picked":[],"picked":"Skewer+1","floor":55}],"player_experience":705523,"relics_obtained":[{"floor":9.0,"key":"Whetstone"},{"floor":14.0,"key":"Lantern"},{"floor":24,"key":"Nunchaku"},{"floor":24,"key":"Letter Opener"},{"floor":26,"key":"Bag of Marbles"},{"floor":29,"key":"Happy Flower"},{"floor":37,"key":"Peace Pipe"},{"floor":41,"key":"Art of War"},{"floor":46,"key":"Shovel"},{"floor":55,"key":"Strawberry"}],"event_choices":[{"damage_healed":0.0,"max_hp_gain":5.0,"max_hp_loss":0.0,"gold_gain":0.0,"event_name":"Big Fish","player_choice":"Donut","floor":2.0,"gold_loss":0.0,"damage_taken":0.0},{"damage_healed":0.0,"max_hp_gain":0.0,"max_hp_loss":0.0,"gold_gain":0.0,"event_name":"Lab","player_choice":"Got Potions","floor":4.0,"gold_loss":0.0,"damage_taken":0.0},{"cards_removed":["Caltrops"],"damage_healed":0.0,"max_hp_gain":0.0,"max_hp_loss":0.0,"gold_gain":0.0,"event_name":"Back to Basics","player_choice":"Elegance","floor":20.0,"gold_loss":0.0,"damage_taken":0.0},{"damage_healed":0,"gold_gain":0,"player_choice":"Fight","damage_taken":0,"max_hp_gain":0,"max_hp_loss":0,"event_name":"Colosseum","floor":24,"gold_loss":0},{"damage_healed":0,"gold_gain":0,"player_choice":"Fought Nobs","damage_taken":0,"max_hp_gain":0,"max_hp_loss":0,"event_name":"Colosseum","floor":24,"gold_loss":0},{"damage_healed":0,"gold_gain":0,"player_choice":"Became a Ghost","damage_taken":0,"max_hp_gain":0,"max_hp_loss":36,"event_name":"Ghosts","floor":28,"gold_loss":0,"cards_obtained":["Ghostly","Ghostly","Ghostly"]},{"damage_healed":0,"gold_gain":0,"player_choice":"Fight","damage_taken":0,"max_hp_gain":0,"max_hp_loss":0,"event_name":"MindBloom","floor":37,"gold_loss":0},{"damage_healed":0,"gold_gain":50,"player_choice":"Pray","damage_taken":0,"max_hp_gain":0,"max_hp_loss":0,"event_name":"Golden Shrine","floor":44,"gold_loss":0}],"is_beta":false,"boss_relics":[{"not_picked":["Snecko Eye","White Beast Statue"],"picked":"Runic Dome"},{"not_picked":["Sozu","Cursed Key"],"picked":"Busted Crown"}],"items_purged_floors":[19,42,48],"is_endless":false,"potions_floor_spawned":[1,11,12,14,16,18,22,31,36,37,47,55],"ascension_level":20}