{"gold_per_floor":[116,116,127,140,15,15,40,40,66,77,95,95,114,139,139,214,214,231,260,260,118,118,153,153,78,103,103,118,137,151,26,26,101,101,117,133,37,37,91,91,91,119,166,177,177,177,277,290,290,290,290,290,290,51,77,77],"floor_reached":57,"playtime":4762,"items_purged":["Strike_G","Strike_G+1","Strike_G+1","Dagger Spray"],"score":2596,"play_id":"230b875b-6945-4ecd-b5d9-4785a888043a","local_time":"20190720172906","is_ascension_mode":true,"campfire_choices":[{"data":"A Thousand Cuts","floor":6.0,"key":"SMITH"},{"floor":8.0,"key":"REST"},{"data":"Footwork","floor":12.0,"key":"SMITH"},{"data":"Bouncing Flask","floor":15.0,"key":"SMITH"},{"floor":24.0,"key":"REST"},{"data":"Outmaneuver","floor":27.0,"key":"SMITH"},{"floor":32.0,"key":"REST"},{"floor":40,"key":"REST"},{"floor":45,"key":"RECALL"},{"data":"Apotheosis","floor":49,"key":"SMITH"},{"floor":53,"key":"REST"}],"neow_cost":"NONE","seed_source_timestamp":72489912574192,"circlet_count":0,"master_deck":["AscendersBane","Defend_G+1","Defend_G+1","Defend_G+1","Defend_G+1","Defend_G+1","Survivor","Neutralize","A Thousand Cuts+1","Bouncing Flask+1","Quick Slash","Dagger Throw","PiercingWail","After Image","Adrenaline+1","Deflect","Footwork+1","Dodge and Roll","Backstab","Adrenaline","Outmaneuver+1","Backflip","Crippling Poison+1","Dash","Burst","Blur","Concentrate","Finesse","Apotheosis+1","Bandage Up","Thinking Ahead","Catalyst","Calculated Gamble","Backflip"],"special_seed":0,"relics":["Orrery","Orichalcum","Blood Vial","Odd Mushroom","Runic Pyramid","Red Mask","War Paint","Philosopher\u0027s Stone","Tough Bandages","Calipers","Centennial Puzzle","Tingsha","Bronze Scales"],"potions_floor_usage":[39,39,50,56],"damage_taken":[{"damage":0.0,"enemies":"2 Louse","floor":1.0,"turns":4.0},{"damage":0.0,"enemies":"Cultist","floor":3.0,"turns":3.0},{"damage":1.0,"enemies":"Small Slimes","floor":4.0,"turns":4.0},{"damage":43.0,"enemies":"3 Sentries","floor":7.0,"turns":10.0},{"damage":0.0,"enemies":"3 Louse","floor":10.0,"turns":3.0},{"damage":0.0,"enemies":"2 Fungi Beasts","floor":11.0,"turns":4.0},{"damage":0.0,"enemies":"Looter","floor":13.0,"turns":4.0},{"damage":0.0,"enemies":"The Mushroom Lair","floor":14.0,"turns":4.0},{"damage":28.0,"enemies":"Hexaghost","floor":16.0,"turns":11.0},{"damage":3.0,"enemies":"Spheric Guardian","floor":18.0,"turns":6.0},{"damage":35.0,"enemies":"Masked Bandits","floor":19.0,"turns":4.0},{"damage":8.0,"enemies":"Slavers","floor":23.0,"turns":5.0},{"damage":2.0,"enemies":"3 Byrds","floor":28.0,"turns":5.0},{"damage":6.0,"enemies":"Shelled Parasite and Fungi","floor":29.0,"turns":5.0},{"damage":0.0,"enemies":"Centurion and Healer","floor":30.0,"turns":9.0},{"damage":36.0,"enemies":"Collector","floor":33.0,"turns":12.0},{"damage":0,"enemies":"Orb Walker","floor":35,"turns":4},{"damage":18,"enemies":"3 Shapes","floor":36,"turns":3},{"damage":19,"enemies":"2 Orb Walkers","floor":39,"turns":4},{"damage":0,"enemies":"Nemesis","floor":42,"turns":11},{"damage":3,"enemies":"Sphere and 2 Shapes","floor":44,"turns":7},{"damage":0,"enemies":"Mind Bloom Boss Battle","floor":47,"turns":5},{"damage":7,"enemies":"Writhing Mass","floor":48,"turns":6},{"damage":13,"enemies":"Awakened One","floor":50,"turns":14},{"damage":68,"enemies":"Donu and Deca","floor":51,"turns":16},{"damage":21,"enemies":"Shield and Spear","floor":55,"turns":9},{"damage":34,"enemies":"The Heart","floor":56,"turns":9}],"seed_played":"624666476897687159","potions_obtained":[{"floor":10.0,"key":"Fire Potion"},{"floor":11.0,"key":"Dexterity Potion"},{"floor":16.0,"key":"Regen Potion"},{"floor":19.0,"key":"Energy Potion"},{"floor":33.0,"key":"Strength Potion"},{"floor":36,"key":"Regen Potion"},{"floor":42,"key":"Explosive Potion"},{"floor":48,"key":"PowerPotion"}],"is_trial":false,"path_per_floor":["M","?","M","M","$","R","E","R","T","M","M","R","M","?","R","B",null,"M","?","?","$","?","E","R","?","T","R","M","M","M","$","R","B",null,"M","M","$","?","?","R","$","E","T","M","R","$","?","M","R","B","B",null,"R","$","E","B",null],"character_chosen":"THE_SILENT","items_purchased":["Deflect","Crippling Poison","Finesse","Calculated Gamble"],"campfire_rested":5,"item_purchase_floors":[5,21,37,54],"current_hp_per_floor":[59,59,59,58,58,58,15,34,34,36,38,38,40,42,42,16,54,53,34,34,34,13,7,26,26,26,26,26,22,24,24,43,9,52,54,38,38,28,25,44,44,58,58,63,63,63,65,66,66,65,10,52,66,66,57,37],"gold":77,"neow_bonus":"BOSS_RELIC","is_prod":false,"is_daily":false,"chose_seed":false,"campfire_upgraded":5,"win_rate":0,"timestamp":1563636546,"path_taken":["M","?","M","?","$","R","E","R","T","M","?","R","M","?","R","BOSS","M","?","?","$","?","E","R","?","T","R","M","M","M","?","R","BOSS","M","M","?","?","?","R","$","E","T","M","R","$","?","M","R","BOSS","BOSS","R","$","E","BOSS"],"build_version":"2019-07-17","purchased_purges":4,"victory":true,"max_hp_per_floor":[66,66,66,66,66,66,66,66,66,66,66,66,66,66,66,66,66,66,66,66,66,66,66,66,66,66,66,66,66,66,66,66,66,66,66,66,66,66,66,66,66,66,66,66,66,66,66,66,66,66,66,66,66,66,66,66],"card_choices":[{"not_picked":["Underhanded Strike","Terror"],"picked":"A Thousand Cuts","floor":0.0},{"not_picked":["Dagger Spray","Poisoned Stab"],"picked":"Bouncing Flask","floor":0.0},{"not_picked":["PiercingWail","Infinite Blades"],"picked":"Quick Slash","floor":0.0},{"not_picked":["Slice","Riddle With Holes"],"picked":"Dagger Throw","floor":0.0},{"not_picked":["Flechettes","Bouncing Flask"],"picked":"PiercingWail","floor":0.0},{"not_picked":["Flying Knee","Bane","Reflex"],"picked":"SKIP","floor":1.0},{"not_picked":["Dagger Throw","Reflex"],"picked":"Adrenaline","floor":3.0},{"not_picked":["Underhanded Strike","Bane"],"picked":"Dagger Spray","floor":4.0},{"not_picked":["Finisher","Heel Hook"],"picked":"Footwork","floor":7.0},{"not_picked":["Tactician","Bane","Setup"],"picked":"SKIP","floor":10.0},{"not_picked":["Eviscerate","Terror"],"picked":"Dodge and Roll","floor":11.0},{"not_picked":["Quick Slash","Noxious Fumes"],"picked":"Backstab","floor":13.0},{"not_picked":["Corpse Explosion","Phantasmal Killer"],"picked":"Adrenaline","floor":16.0},{"not_picked":["Quick Slash","Cloak And Dagger"],"picked":"Outmaneuver","floor":18.0},{"not_picked":["Well Laid Plans","Choke"],"picked":"Backflip","floor":19.0},{"not_picked":["Dagger Spray","Quick Slash","Dagger Throw"],"picked":"SKIP","floor":23.0},{"not_picked":["Quick Slash","Sucker Punch"],"picked":"Dash","floor":28.0},{"not_picked":["Blade Dance+1","Skewer","Envenom"],"picked":"SKIP","floor":29.0},{"not_picked":["Dagger Throw","Setup","Expertise"],"picked":"SKIP","floor":30.0},{"not_picked":["Envenom","Phantasmal Killer"],"picked":"Burst","floor":33.0},{"not_picked":["Blade Dance","Expertise"],"picked":"Blur","floor":35},{"not_picked":["Slice","Poisoned Stab+1"],"picked":"Concentrate","floor":36},{"not_picked":["Deep Breath","Bandage Up"],"picked":"Apotheosis","floor":38},{"not_picked":["Mind Blast","Trip"],"picked":"Bandage Up","floor":38},{"not_picked":["Dark Shackles","Enlightenment"],"picked":"Thinking Ahead","floor":38},{"not_picked":["Setup","Quick Slash"],"picked":"Catalyst","floor":42},{"not_picked":["Accuracy","Bouncing Flask","Dagger Throw"],"picked":"SKIP","floor":44},{"not_picked":["Bane","Underhanded Strike","Bouncing Flask"],"picked":"SKIP","floor":48},{"not_picked":["Outmaneuver+1","Escape Plan+1"],"picked":"Backflip","floor":55}],"player_experience":732695,"relics_obtained":[{"floor":7.0,"key":"Orichalcum"},{"floor":9.0,"key":"Blood Vial"},{"floor":14.0,"key":"Odd Mushroom"},{"floor":19.0,"key":"Red Mask"},{"floor":23.0,"key":"War Paint"},{"floor":39,"key":"Tough Bandages"},{"floor":42,"key":"Calipers"},{"floor":43,"key":"Centennial Puzzle"},{"floor":47,"key":"Tingsha"},{"floor":55,"key":"Bronze Scales"}],"event_choices":[{"damage_healed":0.0,"max_hp_gain":0.0,"max_hp_loss":0.0,"gold_gain":0.0,"cards_transformed":["Strike_G"],"event_name":"Transmorgrifier","player_choice":"Transformed","floor":2.0,"gold_loss":0.0,"damage_taken":0.0,"cards_obtained":["After Image"]},{"damage_healed":0.0,"max_hp_gain":0.0,"max_hp_loss":0.0,"gold_gain":0.0,"event_name":"Mushrooms","player_choice":"Fought Mushrooms","floor":14.0,"gold_loss":0.0,"damage_taken":0.0},{"damage_healed":0.0,"max_hp_gain":0.0,"max_hp_loss":0.0,"gold_gain":0.0,"event_name":"Masked Bandits","player_choice":"Fought Bandits","floor":19.0,"gold_loss":0.0,"damage_taken":0.0},{"damage_healed":0.0,"max_hp_gain":0.0,"max_hp_loss":0.0,"gold_gain":0.0,"event_name":"Back to Basics","player_choice":"Simplicity","floor":20.0,"gold_loss":0.0,"damage_taken":0.0,"cards_upgraded":["Strike_G","Strike_G","Strike_G","Defend_G","Defend_G","Defend_G","Defend_G","Defend_G"]},{"damage_healed":0.0,"max_hp_gain":0.0,"max_hp_loss":0.0,"gold_gain":0.0,"event_name":"Cursed Tome","player_choice":"Obtained Book","floor":22.0,"gold_loss":0.0,"damage_taken":21.0},{"cards_removed":["Strike_G"],"damage_healed":0.0,"max_hp_gain":0.0,"max_hp_loss":0.0,"gold_gain":0.0,"event_name":"Beggar","player_choice":"Gave Gold","floor":25.0,"gold_loss":75.0,"damage_taken":0.0},{"damage_healed":0,"gold_gain":0,"player_choice":"Memory 3","damage_taken":10,"max_hp_gain":0,"max_hp_loss":0,"event_name":"SensoryStone","floor":38,"gold_loss":0},{"damage_healed":0,"gold_gain":0,"player_choice":"Fight","damage_taken":0,"max_hp_gain":0,"max_hp_loss":0,"event_name":"Mysterious Sphere","floor":39,"gold_loss":0},{"damage_healed":0,"gold_gain":0,"player_choice":"Fight","damage_taken":0,"max_hp_gain":0,"max_hp_loss":0,"event_name":"MindBloom","floor":47,"gold_loss":0}],"is_beta":false,"boss_relics":[{"not_picked":["Lizard Tail","Coffee Dripper"],"picked":"Runic Pyramid"},{"not_picked":["Black Star","Cursed Key"],"picked":"Philosopher\u0027s Stone"}],"items_purged_floors":[5,21,31,54],"is_endless":false,"potions_floor_spawned":[10,11,16,18,19,33,36,42,48],"ascension_level":20}