{"gold_per_floor":[365,28,40,115,115,142,142,176,176,176,202,221,221,58,58,137,137,153,153,53,328,338,338,354,365,447,124,154,172,117,133,133,210,210,221,145,1144,1144,345,345,379,379,379,229,249,267,92,105,105,105,105,105,105,48,76,76],"floor_reached":57,"playtime":3584,"items_purged":["Strike_G","Strike_G","Normality","Flying Knee","Dodge and Roll"],"score":3007,"play_id":"52532b9e-7c4b-41d9-a30d-342aedd14d57","local_time":"20190418120213","is_ascension_mode":true,"campfire_choices":[{"data":"Predator","floor":7.0,"key":"SMITH"},{"data":"Mayhem","floor":10.0,"key":"SMITH"},{"data":"Neutralize","floor":13.0,"key":"SMITH"},{"data":"Terror","floor":15.0,"key":"SMITH"},{"data":"Corpse Explosion","floor":23.0,"key":"SMITH"},{"data":"Acrobatics","floor":32.0,"key":"SMITH"},{"data":"Calculated Gamble","floor":40.0,"key":"SMITH"},{"data":"Concentrate","floor":42.0,"key":"SMITH"},{"floor":49.0,"key":"RECALL"},{"data":"Concentrate","floor":53.0,"key":"SMITH"}],"neow_cost":"TEN_PERCENT_HP_LOSS","seed_source_timestamp":160601611103629,"circlet_count":0,"master_deck":["AscendersBane","Survivor","Neutralize+1","Backflip","Mayhem+1","Predator+1","Terror+1","Corpse Explosion+1","Die Die Die+1","Escape Plan+1","Dash+1","Blur+1","Concentrate+1","Escape Plan+1","Acrobatics+1","Malaise","Catalyst","Deadly Poison","Footwork+1","Reflex+1","Well Laid Plans+1","Well Laid Plans+1","Concentrate+1","Calculated Gamble+1","Wraith Form v2+1"],"special_seed":0,"relics":["Ring of the Snake","StoneCalendar","Bottled Lightning","Frozen Egg 2","Bag of Preparation","Omamori","Astrolabe","GremlinMask","Letter Opener","Pantograph","Darkstone Periapt","Tiny Chest","Pandora\u0027s Box","Centennial Puzzle","OrangePellets","Potion Belt","Vajra"],"potions_floor_usage":[],"damage_taken":[{"damage":1.0,"enemies":"Cultist","floor":1.0,"turns":5.0},{"damage":4.0,"enemies":"Jaw Worm","floor":3.0,"turns":6.0},{"damage":4.0,"enemies":"Lagavulin","floor":6.0,"turns":7.0},{"damage":32.0,"enemies":"3 Sentries","floor":8.0,"turns":7.0},{"damage":12.0,"enemies":"Lagavulin","floor":11.0,"turns":7.0},{"damage":0.0,"enemies":"2 Louse","floor":12.0,"turns":3.0},{"damage":10.0,"enemies":"The Guardian","floor":16.0,"turns":8.0},{"damage":3.0,"enemies":"3 Byrds","floor":18.0,"turns":3.0},{"damage":3.0,"enemies":"Shell Parasite","floor":22.0,"turns":7.0},{"damage":7.0,"enemies":"Centurion and Healer","floor":24.0,"turns":4.0},{"damage":4.0,"enemies":"Shelled Parasite and Fungi","floor":25.0,"turns":6.0},{"damage":0.0,"enemies":"Book of Stabbing","floor":28.0,"turns":7.0},{"damage":15.0,"enemies":"Snake Plant","floor":29.0,"turns":4.0},{"damage":0.0,"enemies":"3 Cultists","floor":31.0,"turns":2.0},{"damage":0.0,"enemies":"Champ","floor":33.0,"turns":11.0},{"damage":0.0,"enemies":"Orb Walker","floor":35.0,"turns":4.0},{"damage":0.0,"enemies":"Reptomancer","floor":41.0,"turns":7.0},{"damage":0.0,"enemies":"3 Shapes","floor":45.0,"turns":2.0},{"damage":2.0,"enemies":"Sphere and 2 Shapes","floor":46.0,"turns":4.0},{"damage":0.0,"enemies":"Transient","floor":48.0,"turns":6.0},{"damage":0.0,"enemies":"Time Eater","floor":50.0,"turns":16.0},{"damage":2.0,"enemies":"Donu and Deca","floor":51.0,"turns":7.0},{"damage":26.0,"enemies":"Shield and Spear","floor":55.0,"turns":6.0},{"damage":23,"enemies":"The Heart","floor":56,"turns":12}],"seed_played":"6826151639877216204","potions_obtained":[{"floor":3.0,"key":"FearPotion"},{"floor":6.0,"key":"SteroidPotion"},{"floor":8.0,"key":"Poison Potion"},{"floor":11.0,"key":"Regen Potion"},{"floor":29.0,"key":"GamblersBrew"},{"floor":35.0,"key":"AttackPotion"},{"floor":48.0,"key":"Ancient Potion"},{"floor":55.0,"key":"FearPotion"}],"is_trial":false,"path_per_floor":["M","$","M","?","?","E","R","E","T","R","E","M","R","$","R","B",null,"M","?","$","?","M","R","M","M","T","$","E","M","?","M","R","B",null,"M","$","?","?","$","R","E","R","T","$","M","M","$","M","R","B","B",null,"R","$","E","B",null],"character_chosen":"THE_SILENT","items_purchased":["Mayhem","Predator","Omamori","Concentrate","Pantograph","Well Laid Plans+1","Well Laid Plans+1","Concentrate","Calculated Gamble","Centennial Puzzle","OrangePellets","GhostInAJar","Weak Potion"],"campfire_rested":0,"item_purchase_floors":[2,2,14,27,27,36,39,39,39,39,39,39,54],"current_hp_per_floor":[58,58,54,43,60,56,56,24,24,24,12,12,12,12,12,17,49,46,46,46,46,43,43,36,32,32,32,32,17,17,17,17,42,56,56,56,62,62,62,62,62,62,62,62,62,60,60,60,60,63,61,63,63,63,37,39],"gold":76,"neow_bonus":"TWO_FIFTY_GOLD","is_prod":false,"is_daily":false,"chose_seed":false,"campfire_upgraded":9,"win_rate":0,"timestamp":1555560133,"path_taken":["M","$","?","?","?","E","R","E","T","R","E","M","R","$","R","BOSS","M","?","?","?","M","R","?","M","T","$","E","M","?","M","R","BOSS","M","$","?","?","$","R","E","R","T","?","?","M","$","M","R","BOSS","BOSS","R","$","E","BOSS"],"build_version":"2019-01-23","purchased_purges":5,"victory":true,"max_hp_per_floor":[60,60,60,60,60,60,60,60,60,60,60,60,60,60,60,60,60,60,60,60,60,60,60,60,60,60,60,60,60,60,60,60,60,60,60,60,66,63,63,63,63,63,63,63,63,63,63,63,63,63,63,63,63,63,63,63],"card_choices":[{"not_picked":["Flying Knee","Prepared"],"picked":"Backflip","floor":1.0},{"not_picked":["Dagger Spray","Deflect","Cloak And Dagger"],"picked":"SKIP","floor":3.0},{"not_picked":["Flechettes","Crippling Poison","Choke"],"picked":"SKIP","floor":6.0},{"not_picked":["Reflex","Expertise","Eviscerate"],"picked":"SKIP","floor":8.0},{"not_picked":["Crippling Poison","Choke","Deadly Poison"],"picked":"SKIP","floor":11.0},{"not_picked":["Choke","Flying Knee"],"picked":"Terror","floor":12.0},{"not_picked":["Bullet Time","After Image+1"],"picked":"Corpse Explosion","floor":16.0},{"not_picked":["Cloak And Dagger+1","Dodge and Roll","Backflip"],"picked":"SKIP","floor":18.0},{"not_picked":["Backflip","Poisoned Stab","Blade Dance"],"picked":"SKIP","floor":22.0},{"not_picked":["Slice","Accuracy+1","Flying Knee"],"picked":"SKIP","floor":24.0},{"not_picked":["Infinite Blades+1","Sucker Punch"],"picked":"Blur+1","floor":25.0},{"not_picked":["Dagger Throw","PiercingWail"],"picked":"Escape Plan+1","floor":28.0},{"not_picked":["Corpse Explosion","Bane"],"picked":"Acrobatics","floor":29.0},{"not_picked":["Blur","Escape Plan","Heel Hook"],"picked":"SKIP","floor":31.0},{"not_picked":["Night Terror","Unload"],"picked":"Malaise","floor":33.0},{"not_picked":["Poisoned Stab","Backflip+1"],"picked":"Reflex+1","floor":35.0},{"not_picked":["Sucker Punch","Dagger Spray","Flying Knee"],"picked":"SKIP","floor":41.0},{"not_picked":["Dodge and Roll+1","Blur+1"],"picked":"Wraith Form v2+1","floor":45.0},{"not_picked":["PiercingWail","Deflect","Dagger Spray+1"],"picked":"SKIP","floor":46.0},{"not_picked":["Prepared","Blur","Dagger Throw"],"picked":"SKIP","floor":48.0},{"not_picked":["Poisoned Stab+1","Slice","Endless Agony"],"picked":"SKIP","floor":55.0}],"player_experience":4371910,"relics_obtained":[{"floor":6.0,"key":"StoneCalendar"},{"floor":8.0,"key":"Bottled Lightning"},{"floor":9.0,"key":"Frozen Egg 2"},{"floor":11.0,"key":"Bag of Preparation"},{"floor":26.0,"key":"Letter Opener"},{"floor":28.0,"key":"Darkstone Periapt"},{"floor":41.0,"key":"Potion Belt"},{"floor":55.0,"key":"Vajra"}],"event_choices":[{"damage_healed":0.0,"max_hp_gain":0.0,"max_hp_loss":0.0,"gold_gain":75.0,"event_name":"World of Goop","player_choice":"Gather Gold","floor":4.0,"gold_loss":0.0,"damage_taken":11.0},{"damage_healed":20.0,"max_hp_gain":0.0,"max_hp_loss":0.0,"gold_gain":0.0,"event_name":"Big Fish","player_choice":"Banana","floor":5.0,"gold_loss":0.0,"damage_taken":0.0},{"damage_healed":0.0,"max_hp_gain":0.0,"max_hp_loss":0.0,"gold_gain":0.0,"event_name":"FaceTrader","player_choice":"Trade","floor":19.0,"gold_loss":0.0,"damage_taken":0.0,"relics_obtained":["GremlinMask"]},{"damage_healed":0.0,"max_hp_gain":0.0,"max_hp_loss":0.0,"gold_gain":275.0,"event_name":"Golden Shrine","player_choice":"Desecrate","floor":21.0,"gold_loss":0.0,"damage_taken":0.0,"cards_obtained":["Regret"]},{"damage_healed":0.0,"max_hp_gain":0.0,"max_hp_loss":0.0,"gold_gain":0.0,"event_name":"Addict","player_choice":"Obtained Relic","floor":30.0,"gold_loss":85.0,"damage_taken":0.0,"relics_obtained":["Tiny Chest"]},{"damage_healed":0.0,"max_hp_gain":0.0,"max_hp_loss":0.0,"gold_gain":999.0,"event_name":"MindBloom","player_choice":"Gold","floor":37.0,"gold_loss":0.0,"damage_taken":0.0,"cards_obtained":["Normality","Normality"]},{"damage_healed":0.0,"max_hp_gain":0.0,"max_hp_loss":3.0,"gold_gain":0.0,"event_name":"Winding Halls","player_choice":"Max HP","floor":38.0,"gold_loss":0.0,"damage_taken":0.0}],"is_beta":false,"boss_relics":[{"not_picked":["WristBlade","Velvet Choker"],"picked":"Astrolabe"},{"not_picked":["Fusion Hammer","Snecko Eye"],"picked":"Pandora\u0027s Box"}],"items_purged_floors":[2,20,39,44,47],"is_endless":false,"potions_floor_spawned":[3,6,8,11,29,31,35,48,55],"ascension_level":20}