{"gold_per_floor":[116,41,60,70,70,70,70,70,70,87,101,101,112,13,13,86,86,58,75,75,91,6,6,38,38,38,38],"floor_reached":27,"playtime":762,"items_purged":[],"score":406,"play_id":"ee18dfa2-9cea-4b19-a88e-c27081029809","local_time":"20190307194159","is_ascension_mode":true,"campfire_choices":[{"data":"Biased Cognition","floor":6.0,"key":"SMITH"},{"data":"Zap","floor":8.0,"key":"SMITH"},{"data":"Discovery","floor":15.0,"key":"SMITH"},{"data":"Chaos","floor":23.0,"key":"SMITH"},{"data":"Dualcast","floor":25.0,"key":"SMITH"}],"neow_cost":"TEN_PERCENT_HP_LOSS","seed_source_timestamp":29540258004580,"circlet_count":0,"master_deck":["AscendersBane","Strike_B","Strike_B","Strike_B","Defend_B","Defend_B","Defend_B","Defend_B","Zap+1","Dualcast+1","Biased Cognition+1","Leap","Cold Snap","Chill","Coolheaded","Glacier","Chaos+1","Discovery+1","Buffer","Cold Snap+1","Undo"],"special_seed":0,"relics":["Cracked Core","FaceOfCleric","Molten Egg 2","Eternal Feather","Omamori","Red Mask","Ancient Tea Set"],"potions_floor_usage":[27,27],"damage_taken":[{"damage":1.0,"enemies":"Cultist","floor":1.0,"turns":3.0},{"damage":13.0,"enemies":"Small Slimes","floor":3.0,"turns":3.0},{"damage":0.0,"enemies":"2 Louse","floor":4.0,"turns":2.0},{"damage":0.0,"enemies":"Exordium Thugs","floor":10.0,"turns":5.0},{"damage":10.0,"enemies":"Gremlin Gang","floor":11.0,"turns":4.0},{"damage":6.0,"enemies":"Blue Slaver","floor":13.0,"turns":3.0},{"damage":3.0,"enemies":"Slime Boss","floor":16.0,"turns":8.0},{"damage":19.0,"enemies":"2 Thieves","floor":18.0,"turns":4.0},{"damage":14.0,"enemies":"Shell Parasite","floor":19.0,"turns":7.0},{"damage":10.0,"enemies":"Sentry and Sphere","floor":21.0,"turns":8.0},{"damage":0.0,"enemies":"Masked Bandits","floor":24.0,"turns":3.0},{"damage":59,"enemies":"Cultist and Chosen","floor":27,"turns":9}],"seed_played":"8876652510576167839","potions_obtained":[{"floor":1.0,"key":"Fire Potion"},{"floor":11.0,"key":"GamblersBrew"},{"floor":20.0,"key":"Dexterity Potion"},{"floor":20.0,"key":"AttackPotion"},{"floor":24.0,"key":"Dexterity Potion"}],"is_trial":false,"path_per_floor":["M","?","M","M","?","R","?","R","T","M","M","$","M","$","R","B",null,"M","M","?","M","?","R","?","R","T","M"],"character_chosen":"DEFECT","items_purchased":["Discovery"],"campfire_rested":0,"item_purchase_floors":[14],"current_hp_per_floor":[63,63,50,50,55,55,55,55,55,56,47,47,42,42,42,40,65,47,34,34,25,25,37,38,50,50,0],"gold":38,"neow_bonus":"THREE_RARE_CARDS","is_prod":false,"is_daily":false,"chose_seed":false,"campfire_upgraded":5,"win_rate":0,"timestamp":1551958919,"path_taken":["M","?","M","M","?","R","?","R","T","M","M","$","M","$","R","BOSS","M","M","?","?","?","R","?","R","T","M"],"build_version":"2019-01-23","purchased_purges":0,"victory":false,"max_hp_per_floor":[64,64,64,64,69,69,69,69,69,70,71,71,72,72,72,73,73,74,75,75,76,76,76,77,77,77,77],"card_choices":[{"not_picked":["Multi-Cast","Machine Learning"],"picked":"Biased Cognition","floor":0.0},{"not_picked":["Beam Cell","Rebound"],"picked":"Leap","floor":1.0},{"not_picked":["Consume","Steam Power"],"picked":"Cold Snap","floor":3.0},{"not_picked":["Reprogram","Hologram"],"picked":"Chill","floor":4.0},{"not_picked":["Streamline+1","Stack"],"picked":"Coolheaded","floor":10.0},{"not_picked":["Compile Driver+1","Barrage+1"],"picked":"Glacier","floor":11.0},{"not_picked":["Doom and Gloom+1","Beam Cell+1"],"picked":"Chaos","floor":13.0},{"not_picked":["Seek","Machine Learning"],"picked":"Buffer","floor":16.0},{"not_picked":["Rebound+1","Leap"],"picked":"Cold Snap+1","floor":18.0},{"not_picked":["Hologram+1","Steam Power"],"picked":"Undo","floor":19.0},{"not_picked":["Compile Driver+1","Rebound+1","Auto Shields"],"picked":"SKIP","floor":21.0}],"player_experience":3386749,"relics_obtained":[{"floor":9.0,"key":"Molten Egg 2"},{"floor":24.0,"key":"Red Mask"},{"floor":26.0,"key":"Ancient Tea Set"}],"event_choices":[{"cards_removed":["Strike_B"],"damage_healed":0.0,"max_hp_gain":0.0,"max_hp_loss":0.0,"gold_gain":0.0,"event_name":"The Cleric","player_choice":"Card Removal","floor":2.0,"gold_loss":75.0,"damage_taken":0.0},{"damage_healed":0.0,"max_hp_gain":5.0,"max_hp_loss":0.0,"gold_gain":0.0,"event_name":"Big Fish","player_choice":"Donut","floor":5.0,"gold_loss":0.0,"damage_taken":0.0},{"damage_healed":0.0,"max_hp_gain":0.0,"max_hp_loss":0.0,"gold_gain":0.0,"event_name":"FaceTrader","player_choice":"Trade","floor":7.0,"gold_loss":0.0,"damage_taken":0.0,"relics_obtained":["FaceOfCleric"]},{"damage_healed":0.0,"max_hp_gain":0.0,"max_hp_loss":0.0,"gold_gain":0.0,"event_name":"Lab","player_choice":"Got Potions","floor":20.0,"gold_loss":0.0,"damage_taken":0.0},{"damage_healed":0.0,"max_hp_gain":0.0,"max_hp_loss":0.0,"gold_gain":0.0,"event_name":"Addict","player_choice":"Obtained Relic","floor":22.0,"gold_loss":85.0,"damage_taken":0.0,"relics_obtained":["Omamori"]},{"damage_healed":0.0,"max_hp_gain":0.0,"max_hp_loss":0.0,"gold_gain":0.0,"event_name":"Masked Bandits","player_choice":"Fought Bandits","floor":24.0,"gold_loss":0.0,"damage_taken":0.0}],"is_beta":false,"boss_relics":[{"not_picked":["Snecko Eye","Calling Bell"],"picked":"Eternal Feather"}],"items_purged_floors":[],"is_endless":false,"potions_floor_spawned":[1,11,21,24],"killed_by":"Cultist and Chosen","ascension_level":20}