{"gold_per_floor":[119,139,11,11,11,11,44,64,64,64,399,475,187,225,225,316,316,339,339,352,252,127,127,201,201,201,236,252,23,23,62,62,152,152,173,236,236,236,133,168,204,240,240,254,295,339,362,387,387,387,387,387,387,41,77,77],"floor_reached":57,"playtime":3635,"items_purged":["Strike_B","Defend_B","Zap","Defend_B"],"score":3915,"play_id":"036068f3-6d5d-43c7-aae9-cfd546103e8a","local_time":"20190415234818","is_ascension_mode":true,"campfire_choices":[{"data":"Darkness","floor":6.0,"key":"SMITH"},{"data":"Redo","floor":10.0,"key":"SMITH"},{"data":"Recycle","floor":15.0,"key":"SMITH"},{"data":"Dualcast","floor":23.0,"key":"SMITH"},{"data":"Skim","floor":25.0,"key":"SMITH"},{"data":"Multi-Cast","floor":30.0,"key":"SMITH"},{"data":"Double Energy","floor":32.0,"key":"SMITH"},{"floor":49,"key":"RECALL"},{"data":"Impatience","floor":53,"key":"SMITH"}],"neow_cost":"PERCENT_DAMAGE","seed_source_timestamp":41225361085071,"circlet_count":0,"master_deck":["AscendersBane","Defend_B","Defend_B","Dualcast+1","Darkness+1","Skim+1","Undo","Redo+1","Recycle+1","Double Energy+1","Seek","Multi-Cast+1","Turbo+1","Impatience+1","Master of Strategy+1"],"special_seed":0,"relics":["FrozenCore","Golden Idol","WingedGreaves","Frozen Egg 2","Old Coin","Singing Bowl","ClockworkSouvenir","Nunchaku","Tiny Chest","Kunai","Medical Kit","Centennial Puzzle","Black Star","Calipers","Molten Egg 2","Oddly Smooth Stone","Strawberry","Cables","Bird Faced Urn","Pantograph","Bag of Marbles","Toxic Egg 2","Darkstone Periapt","Bag of Preparation","Meat on the Bone","DataDisk","Ginger"],"potions_floor_usage":[45,56],"damage_taken":[{"damage":9.0,"enemies":"Jaw Worm","floor":1.0,"turns":5.0},{"damage":4.0,"enemies":"2 Louse","floor":2.0,"turns":3.0},{"damage":8.0,"enemies":"Lagavulin","floor":7.0,"turns":6.0},{"damage":1.0,"enemies":"Cultist","floor":8.0,"turns":3.0},{"damage":0.0,"enemies":"Gremlin Nob","floor":11.0,"turns":3.0},{"damage":30.0,"enemies":"3 Sentries","floor":12.0,"turns":9.0},{"damage":0.0,"enemies":"Lagavulin","floor":14.0,"turns":4.0},{"damage":0.0,"enemies":"The Guardian","floor":16.0,"turns":9.0},{"damage":0.0,"enemies":"Chosen","floor":18.0,"turns":4.0},{"damage":0.0,"enemies":"Spheric Guardian","floor":20.0,"turns":3.0},{"damage":0.0,"enemies":"Book of Stabbing","floor":24.0,"turns":4.0},{"damage":26.0,"enemies":"Slavers","floor":27.0,"turns":9.0},{"damage":7.0,"enemies":"Centurion and Healer","floor":28.0,"turns":5.0},{"damage":4.0,"enemies":"Book of Stabbing","floor":31.0,"turns":4.0},{"damage":0.0,"enemies":"Collector","floor":33.0,"turns":6.0},{"damage":28.0,"enemies":"3 Darklings","floor":35.0,"turns":4.0},{"damage":22.0,"enemies":"2 Orb Walkers","floor":36.0,"turns":6.0},{"damage":2.0,"enemies":"Nemesis","floor":40.0,"turns":5.0},{"damage":0.0,"enemies":"Giant Head","floor":41.0,"turns":6.0},{"damage":0.0,"enemies":"Nemesis","floor":42.0,"turns":3.0},{"damage":0.0,"enemies":"Orb Walker","floor":44.0,"turns":2.0},{"damage":8,"enemies":"Reptomancer","floor":45,"turns":5},{"damage":0,"enemies":"Giant Head","floor":46,"turns":4},{"damage":0,"enemies":"3 Darklings","floor":47,"turns":1},{"damage":0,"enemies":"Transient","floor":48,"turns":5},{"damage":6,"enemies":"Donu and Deca","floor":50,"turns":6},{"damage":0,"enemies":"Awakened One","floor":51,"turns":3},{"damage":0,"enemies":"Shield and Spear","floor":55,"turns":1},{"damage":97,"enemies":"The Heart","floor":56,"turns":5}],"seed_played":"5553223903592412977","potions_obtained":[{"floor":2.0,"key":"FearPotion"},{"floor":11.0,"key":"SkillPotion"},{"floor":18.0,"key":"Strength Potion"},{"floor":19.0,"key":"Swift Potion"},{"floor":19.0,"key":"SneckoOil"},{"floor":24.0,"key":"FocusPotion"},{"floor":27.0,"key":"Regen Potion"},{"floor":40.0,"key":"FocusPotion"},{"floor":42.0,"key":"Ancient Potion"},{"floor":45,"key":"Fruit Juice"},{"floor":47,"key":"Explosive Potion"}],"is_trial":false,"path_per_floor":["M","M","$","?","?","R","E","M","T","R","E","?","$","E","R","B",null,"M","?","M","$","$","R","E","R","T","E","M","$","R","E","R","B",null,"M","?","?","?","$","E","E","E","T","M","E","E","M","M","R","B","B",null,"R","$","E","B",null],"character_chosen":"DEFECT","items_purchased":["Self Repair","Block Potion","ClockworkSouvenir","Medical Kit","Impatience","Master of Strategy+1"],"campfire_rested":0,"item_purchase_floors":[3,3,13,29,39,54],"current_hp_per_floor":[37,33,33,26,26,26,25,31,31,31,38,17,17,24,24,31,57,66,66,70,70,70,70,72,72,72,53,69,69,69,72,72,76,76,57,44,44,44,44,44,53,55,55,57,56,58,60,62,62,81,106,108,108,108,110,25],"gold":77,"neow_bonus":"REMOVE_TWO","is_prod":false,"is_daily":false,"chose_seed":false,"campfire_upgraded":8,"win_rate":0,"timestamp":1555343298,"path_taken":["M","M","$","?","?","R","E","M","T","R","E","?","$","E","R","BOSS","M","?","?","?","$","R","E","R","T","E","M","$","R","E","R","BOSS","M","?","?","?","$","E","E","E","T","M","E","E","M","M","R","BOSS","BOSS","R","$","E","BOSS"],"build_version":"2019-01-23","purchased_purges":4,"victory":true,"max_hp_per_floor":[71,71,71,71,64,64,64,64,64,64,64,66,66,66,66,66,66,68,68,70,70,70,70,72,72,72,72,74,74,74,74,74,76,76,78,80,80,80,80,82,91,93,93,95,102,104,106,108,108,108,108,108,108,108,110,110],"card_choices":[{"not_picked":["Conserve Battery","Streamline"],"picked":"Darkness","floor":1.0},{"not_picked":["Compile Driver","Double Energy"],"picked":"Skim","floor":2.0},{"not_picked":["Go for the Eyes","Cold Snap"],"picked":"Undo","floor":7.0},{"not_picked":["Ball Lightning","Steam"],"picked":"Redo","floor":8.0},{"not_picked":["Tempest","Coolheaded"],"picked":"Recycle","floor":11.0},{"not_picked":["Recycle","Ball Lightning","Cold Snap"],"picked":"Singing Bowl","floor":12.0},{"not_picked":["Sweeping Beam","Hyperbeam"],"picked":"Double Energy","floor":14.0},{"not_picked":["Machine Learning+1","Hyperbeam"],"picked":"Seek","floor":16.0},{"not_picked":["Gash","Hologram","Tempest"],"picked":"Singing Bowl","floor":18.0},{"not_picked":["Steam","Gash","Sweeping Beam+1"],"picked":"Singing Bowl","floor":20.0},{"not_picked":["Streamline","Coolheaded","Stack"],"picked":"Singing Bowl","floor":24.0},{"not_picked":["Ball Lightning","Beam Cell"],"picked":"Multi-Cast","floor":27.0},{"not_picked":["Aggregate","Conserve Battery","Compile Driver"],"picked":"Singing Bowl","floor":28.0},{"not_picked":["Cold Snap","Stack"],"picked":"Turbo+1","floor":31.0},{"not_picked":["Machine Learning+1","Creative AI+1","All For One"],"picked":"Singing Bowl","floor":33.0},{"not_picked":["Rebound","BootSequence","Recycle"],"picked":"Singing Bowl","floor":35.0},{"not_picked":["Streamline","Redo","Scrape+1"],"picked":"Singing Bowl","floor":36.0},{"not_picked":["Blizzard","Steam","BootSequence+1"],"picked":"Singing Bowl","floor":40.0},{"not_picked":["Gash+1","Creative AI+1","Stack"],"picked":"Singing Bowl","floor":41.0},{"not_picked":["Gash+1","Rebound+1","Skim"],"picked":"Singing Bowl","floor":42.0},{"not_picked":["Redo+1","Fusion+1","Leap"],"picked":"Singing Bowl","floor":44.0},{"not_picked":["Streamline+1","Turbo","Force Field"],"picked":"Singing Bowl","floor":45},{"not_picked":["Turbo+1","White Noise+1","Reprogram+1"],"picked":"Singing Bowl","floor":46},{"not_picked":["Cold Snap+1","Undo+1","Redo+1"],"picked":"Singing Bowl","floor":47},{"not_picked":["Turbo+1","Conserve Battery+1","Heatsinks+1"],"picked":"Singing Bowl","floor":48},{"not_picked":["FTL+1","Core Surge+1","Conserve Battery+1"],"picked":"Singing Bowl","floor":55}],"player_experience":4302237,"relics_obtained":[{"floor":7.0,"key":"WingedGreaves"},{"floor":9.0,"key":"Frozen Egg 2"},{"floor":11.0,"key":"Old Coin"},{"floor":12.0,"key":"Singing Bowl"},{"floor":14.0,"key":"Nunchaku"},{"floor":24.0,"key":"Tiny Chest"},{"floor":27.0,"key":"Kunai"},{"floor":31.0,"key":"Centennial Puzzle"},{"floor":36.0,"key":"Calipers"},{"floor":40.0,"key":"Molten Egg 2"},{"floor":40.0,"key":"Oddly Smooth Stone"},{"floor":41.0,"key":"Strawberry"},{"floor":41.0,"key":"Cables"},{"floor":42.0,"key":"Bird Faced Urn"},{"floor":42.0,"key":"Pantograph"},{"floor":43.0,"key":"Bag of Marbles"},{"floor":45,"key":"Toxic Egg 2"},{"floor":45,"key":"Darkstone Periapt"},{"floor":46,"key":"Bag of Preparation"},{"floor":46,"key":"Meat on the Bone"},{"floor":55,"key":"DataDisk"},{"floor":55,"key":"Ginger"}],"event_choices":[{"cards_removed":["Strike_B"],"damage_healed":0.0,"max_hp_gain":0.0,"max_hp_loss":0.0,"gold_gain":0.0,"event_name":"Golden Wing","player_choice":"Card Removal","floor":4.0,"gold_loss":0.0,"damage_taken":7.0},{"damage_healed":0.0,"max_hp_gain":0.0,"max_hp_loss":7.0,"gold_gain":0.0,"event_name":"Golden Idol","player_choice":"Lose Max HP","floor":5.0,"gold_loss":0.0,"damage_taken":0.0,"relics_obtained":["Golden Idol"]},{"damage_healed":0.0,"max_hp_gain":0.0,"max_hp_loss":0.0,"gold_gain":0.0,"event_name":"Dead Adventurer","player_choice":"Searched \u00271\u0027 times","floor":12.0,"gold_loss":0.0,"damage_taken":0.0},{"damage_healed":0.0,"max_hp_gain":0.0,"max_hp_loss":0.0,"gold_gain":0.0,"event_name":"Lab","player_choice":"Got Potions","floor":19.0,"gold_loss":0.0,"damage_taken":0.0},{"damage_healed":0.0,"max_hp_gain":0.0,"max_hp_loss":0.0,"gold_gain":0.0,"event_name":"Mysterious Sphere","player_choice":"Fight","floor":36.0,"gold_loss":0.0,"damage_taken":0.0},{"damage_healed":0.0,"max_hp_gain":0.0,"max_hp_loss":0.0,"gold_gain":0.0,"event_name":"Tomb of Lord Red Mask","player_choice":"Ignored","floor":37.0,"gold_loss":0.0,"damage_taken":0.0},{"cards_removed":["Self Repair"],"damage_healed":0.0,"max_hp_gain":0.0,"max_hp_loss":0.0,"gold_gain":0.0,"event_name":"Falling","player_choice":"Removed Power","floor":38.0,"gold_loss":0.0,"damage_taken":0.0}],"is_beta":false,"boss_relics":[{"not_picked":["White Beast Statue","Ectoplasm"],"picked":"FrozenCore"},{"not_picked":["Tiny House","Eternal Feather"],"picked":"Black Star"}],"items_purged_floors":[13,21,22,54],"is_endless":false,"potions_floor_spawned":[2,11,14,18,24,27,40,42,45,47],"ascension_level":20}