{"gold_per_floor":[113,113,113,188,204,204,247,247,300,300,325,361,385,385,385,481,481,494,6,27,27],"floor_reached":21,"playtime":590,"items_purged":["Strike_B"],"score":424,"play_id":"ea61fdcd-20f8-4958-9aab-c41ec2161af3","local_time":"20181012163741","is_ascension_mode":true,"campfire_choices":[{"data":"Zap","floor":6.0,"key":"SMITH"},{"data":"Loop","floor":8.0,"key":"SMITH"},{"data":"Dualcast","floor":10.0,"key":"SMITH"},{"data":"Consume","floor":15,"key":"SMITH"}],"neow_cost":"NONE","seed_source_timestamp":146888532460265,"circlet_count":0,"master_deck":["Strike_B","Strike_B","Strike_B","Defend_B","Defend_B","Defend_B","Defend_B","Zap+1","Dualcast+1","AscendersBane","Loop+1","Glacier","Coolheaded","Hologram","Consume+1","Leap","Rainbow","Capacitor","Chill","FTL"],"special_seed":0,"relics":["Cracked Core","NeowsBlessing","CultistMask","Golden Idol","Anchor","Tiny Chest","Bottled Tornado","Nuclear Battery","Prayer Wheel"],"potions_floor_usage":[],"damage_taken":[{"damage":0.0,"enemies":"Jaw Worm","floor":1.0,"turns":1.0},{"damage":0.0,"enemies":"Cultist","floor":5.0,"turns":1.0},{"damage":0.0,"enemies":"3 Sentries","floor":7.0,"turns":1.0},{"damage":9.0,"enemies":"Small Slimes","floor":11.0,"turns":3.0},{"damage":5.0,"enemies":"Lagavulin","floor":12.0,"turns":7.0},{"damage":0.0,"enemies":"Exordium Wildlife","floor":13.0,"turns":3.0},{"damage":34,"enemies":"The Guardian","floor":16,"turns":13},{"damage":1,"enemies":"Shell Parasite","floor":18,"turns":9},{"damage":29,"enemies":"3 Byrds","floor":20,"turns":6},{"damage":0,"enemies":"Colosseum Slavers","floor":21,"turns":1}],"seed_played":"-1159096771832400112","potions_obtained":[{"floor":1.0,"key":"SkillPotion"},{"floor":5.0,"key":"Regen Potion"},{"floor":13.0,"key":"SneckoOil"}],"is_trial":false,"path_per_floor":["M","?","?","?","M","R","E","R","T","R","M","E","M","?","R","B",null,"M","$","M"],"character_chosen":"DEFECT","items_purchased":["Capacitor","Prayer Wheel"],"campfire_rested":0,"item_purchase_floors":[19,19],"current_hp_per_floor":[64,64,64,53,53,53,53,53,53,53,44,54,54,54,54,20,53,52,52,23,23],"gold":27,"neow_bonus":"THREE_ENEMY_KILL","is_prod":false,"is_daily":false,"chose_seed":false,"campfire_upgraded":4,"win_rate":0,"timestamp":1539333461,"path_taken":["M","?","?","?","?","R","E","R","T","R","M","E","M","?","R","BOSS","M","$","M","?"],"build_version":"2018-10-11","purchased_purges":1,"victory":false,"max_hp_per_floor":[71,71,64,64,64,64,64,64,64,64,64,64,64,64,64,64,64,64,64,64,64],"card_choices":[{"not_picked":["Sweeping Beam","Melter"],"picked":"Loop","floor":1.0},{"not_picked":["Go for the Eyes","Gash"],"picked":"Glacier","floor":5.0},{"not_picked":["Stack","Chaos"],"picked":"Coolheaded","floor":7.0},{"not_picked":["Sweeping Beam","Coolheaded"],"picked":"Hologram","floor":11.0},{"not_picked":["Conserve Battery","Coolheaded","Hologram"],"picked":"SKIP","floor":12.0},{"not_picked":["Go for the Eyes","Coolheaded"],"picked":"Consume","floor":13.0},{"not_picked":["Creative AI","All For One"],"picked":"Rainbow","floor":16},{"not_picked":["Compile Driver","Rebound","Coolheaded"],"picked":"SKIP","floor":18},{"not_picked":["Beam Cell","Gash"],"picked":"Chill","floor":20},{"not_picked":["Storm","Coolheaded"],"picked":"FTL","floor":20}],"player_experience":313130,"relics_obtained":[{"floor":7.0,"key":"Anchor"},{"floor":9.0,"key":"Tiny Chest"},{"floor":12.0,"key":"Bottled Tornado"}],"event_choices":[{"event_name":"FaceTrader","player_choice":"Trade","floor":2.0,"damage_taken":0.0},{"event_name":"Golden Idol","player_choice":"Lose Max HP","floor":3.0,"damage_taken":0.0},{"event_name":"World of Goop","player_choice":"Gather Gold","floor":4.0,"damage_taken":0.0},{"event_name":"Match and Keep!","player_choice":"1 cards matched","floor":14,"damage_taken":0},{"event_name":"Colosseum","player_choice":"Fight","floor":21,"damage_taken":0}],"is_beta":false,"boss_relics":[{"not_picked":["FrozenCore","Ectoplasm"],"picked":"Nuclear Battery"}],"items_purged_floors":[19],"is_endless":false,"potions_floor_spawned":[1,5,13],"killed_by":"Colosseum Slavers","ascension_level":20}