{"gold_per_floor":[110,110,22,36,36,69,69,9,34,34,34,47,47,58,58,134,134,154,94,94,111,41,41],"floor_reached":23,"playtime":893,"items_purged":["Strike_G"],"score":424,"play_id":"7bee8d57-8379-4cde-abe7-884c8a1d79b0","local_time":"20181231134235","is_ascension_mode":true,"campfire_choices":[{"data":"Noxious Fumes","floor":7.0,"key":"SMITH"},{"data":"Catalyst","floor":11.0,"key":"SMITH"},{"floor":13.0,"key":"RECALL"},{"data":"Poisoned Stab","floor":15.0,"key":"SMITH"}],"neow_cost":"NONE","seed_source_timestamp":8695638344431,"circlet_count":0,"master_deck":["AscendersBane","Defend_G","Defend_G","Defend_G","Defend_G","Defend_G","Strike_G","Strike_G","Strike_G","Strike_G","Survivor","Neutralize+1","Noxious Fumes+1","Catalyst+1","Poisoned Stab+1","Corpse Explosion","Backflip+1","Well Laid Plans"],"special_seed":0,"relics":["Ring of the Serpent","NeowsBlessing","Strawberry","The Courier","Bronze Scales"],"potions_floor_usage":[23],"damage_taken":[{"damage":0.0,"enemies":"Cultist","floor":1.0,"turns":1.0},{"damage":0.0,"enemies":"2 Louse","floor":4.0,"turns":1.0},{"damage":0.0,"enemies":"3 Sentries","floor":6.0,"turns":1.0},{"damage":4.0,"enemies":"Small Slimes","floor":12.0,"turns":3.0},{"damage":4.0,"enemies":"Looter","floor":14.0,"turns":4.0},{"damage":54.0,"enemies":"Slime Boss","floor":16.0,"turns":8.0},{"damage":26.0,"enemies":"2 Thieves","floor":18.0,"turns":4.0},{"damage":12,"enemies":"Chosen","floor":21,"turns":4},{"damage":35,"enemies":"Book of Stabbing","floor":23,"turns":5}],"seed_played":"5142426777913783158","potions_obtained":[{"floor":1.0,"key":"Block Potion"},{"floor":12.0,"key":"Weak Potion"}],"is_trial":false,"path_per_floor":["M","?","$","M","?","E","R","$","T","$","R","M","R","M","R","B",null,"M","$","?","M","$","E"],"character_chosen":"THE_SILENT","items_purchased":["Noxious Fumes","Catalyst","Well Laid Plans"],"campfire_rested":0,"item_purchase_floors":[3,8,22],"current_hp_per_floor":[59,59,59,59,66,66,66,66,66,66,66,62,62,58,58,4,56,30,30,45,33,33,0],"gold":41,"neow_bonus":"THREE_ENEMY_KILL","is_prod":false,"is_daily":false,"chose_seed":false,"campfire_upgraded":3,"win_rate":0,"timestamp":1546234955,"path_taken":["M","?","?","M","?","E","R","$","T","$","R","M","R","M","R","BOSS","M","$","?","M","$","E"],"build_version":"2018-12-20","purchased_purges":1,"victory":false,"max_hp_per_floor":[66,66,66,66,73,73,73,73,73,73,73,73,73,73,73,73,73,73,73,73,73,73,73],"card_choices":[{"not_picked":["Expertise","Slice","Dagger Throw"],"picked":"SKIP","floor":1.0},{"not_picked":["Slice","Acrobatics","Dodge and Roll"],"picked":"SKIP","floor":4.0},{"not_picked":["Deflect","Prepared","Choke"],"picked":"SKIP","floor":6.0},{"not_picked":["Quick Slash","Acrobatics","Deflect"],"picked":"SKIP","floor":12.0},{"not_picked":["Accuracy","Riddle With Holes"],"picked":"Poisoned Stab","floor":14.0},{"not_picked":["Unload","Envenom"],"picked":"Corpse Explosion","floor":16.0},{"not_picked":["Deflect","Bouncing Flask"],"picked":"Backflip+1","floor":18.0},{"not_picked":["Dagger Spray","Dodge and Roll","Slice"],"picked":"SKIP","floor":21}],"player_experience":1617245,"relics_obtained":[{"floor":6.0,"key":"The Courier"},{"floor":9.0,"key":"Bronze Scales"}],"event_choices":[{"damage_healed":0.0,"max_hp_gain":0.0,"max_hp_loss":0.0,"gold_gain":0.0,"event_name":"Upgrade Shrine","player_choice":"Upgraded","floor":2.0,"gold_loss":0.0,"damage_taken":0.0,"cards_upgraded":["Neutralize"]},{"damage_healed":0.0,"max_hp_gain":0.0,"max_hp_loss":0.0,"gold_gain":0.0,"event_name":"WeMeetAgain","player_choice":"Gave Potion","floor":5.0,"gold_loss":0.0,"damage_taken":0.0,"relics_obtained":["Strawberry"]},{"damage_healed":15,"gold_gain":0,"player_choice":"Heal","damage_taken":0,"max_hp_gain":0,"max_hp_loss":0,"event_name":"The Library","floor":20,"gold_loss":0}],"is_beta":false,"boss_relics":[{"not_picked":["Fusion Hammer","Lizard Tail"],"picked":"Ring of the Serpent"}],"items_purged_floors":[19],"is_endless":false,"potions_floor_spawned":[1,12],"killed_by":"Book of Stabbing","ascension_level":20}