{"gold_per_floor":[112,37,37,37,37,37,50,125,125,99,134,150,176,193,193,270,270,270,270,126,126,26,26,26,26,26,26,26,26,26,26,26,26,26,26,26,26,26,26,26,26,26,26,26,26,26,26,26,26,26,26,26,26,26,26,26],"floor_reached":56,"playtime":3469,"items_purged":["Strike_B","Strike_B"],"score":2066,"play_id":"39c85244-57b4-4e13-84b8-bdfa61a2f4b5","local_time":"20190321203554","is_ascension_mode":true,"campfire_choices":[{"data":"Defragment","floor":6.0,"key":"SMITH"},{"data":"Recycle","floor":15.0,"key":"SMITH"},{"data":"Consume","floor":23.0,"key":"SMITH"},{"data":"Capacitor","floor":28.0,"key":"SMITH"},{"data":"Skim","floor":30.0,"key":"SMITH"},{"data":"Skim","floor":32.0,"key":"SMITH"},{"data":"Recycle","floor":41.0,"key":"SMITH"},{"data":"Hologram","floor":46.0,"key":"SMITH"},{"floor":49.0,"key":"RECALL"},{"data":"Skim","floor":53.0,"key":"SMITH"}],"neow_cost":"NONE","seed_source_timestamp":28251744095446,"circlet_count":0,"master_deck":["AscendersBane","Strike_B","Defend_B","Defend_B","Defend_B","Defend_B+1","Zap","Dualcast","Defragment+1","Consume+1","Recycle+1","Skim+1","Darkness","Skim+1","Skim+1","Echo Form","Defragment+1","Coolheaded","Capacitor+1","White Noise","Double Energy","Creative AI","Glacier+1","White Noise+1","Recycle+1","Hologram+1","Rainbow","White Noise","Double Energy+1","Core Surge","Defragment"],"special_seed":0,"relics":["Cracked Core","NeowsBlessing","Torii","Meat on the Bone","Ectoplasm","Mummified Hand","Nunchaku","Enchiridion","Orrery","Thread and Needle","Art of War","War Paint","Bottled Tornado","Pantograph"],"potions_floor_usage":[],"damage_taken":[{"damage":0.0,"enemies":"Small Slimes","floor":1.0,"turns":1.0},{"damage":0.0,"enemies":"2 Louse","floor":7.0,"turns":1.0},{"damage":0.0,"enemies":"Lagavulin","floor":11.0,"turns":1.0},{"damage":1.0,"enemies":"Jaw Worm","floor":12.0,"turns":3.0},{"damage":23.0,"enemies":"3 Sentries","floor":13.0,"turns":8.0},{"damage":9.0,"enemies":"Blue Slaver","floor":14.0,"turns":3.0},{"damage":25.0,"enemies":"The Guardian","floor":16.0,"turns":10.0},{"damage":26.0,"enemies":"Chosen","floor":18.0,"turns":5.0},{"damage":30.0,"enemies":"2 Thieves","floor":22.0,"turns":4.0},{"damage":9.0,"enemies":"Sentry and Sphere","floor":24.0,"turns":9.0},{"damage":0.0,"enemies":"Snecko","floor":25.0,"turns":6.0},{"damage":9.0,"enemies":"Centurion and Healer","floor":27.0,"turns":7.0},{"damage":30.0,"enemies":"Gremlin Leader","floor":29.0,"turns":5.0},{"damage":17.0,"enemies":"Collector","floor":33.0,"turns":12.0},{"damage":16.0,"enemies":"Orb Walker","floor":35.0,"turns":6.0},{"damage":40.0,"enemies":"3 Darklings","floor":36.0,"turns":5.0},{"damage":13.0,"enemies":"2 Orb Walkers","floor":39.0,"turns":8.0},{"damage":0.0,"enemies":"Nemesis","floor":40.0,"turns":9.0},{"damage":1.0,"enemies":"4 Shapes","floor":42.0,"turns":5.0},{"damage":0.0,"enemies":"Writhing Mass","floor":44.0,"turns":5.0},{"damage":0.0,"enemies":"3 Darklings","floor":45.0,"turns":5.0},{"damage":0.0,"enemies":"Giant Head","floor":48.0,"turns":7.0},{"damage":24.0,"enemies":"Awakened One","floor":50.0,"turns":3.0},{"damage":28.0,"enemies":"Time Eater","floor":51.0,"turns":7.0},{"damage":35.0,"enemies":"Shield and Spear","floor":55.0,"turns":5.0},{"damage":89,"enemies":"The Heart","floor":56,"turns":3}],"seed_played":"4477625124211604741","potions_obtained":[{"floor":1.0,"key":"SpeedPotion"},{"floor":12.0,"key":"SteroidPotion"},{"floor":24.0,"key":"Regen Potion"},{"floor":29.0,"key":"Regen Potion"},{"floor":39.0,"key":"SteroidPotion"},{"floor":42.0,"key":"AttackPotion"},{"floor":44.0,"key":"GamblersBrew"},{"floor":48.0,"key":"PowerPotion"}],"is_trial":false,"path_per_floor":["M","$","?","?","$","R","M","?","T","$","E","M","E","M","R","B",null,"M","?","$","?","M","R","M","M","T","M","R","E","R","?","R","B",null,"M","M","?","?","?","E","R","M","T","M","M","R","$","E","R","B","B",null,"R","$","E","B"],"character_chosen":"DEFECT","items_purchased":["Cold Snap","Defragment"],"campfire_rested":0,"item_purchase_floors":[10,20],"current_hp_per_floor":[64,64,69,69,69,69,69,58,58,58,58,57,34,37,37,24,63,49,49,49,49,31,31,34,46,46,49,49,31,31,10,10,48,69,53,25,25,25,24,36,36,47,47,47,47,47,47,47,47,35,19,59,59,59,36,0],"gold":26,"neow_bonus":"THREE_ENEMY_KILL","is_prod":false,"is_daily":false,"chose_seed":false,"campfire_upgraded":9,"win_rate":0,"timestamp":1553171754,"path_taken":["M","$","?","?","$","R","M","?","T","?","E","M","E","M","R","BOSS","M","?","?","?","M","R","M","?","T","M","R","E","R","?","R","BOSS","M","M","?","?","?","E","R","M","T","M","M","R","$","E","R","BOSS","BOSS","R","$","E","BOSS"],"build_version":"2019-01-23","purchased_purges":2,"victory":false,"max_hp_per_floor":[71,71,76,76,76,76,76,76,76,76,76,76,76,76,76,76,76,76,76,76,76,76,76,76,76,76,76,76,76,76,76,76,76,76,76,76,72,72,72,72,72,72,72,72,72,72,72,72,72,72,72,72,72,72,72,72],"card_choices":[{"not_picked":["Lockon","Ball Lightning"],"picked":"Defragment","floor":1.0},{"not_picked":["Rebound","Auto Shields"],"picked":"Recycle","floor":7.0},{"not_picked":["Go for the Eyes","Streamline"],"picked":"Skim","floor":11.0},{"not_picked":["Stack","Redo"],"picked":"Darkness","floor":12.0},{"not_picked":["Static Discharge","Beam Cell"],"picked":"Skim","floor":13.0},{"not_picked":["Undo","Barrage"],"picked":"Skim","floor":14.0},{"not_picked":["Amplify","Creative AI"],"picked":"Echo Form","floor":16.0},{"not_picked":["Streamline","Stack+1","Force Field"],"picked":"SKIP","floor":18.0},{"not_picked":["Melter","Go for the Eyes"],"picked":"Coolheaded","floor":22.0},{"not_picked":["Hologram","Gash+1"],"picked":"Capacitor","floor":24.0},{"not_picked":["Steam","BootSequence","Static Discharge"],"picked":"SKIP","floor":25.0},{"not_picked":["Hologram","Beam Cell"],"picked":"White Noise","floor":27.0},{"not_picked":["Go for the Eyes+1","Tempest+1"],"picked":"Double Energy","floor":29.0},{"not_picked":["Meteor Strike","Seek"],"picked":"Creative AI","floor":33.0},{"not_picked":["Sweeping Beam","Rebound"],"picked":"Glacier+1","floor":34.0},{"not_picked":["Stack","Glacier"],"picked":"White Noise","floor":34.0},{"not_picked":["Compile Driver","Conserve Battery+1"],"picked":"Recycle","floor":35.0},{"not_picked":["Coolheaded","Chaos"],"picked":"Hologram","floor":36.0},{"not_picked":["Leap+1","Streamline"],"picked":"Rainbow","floor":39.0},{"not_picked":["Fusion","Static Discharge","Reprogram"],"picked":"SKIP","floor":40.0},{"not_picked":["Loop","Gash"],"picked":"White Noise","floor":42.0},{"not_picked":["Blizzard","Cold Snap"],"picked":"Double Energy+1","floor":44.0},{"not_picked":["Beam Cell","Barrage","Lockon"],"picked":"SKIP","floor":45.0},{"not_picked":["Cold Snap","Gash"],"picked":"Core Surge","floor":48.0},{"not_picked":["Redo","Barrage+1"],"picked":"Defragment","floor":55.0}],"player_experience":3776826,"relics_obtained":[{"floor":11.0,"key":"Torii"},{"floor":13.0,"key":"Meat on the Bone"},{"floor":26.0,"key":"Mummified Hand"},{"floor":29.0,"key":"Nunchaku"},{"floor":31.0,"key":"Enchiridion"},{"floor":39.0,"key":"Thread and Needle"},{"floor":40.0,"key":"Art of War"},{"floor":43.0,"key":"War Paint"},{"floor":48.0,"key":"Bottled Tornado"},{"floor":55.0,"key":"Pantograph"}],"event_choices":[{"damage_healed":0.0,"max_hp_gain":5.0,"max_hp_loss":0.0,"gold_gain":0.0,"event_name":"Big Fish","player_choice":"Donut","floor":3.0,"gold_loss":0.0,"damage_taken":0.0},{"damage_healed":0.0,"max_hp_gain":0.0,"max_hp_loss":0.0,"gold_gain":0.0,"cards_transformed":["Strike_B"],"event_name":"Living Wall","player_choice":"Change","floor":4.0,"gold_loss":0.0,"damage_taken":0.0,"cards_obtained":["Consume"]},{"damage_healed":0.0,"max_hp_gain":0.0,"max_hp_loss":0.0,"gold_gain":75.0,"event_name":"World of Goop","player_choice":"Gather Gold","floor":8.0,"gold_loss":0.0,"damage_taken":11.0},{"damage_healed":0.0,"max_hp_gain":0.0,"max_hp_loss":0.0,"gold_gain":0.0,"event_name":"Golden Shrine","player_choice":"Ignored","floor":19.0,"gold_loss":0.0,"damage_taken":0.0},{"damage_healed":0.0,"max_hp_gain":0.0,"max_hp_loss":0.0,"gold_gain":0.0,"event_name":"Upgrade Shrine","player_choice":"Upgraded","floor":21.0,"gold_loss":0.0,"damage_taken":0.0,"cards_upgraded":["Defragment"]},{"damage_healed":0.0,"max_hp_gain":0.0,"max_hp_loss":0.0,"gold_gain":0.0,"event_name":"Cursed Tome","player_choice":"Obtained Book","floor":31.0,"gold_loss":0.0,"damage_taken":21.0},{"damage_healed":0.0,"max_hp_gain":0.0,"max_hp_loss":4.0,"gold_gain":0.0,"event_name":"Winding Halls","player_choice":"Max HP","floor":37.0,"gold_loss":0.0,"damage_taken":0.0},{"cards_removed":["Cold Snap"],"damage_healed":0.0,"max_hp_gain":0.0,"max_hp_loss":0.0,"gold_gain":0.0,"event_name":"Falling","player_choice":"Removed Attack","floor":38.0,"gold_loss":0.0,"damage_taken":0.0},{"damage_healed":0.0,"max_hp_gain":0.0,"max_hp_loss":0.0,"gold_gain":0.0,"event_name":"Mysterious Sphere","player_choice":"Fight","floor":39.0,"gold_loss":0.0,"damage_taken":0.0}],"is_beta":false,"boss_relics":[{"not_picked":["Fusion Hammer","Black Star"],"picked":"Ectoplasm"},{"not_picked":["Calling Bell","Philosopher\u0027s Stone"],"picked":"Orrery"}],"items_purged_floors":[2,20],"is_endless":false,"potions_floor_spawned":[1,12,14,24,29,39,42,44,45,48],"killed_by":"The Heart","ascension_level":20}