{"gold_per_floor":[116,134,154,154,154,195,195,41,41,41,60,60,60,76,76,207,207,221,221,234,234,37,37,73,73,100,15,15,29,45,70,70,200,200,214,214,214,114,114,153,172,172,195,229,229,229,253,128,128,128],"floor_reached":51,"playtime":4425,"items_purged":["Strike_R","Strike_R","Immolate"],"score":1194,"play_id":"8e862c18-534b-466a-ac1a-abf73af83c5d","local_time":"20190729195712","is_ascension_mode":true,"campfire_choices":[{"floor":7,"key":"REST"},{"data":"Juggernaut","floor":10,"key":"SMITH"},{"data":"Juggernaut","floor":13,"key":"SMITH"},{"floor":15,"key":"REST"},{"data":"Apotheosis","floor":23,"key":"SMITH"},{"data":"Battle Trance","floor":25,"key":"SMITH"},{"data":"Seeing Red","floor":28,"key":"SMITH"},{"data":"Pommel Strike","floor":32,"key":"SMITH"},{"data":"Metallicize","floor":42,"key":"SMITH"},{"data":"Rage","floor":45,"key":"SMITH"},{"data":"Shrug It Off","floor":49,"key":"SMITH"}],"neow_cost":"PERCENT_DAMAGE","seed_source_timestamp":799787141071894,"circlet_count":0,"master_deck":["AscendersBane","Defend_R","Defend_R","Defend_R","Defend_R","Bash","Rage+1","Juggernaut+1","Seeing Red+1","Hemokinesis","Juggernaut+1","Shrug It Off","Exhume","True Grit","Shrug It Off+1","Shrug It Off","True Grit","Pommel Strike+1","Battle Trance+1","Apotheosis+1","Metallicize+1","Body Slam"],"relics":["Burning Blood","Golden Idol","Matryoshka","Lantern","Prayer Wheel","Thread and Needle","Sozu","PreservedInsect","Happy Flower","Centennial Puzzle","Oddly Smooth Stone","Orichalcum","Philosopher\u0027s Stone","Anchor","Shuriken","Blood Vial","Pen Nib"],"potions_floor_usage":[16,24],"damage_taken":[{"damage":2,"enemies":"Small Slimes","floor":1,"turns":5},{"damage":2,"enemies":"Jaw Worm","floor":2,"turns":4},{"damage":2,"enemies":"Cultist","floor":3,"turns":5},{"damage":36,"enemies":"Gremlin Nob","floor":6,"turns":5},{"damage":15,"enemies":"3 Louse","floor":11,"turns":3},{"damage":6,"enemies":"Exordium Wildlife","floor":14,"turns":4},{"damage":8,"enemies":"The Guardian","floor":16,"turns":9},{"damage":10,"enemies":"3 Byrds","floor":18,"turns":5},{"damage":0,"enemies":"Shell Parasite","floor":20,"turns":4},{"damage":0,"enemies":"Slavers","floor":24,"turns":3},{"damage":2,"enemies":"Sentry and Sphere","floor":29,"turns":3},{"damage":0,"enemies":"Snake Plant","floor":30,"turns":3},{"damage":0,"enemies":"Centurion and Healer","floor":31,"turns":5},{"damage":0,"enemies":"Champ","floor":33,"turns":7},{"damage":3,"enemies":"Orb Walker","floor":35,"turns":2},{"damage":3,"enemies":"Giant Head","floor":40,"turns":5},{"damage":2,"enemies":"3 Darklings","floor":41,"turns":3},{"damage":15,"enemies":"Reptomancer","floor":44,"turns":4},{"damage":0,"enemies":"Maw","floor":47,"turns":6},{"damage":30,"enemies":"Awakened One","floor":50,"turns":9}],"seed_played":"-6995807696169478326","potions_obtained":[{"floor":2,"key":"SteroidPotion"},{"floor":6,"key":"Ancient Potion"},{"floor":14,"key":"Block Potion"},{"floor":16,"key":"Block Potion"}],"is_trial":false,"path_per_floor":["M","M","M","?","?","E","R","$","T","R","M","?","R","M","R","B",null,"M","?","M","T","$","R","E","R","T","?","R","M","M","M","R","B",null,"M","?","?","$","T","E","M","R","T","E","R","?","M","$","R","B",null],"character_chosen":"IRONCLAD","items_purchased":["True Grit","Shrug It Off","Apotheosis"],"campfire_rested":2,"item_purchase_floors":[8,8,22],"current_hp_per_floor":[55,59,63,63,43,13,37,37,37,37,28,21,21,21,45,43,71,67,67,73,73,73,73,79,79,79,79,79,80,80,80,80,80,80,80,76,76,76,76,76,76,76,76,67,67,67,75,75,75,52],"gold":128,"neow_bonus":"TRANSFORM_TWO_CARDS","is_prod":false,"is_daily":false,"chose_seed":false,"campfire_upgraded":9,"win_rate":0,"timestamp":1564448232,"path_taken":["M","M","M","?","?","E","R","$","T","R","M","?","R","M","R","BOSS","M","?","M","?","$","R","E","R","T","?","R","M","M","M","R","BOSS","M","?","?","?","?","E","?","R","T","E","R","?","M","$","R","BOSS"],"build_version":"2019-07-17","purchased_purges":3,"victory":true,"max_hp_per_floor":[80,80,80,80,80,80,80,80,80,80,80,80,80,80,80,80,80,80,80,80,80,80,80,80,80,80,80,80,80,80,80,80,80,80,80,76,76,76,76,76,76,76,76,76,76,76,76,76,76,76],"card_choices":[{"not_picked":["Sword Boomerang","Heavy Blade"],"picked":"Seeing Red","floor":1},{"not_picked":["Sword Boomerang","Armaments"],"picked":"Hemokinesis","floor":2},{"not_picked":["Anger","Armaments"],"picked":"Juggernaut","floor":3},{"not_picked":["Headbutt","Twin Strike"],"picked":"Exhume","floor":6},{"not_picked":["Seeing Red","Pommel Strike"],"picked":"Shrug It Off","floor":11},{"not_picked":["Infernal Blade","Limit Break"],"picked":"True Grit","floor":11},{"not_picked":["Sword Boomerang","Whirlwind"],"picked":"Immolate","floor":14},{"not_picked":["Dual Wield","Thunderclap"],"picked":"Pommel Strike","floor":14},{"not_picked":["Fire Breathing","Perfected Strike","Armaments"],"picked":"SKIP","floor":18},{"not_picked":["Pommel Strike","Exhume","Headbutt"],"picked":"SKIP","floor":18},{"not_picked":["Wild Strike+1","Pommel Strike+1","Blood for Blood"],"picked":"SKIP","floor":20},{"not_picked":["Cleave","Brutality","Pummel"],"picked":"SKIP","floor":20},{"not_picked":["Sword Boomerang","Rage","Perfected Strike"],"picked":"SKIP","floor":24},{"not_picked":["Iron Wave","Intimidate"],"picked":"Metallicize","floor":29},{"not_picked":["Wild Strike","Cleave+1","Anger"],"picked":"SKIP","floor":29},{"not_picked":["Pommel Strike","Perfected Strike"],"picked":"Body Slam","floor":30},{"not_picked":["Pommel Strike","Rampage","Headbutt"],"picked":"SKIP","floor":30},{"not_picked":["Clash","Heavy Blade","Iron Wave"],"picked":"SKIP","floor":31},{"not_picked":["Armaments","Thunderclap","Sword Boomerang"],"picked":"SKIP","floor":31},{"not_picked":["Anger","Bloodletting","Heavy Blade+1"],"picked":"SKIP","floor":35},{"not_picked":["Thunderclap","Havoc+1","Heavy Blade+1"],"picked":"SKIP","floor":35},{"not_picked":["Fire Breathing","Burning Pact+1","Rage+1"],"picked":"SKIP","floor":40},{"not_picked":["Blood for Blood","Shrug It Off","Headbutt"],"picked":"SKIP","floor":41},{"not_picked":["Power Through+1","Iron Wave+1","Cleave+1"],"picked":"SKIP","floor":41},{"not_picked":["Reckless Charge+1","Thunderclap","Combust+1"],"picked":"SKIP","floor":44},{"not_picked":["Thunderclap+1","Pommel Strike","Iron Wave+1"],"picked":"SKIP","floor":47},{"not_picked":["Immolate","Armaments","Carnage"],"picked":"SKIP","floor":47}],"player_experience":379886,"relics_obtained":[{"floor":6,"key":"Matryoshka"},{"floor":9,"key":"Lantern"},{"floor":9,"key":"Prayer Wheel"},{"floor":21,"key":"PreservedInsect"},{"floor":21,"key":"Happy Flower"},{"floor":24,"key":"Centennial Puzzle"},{"floor":26,"key":"Oddly Smooth Stone"},{"floor":39,"key":"Anchor"},{"floor":40,"key":"Shuriken"},{"floor":43,"key":"Blood Vial"},{"floor":44,"key":"Pen Nib"}],"event_choices":[{"damage_healed":0,"gold_gain":0,"cards_transformed":["Strike_R"],"player_choice":"Change","damage_taken":0,"max_hp_gain":0,"max_hp_loss":0,"event_name":"Living Wall","floor":4,"gold_loss":0,"cards_obtained":["Shrug It Off"]},{"damage_healed":0,"gold_gain":0,"player_choice":"Take Damage","damage_taken":20,"relics_obtained":["Golden Idol"],"max_hp_gain":0,"max_hp_loss":0,"event_name":"Golden Idol","floor":5,"gold_loss":0},{"damage_healed":0,"gold_gain":0,"player_choice":"Success","damage_taken":7,"relics_obtained":["Thread and Needle"],"max_hp_gain":0,"max_hp_loss":0,"event_name":"Scrap Ooze","floor":12,"gold_loss":0},{"damage_healed":0,"gold_gain":0,"player_choice":"Read","damage_taken":0,"max_hp_gain":0,"max_hp_loss":0,"event_name":"The Library","floor":19,"gold_loss":0,"cards_obtained":["Battle Trance"]},{"damage_healed":0,"gold_gain":0,"player_choice":"Obtained Relic","damage_taken":0,"relics_obtained":["Orichalcum"],"max_hp_gain":0,"max_hp_loss":0,"event_name":"Addict","floor":27,"gold_loss":85},{"damage_healed":0,"gold_gain":0,"player_choice":"Max HP","damage_taken":0,"max_hp_gain":0,"max_hp_loss":4,"event_name":"Winding Halls","floor":36,"gold_loss":0},{"damage_healed":0,"gold_gain":0,"player_choice":"Ignored","damage_taken":0,"max_hp_gain":0,"max_hp_loss":0,"event_name":"Mysterious Sphere","floor":37,"gold_loss":0},{"damage_healed":0,"gold_gain":0,"player_choice":"Bought 0 Potions","damage_taken":0,"max_hp_gain":0,"max_hp_loss":0,"event_name":"The Woman in Blue","floor":46,"gold_loss":0}],"is_beta":false,"boss_relics":[{"not_picked":["Ectoplasm","Fusion Hammer"],"picked":"Sozu"},{"not_picked":["Lizard Tail","Calling Bell"],"picked":"Philosopher\u0027s Stone"}],"items_purged_floors":[8,38,48],"is_endless":false,"potions_floor_spawned":[2,6,14,16,24,30,31,35,41,47],"ascension_level":10}