{"gold_per_floor":[117,42,60,60,74,74,86,86,162,162,179,129,29,46,46,144,144,164,39,58,58,58,58,123,123,148,148,113,189,239,289,289,393,393,409,259,309,372,644,644,655,666,666,676,688,738,751,766,766,766],"floor_reached":51,"playtime":2996,"items_purged":["Defend_R","Defend_R","Strike_R","Strike_R+1"],"score":789,"play_id":"63cf1bc9-83e1-4b2b-bf60-42ad637b5067","local_time":"20181014120208","is_ascension_mode":false,"campfire_choices":[{"data":"Bash","floor":6.0,"key":"SMITH"},{"data":"Strike_R","floor":8.0,"key":"SMITH"},{"data":"Strike_R","floor":10.0,"key":"SMITH"},{"data":"Strike_R","floor":15.0,"key":"SMITH"},{"data":"Double Tap","floor":23.0,"key":"SMITH"},{"data":"Strike_R","floor":25.0,"key":"SMITH"},{"floor":27.0,"key":"REST"},{"floor":32.0,"key":"REST"},{"floor":40,"key":"REST"},{"floor":49,"key":"REST"}],"neow_cost":"NONE","seed_source_timestamp":0,"circlet_count":0,"master_deck":["Strike_R+1","Bash+1","Double Tap+1","Dropkick+1"],"special_seed":0,"relics":["Burning Blood","Paper Frog","Sozu","SsserpentHead","Bronze Scales","Lantern","Red Mask","Pen Nib","Orrery","Potion Belt"],"potions_floor_usage":[],"damage_taken":[{"damage":6.0,"enemies":"Cultist","floor":1.0,"turns":3.0},{"damage":7.0,"enemies":"Small Slimes","floor":3.0,"turns":3.0},{"damage":9.0,"enemies":"2 Louse","floor":5.0,"turns":2.0},{"damage":11.0,"enemies":"Exordium Thugs","floor":7.0,"turns":3.0},{"damage":10.0,"enemies":"Looter","floor":11.0,"turns":3.0},{"damage":21.0,"enemies":"Lots of Slimes","floor":14.0,"turns":4.0},{"damage":44.0,"enemies":"Hexaghost","floor":16.0,"turns":6.0},{"damage":20.0,"enemies":"Shell Parasite","floor":18.0,"turns":3.0},{"damage":13.0,"enemies":"3 Byrds","floor":20.0,"turns":5.0},{"damage":0.0,"enemies":"Snake Plant","floor":24.0,"turns":2.0},{"damage":20.0,"enemies":"Masked Bandits","floor":29.0,"turns":3.0},{"damage":64.0,"enemies":"Collector","floor":33.0,"turns":4.0},{"damage":6.0,"enemies":"3 Darklings","floor":35.0,"turns":2.0},{"damage":20,"enemies":"3 Shapes","floor":38,"turns":2},{"damage":0,"enemies":"Transient","floor":41,"turns":5},{"damage":13,"enemies":"3 Darklings","floor":42,"turns":3},{"damage":0,"enemies":"Maw","floor":44,"turns":2},{"damage":16,"enemies":"Sphere and 2 Shapes","floor":45,"turns":3},{"damage":0,"enemies":"Transient","floor":47,"turns":5},{"damage":0,"enemies":"Maw","floor":48,"turns":2},{"damage":55,"enemies":"Awakened One","floor":50,"turns":4}],"seed_played":"3048175871976109411","potions_obtained":[{"floor":1.0,"key":"SteroidPotion"},{"floor":11.0,"key":"Energy Potion"},{"floor":14.0,"key":"Block Potion"}],"is_trial":false,"path_per_floor":["M","$","M","$","M","R","M","R","T","R","M","?","$","M","R","B",null,"M","$","M","?","?","R","M","R","T","R","?","?","T","?","R","B",null,"M","$","?","M","?","R","M","M","T","M","M","?","M","M","R","B"],"character_chosen":"IRONCLAD","items_purchased":[],"campfire_rested":4,"item_purchase_floors":[],"current_hp_per_floor":[80,80,79,79,76,76,71,71,71,71,67,67,67,52,52,14,80,66,66,59,59,59,59,65,65,65,80,80,66,66,66,80,22,80,80,80,80,66,66,80,80,73,73,79,69,69,75,80,80,31],"gold":766,"neow_bonus":"REMOVE_CARD","is_prod":false,"is_daily":false,"chose_seed":false,"campfire_upgraded":6,"win_rate":0,"timestamp":1539489728,"path_taken":["M","?","?","$","M","R","M","R","T","R","?","?","$","M","R","BOSS","M","$","M","?","?","R","?","R","T","R","?","?","?","?","R","BOSS","M","$","?","?","?","R","M","M","T","M","M","?","M","M","R","BOSS"],"build_version":"2018-10-11","purchased_purges":4,"victory":true,"max_hp_per_floor":[80,80,80,80,80,80,80,80,80,80,80,80,80,80,80,80,80,80,80,80,80,80,80,80,80,80,80,80,80,80,80,80,80,80,80,80,80,80,80,80,80,80,80,80,80,80,80,80,80,80],"card_choices":[{"not_picked":["Seeing Red","Wild Strike","Body Slam"],"picked":"SKIP","floor":1.0},{"not_picked":["Evolve","Ghostly Armor","Havoc"],"picked":"SKIP","floor":3.0},{"not_picked":["Disarm","Rupture","Headbutt"],"picked":"SKIP","floor":5.0},{"not_picked":["Havoc","Thunderclap","Body Slam"],"picked":"SKIP","floor":7.0},{"not_picked":["Twin Strike","True Grit","Searing Blow"],"picked":"SKIP","floor":11.0},{"not_picked":["Seeing Red","Heavy Blade","True Grit"],"picked":"SKIP","floor":14.0},{"not_picked":["Impervious","Berserk"],"picked":"Double Tap","floor":16.0},{"not_picked":["Armaments","Wild Strike","Twin Strike"],"picked":"SKIP","floor":18.0},{"not_picked":["Clash","Power Through","Clothesline"],"picked":"SKIP","floor":20.0},{"not_picked":["Hemokinesis","Perfected Strike","Rage"],"picked":"SKIP","floor":24.0},{"not_picked":["Sentinel+1","Uppercut"],"picked":"Dropkick+1","floor":34.0},{"not_picked":["Feel No Pain+1","Iron Wave","Cleave"],"picked":"SKIP","floor":35.0},{"not_picked":["Rage","Whirlwind","Perfected Strike"],"picked":"SKIP","floor":38},{"not_picked":["Bludgeon","Whirlwind","Shrug It Off"],"picked":"SKIP","floor":41},{"not_picked":["Inflame+1","Warcry+1","Sentinel"],"picked":"SKIP","floor":42},{"not_picked":["Flame Barrier","Searing Blow+1","Body Slam+1"],"picked":"SKIP","floor":44},{"not_picked":["Second Wind","Sword Boomerang+1","Thunderclap"],"picked":"SKIP","floor":45},{"not_picked":["Havoc+1","Shrug It Off+1","Reaper"],"picked":"SKIP","floor":47},{"not_picked":["Battle Trance+1","Carnage","Warcry+1"],"picked":"SKIP","floor":48}],"player_experience":179059,"relics_obtained":[{"floor":9.0,"key":"Paper Frog"},{"floor":26.0,"key":"Bronze Scales"},{"floor":29.0,"key":"Red Mask"},{"floor":30.0,"key":"Pen Nib"},{"floor":43,"key":"Potion Belt"}],"event_choices":[{"event_name":"The Cleric","player_choice":"Card Removal","floor":12.0,"damage_taken":0.0},{"event_name":"The Lab","player_choice":"Got Potions","floor":21.0,"damage_taken":0.0},{"event_name":"FaceTrader","player_choice":"Trade","floor":22.0,"damage_taken":0.0},{"event_name":"Addict","player_choice":"Obtained Relic","floor":28.0,"damage_taken":0.0},{"event_name":"Masked Bandits","player_choice":"Fought Bandits","floor":29.0,"damage_taken":0.0},{"event_name":"Back to Basics","player_choice":"Elegance","floor":31.0,"damage_taken":0.0},{"event_name":"Falling","player_choice":"Removed Attack","floor":37.0,"damage_taken":0.0},{"event_name":"Tomb of Lord Red Mask","player_choice":"Wore Mask","floor":39,"damage_taken":0},{"event_name":"Mysterious Sphere","player_choice":"Ignore","floor":46,"damage_taken":0}],"is_beta":false,"boss_relics":[{"not_picked":["Eternal Feather","Black Blood"],"picked":"Sozu"},{"not_picked":["Runic Pyramid","Coffee Dripper"],"picked":"Orrery"}],"items_purged_floors":[2,13,19,36],"is_endless":false,"potions_floor_spawned":[1,11,14,24,29,35,44,47,48],"ascension_level":0}