{"gold_per_floor":[111,123,134,148,161,161,195,195,242,252,177,177,195,195,195,272,272,285,210,224,241,241,241,97,129,208,218,229,229,241,253,265,352,364,389,74,74,124,142,172,172,207,207,224,8,19,46,59,59,59,59,59,59,0,33,33],"floor_reached":57,"playtime":4044,"items_purged":["Strike_G","Defend_G"],"score":3078,"play_id":"1b3259fd-e13e-4f84-8d2b-863d3cb71ae8","local_time":"20190227155820","is_ascension_mode":true,"campfire_choices":[{"data":"Noxious Fumes","floor":6.0,"key":"SMITH"},{"data":"Catalyst","floor":8.0,"key":"SMITH"},{"data":"Neutralize","floor":12.0,"key":"SMITH"},{"data":"Acrobatics","floor":15.0,"key":"SMITH"},{"data":"Calculated Gamble","floor":23.0,"key":"SMITH"},{"data":"Footwork","floor":30.0,"key":"SMITH"},{"floor":32.0,"key":"REST"},{"floor":41.0,"key":"RECALL"},{"floor":49.0,"key":"REST"},{"floor":53.0,"key":"REST"}],"neow_cost":"NONE","seed_source_timestamp":13598999453226,"circlet_count":0,"master_deck":["AscendersBane","Defend_G+1","Defend_G","Defend_G","Defend_G","Survivor+1","Neutralize+1","All Out Attack+1","Calculated Gamble+1","Catalyst+1","Noxious Fumes+1","Venomology","Acrobatics+1","Malaise+1","Adrenaline+1","Die Die Die+1","Masterful Stab+1","Deflect+1","Escape Plan+1","After Image","Footwork+1","Escape Plan+1","Storm of Steel+1","Burst+1","Dark Shackles+1","Master of Strategy+1","Discovery+1","PiercingWail+1","Concentrate+1","Adrenaline+1","Backflip+1","Blur+1"],"special_seed":0,"relics":["Ring of the Snake","NeowsBlessing","Pear","Snake Skull","Toxic Egg 2","Astrolabe","Dream Catcher","Tiny Chest","MawBank","Fusion Hammer","Bag of Preparation","War Paint","Whetstone","Blue Candle","Frozen Eye","Vajra","Anchor"],"potions_floor_usage":[55,55,56,56,56],"damage_taken":[{"damage":0.0,"enemies":"2 Louse","floor":1.0,"turns":1.0},{"damage":0.0,"enemies":"Jaw Worm","floor":2.0,"turns":1.0},{"damage":0.0,"enemies":"Small Slimes","floor":3.0,"turns":1.0},{"damage":4.0,"enemies":"Red Slaver","floor":4.0,"turns":3.0},{"damage":23.0,"enemies":"Exordium Thugs","floor":5.0,"turns":6.0},{"damage":38.0,"enemies":"Lagavulin","floor":7.0,"turns":8.0},{"damage":9.0,"enemies":"3 Louse","floor":10.0,"turns":3.0},{"damage":0.0,"enemies":"Large Slime","floor":13.0,"turns":4.0},{"damage":3.0,"enemies":"Hexaghost","floor":16.0,"turns":9.0},{"damage":0.0,"enemies":"3 Byrds","floor":18.0,"turns":5.0},{"damage":14.0,"enemies":"Shell Parasite","floor":20.0,"turns":5.0},{"damage":0.0,"enemies":"Cultist and Chosen","floor":21.0,"turns":6.0},{"damage":15.0,"enemies":"Slavers","floor":25.0,"turns":4.0},{"damage":9.0,"enemies":"Snake Plant","floor":27.0,"turns":8.0},{"damage":15.0,"enemies":"Shelled Parasite and Fungi","floor":28.0,"turns":6.0},{"damage":0.0,"enemies":"Colosseum Slavers","floor":31.0,"turns":4.0},{"damage":0.0,"enemies":"Automaton","floor":33.0,"turns":9.0},{"damage":0.0,"enemies":"3 Darklings","floor":35.0,"turns":4.0},{"damage":0.0,"enemies":"Orb Walker","floor":39.0,"turns":4.0},{"damage":0.0,"enemies":"Nemesis","floor":40.0,"turns":5.0},{"damage":0.0,"enemies":"Giant Head","floor":42.0,"turns":7.0},{"damage":0.0,"enemies":"Spire Growth","floor":44.0,"turns":5.0},{"damage":0.0,"enemies":"Jaw Worm Horde","floor":46.0,"turns":4.0},{"damage":0.0,"enemies":"Nemesis","floor":47.0,"turns":11.0},{"damage":0.0,"enemies":"Writhing Mass","floor":48.0,"turns":6.0},{"damage":2.0,"enemies":"Time Eater","floor":50.0,"turns":13.0},{"damage":0.0,"enemies":"Awakened One","floor":51.0,"turns":17.0},{"damage":13,"enemies":"Shield and Spear","floor":55,"turns":8},{"damage":47,"enemies":"The Heart","floor":56,"turns":9}],"seed_played":"-1320214139692928850","potions_obtained":[{"floor":2.0,"key":"Regen Potion"},{"floor":4.0,"key":"SkillPotion"},{"floor":16.0,"key":"Energy Potion"},{"floor":18.0,"key":"Ancient Potion"},{"floor":20.0,"key":"PowerPotion"},{"floor":21.0,"key":"Energy Potion"},{"floor":33.0,"key":"Energy Potion"},{"floor":39.0,"key":"GamblersBrew"},{"floor":46.0,"key":"Energy Potion"},{"floor":47.0,"key":"LiquidBronze"},{"floor":55,"key":"Block Potion"}],"is_trial":false,"path_per_floor":["M","M","M","M","M","R","E","R","T","M","?","R","M","?","R","B",null,"M","$","M","M","?","R","$","E","T","M","M","T","R","?","R","B",null,"M","$","?","?","M","E","R","E","T","M","$","M","E","M","R","B","B",null,"R","$","E","B",null],"character_chosen":"THE_SILENT","items_purchased":["Footwork","Bag of Preparation","War Paint","Frozen Eye","Backflip+1"],"campfire_rested":3,"item_purchase_floors":[24,36,36,45,54],"current_hp_per_floor":[59,59,59,55,32,32,19,19,19,10,10,10,10,5,5,2,58,58,58,44,44,44,44,44,29,29,20,5,5,5,5,27,27,64,64,64,54,54,54,54,54,54,54,54,54,54,54,54,76,74,74,76,76,76,63,16],"gold":33,"neow_bonus":"THREE_ENEMY_KILL","is_prod":false,"is_daily":false,"chose_seed":false,"campfire_upgraded":6,"win_rate":0,"timestamp":1551254300,"path_taken":["M","M","M","M","M","R","E","R","T","M","?","R","M","?","R","BOSS","M","$","M","M","?","R","$","E","T","M","?","?","R","?","R","BOSS","M","$","?","?","M","E","R","E","T","M","$","M","E","?","R","BOSS","BOSS","R","$","E","BOSS"],"build_version":"2019-01-23","purchased_purges":2,"victory":true,"max_hp_per_floor":[66,66,66,66,66,66,76,76,76,76,76,76,76,76,76,76,76,76,76,76,76,76,76,76,76,76,76,76,76,76,76,76,76,76,76,76,76,76,76,76,76,76,76,76,76,76,76,76,76,76,76,76,76,76,76,76],"card_choices":[{"not_picked":["Dagger Spray","Deflect"],"picked":"All Out Attack","floor":1.0},{"not_picked":["Bane","Acrobatics"],"picked":"Flechettes","floor":2.0},{"not_picked":["Underhanded Strike","Setup"],"picked":"Calculated Gamble","floor":3.0},{"not_picked":["Deflect","Infinite Blades"],"picked":"Catalyst","floor":4.0},{"not_picked":["PiercingWail","Deflect"],"picked":"Noxious Fumes","floor":5.0},{"not_picked":["Blur","Dagger Throw","Slice"],"picked":"SKIP","floor":7.0},{"not_picked":["Crippling Poison","Cloak And Dagger"],"picked":"Venomology","floor":10.0},{"not_picked":["Finisher","Eviscerate"],"picked":"Acrobatics","floor":13.0},{"not_picked":["After Image","Glass Knife"],"picked":"Malaise+1","floor":16.0},{"not_picked":["Dodge and Roll+1","Skewer","Flying Knee"],"picked":"SKIP","floor":18.0},{"not_picked":["Cloak And Dagger+1","Bane"],"picked":"Deflect+1","floor":20.0},{"not_picked":["All Out Attack","Dagger Throw"],"picked":"Escape Plan+1","floor":21.0},{"not_picked":["Blade Dance+1","Heel Hook","Flechettes"],"picked":"SKIP","floor":25.0},{"not_picked":["Outmaneuver+1","Dagger Spray+1","Cloak And Dagger+1"],"picked":"SKIP","floor":27.0},{"not_picked":["Dagger Throw","Flying Knee"],"picked":"Escape Plan+1","floor":28.0},{"not_picked":["Acrobatics+1","Sucker Punch"],"picked":"Storm of Steel+1","floor":32.0},{"not_picked":["Die Die Die","Storm of Steel+1"],"picked":"Burst+1","floor":33.0},{"not_picked":["Underhanded Strike","Blade Dance+1","Dagger Throw"],"picked":"SKIP","floor":35.0},{"not_picked":["PanicButton+1","Dramatic Entrance"],"picked":"Dark Shackles+1","floor":37.0},{"not_picked":["Chrysalis+1","Panacea+1"],"picked":"Master of Strategy+1","floor":37.0},{"not_picked":["Jack Of All Trades+1","Good Instincts+1"],"picked":"Discovery+1","floor":37.0},{"not_picked":["Underhanded Strike","Flying Knee","Dodge and Roll+1"],"picked":"SKIP","floor":39.0},{"not_picked":["Flying Knee","Dagger Throw"],"picked":"PiercingWail+1","floor":40.0},{"not_picked":["Slice","Poisoned Stab","Underhanded Strike"],"picked":"SKIP","floor":42.0},{"not_picked":["Blade Dance+1","Finisher"],"picked":"Concentrate+1","floor":44.0},{"not_picked":["Concentrate+1","Blade Dance+1","Slice"],"picked":"SKIP","floor":46.0},{"not_picked":["Cloak And Dagger+1","Bane+1","Quick Slash"],"picked":"SKIP","floor":47.0},{"not_picked":["Dagger Throw+1","Blade Dance+1","Slice"],"picked":"SKIP","floor":48.0},{"not_picked":["Backflip+1","Underhanded Strike"],"picked":"Adrenaline+1","floor":49.0},{"not_picked":["Outmaneuver+1","Finisher+1"],"picked":"Blur+1","floor":55}],"player_experience":3195111,"relics_obtained":[{"floor":7.0,"key":"Pear"},{"floor":9.0,"key":"Snake Skull"},{"floor":25.0,"key":"Dream Catcher"},{"floor":26.0,"key":"Tiny Chest"},{"floor":29.0,"key":"MawBank"},{"floor":40.0,"key":"Whetstone"},{"floor":42.0,"key":"Blue Candle"},{"floor":47.0,"key":"Vajra"},{"floor":55,"key":"Anchor"}],"event_choices":[{"cards_removed":["Strike_G"],"damage_healed":0.0,"max_hp_gain":0.0,"max_hp_loss":0.0,"gold_gain":0.0,"event_name":"The Cleric","player_choice":"Card Removal","floor":11.0,"gold_loss":75.0,"damage_taken":0.0},{"damage_healed":0.0,"max_hp_gain":0.0,"max_hp_loss":0.0,"gold_gain":0.0,"event_name":"Scrap Ooze","player_choice":"Success","floor":14.0,"gold_loss":0.0,"damage_taken":5.0,"relics_obtained":["Toxic Egg 2"]},{"damage_healed":0.0,"max_hp_gain":0.0,"max_hp_loss":0.0,"gold_gain":0.0,"cards_transformed":["Strike_G"],"event_name":"Transmorgrifier","player_choice":"Transformed","floor":22.0,"gold_loss":0.0,"damage_taken":0.0,"cards_obtained":["After Image"]},{"damage_healed":0.0,"max_hp_gain":0.0,"max_hp_loss":0.0,"gold_gain":0.0,"event_name":"Colosseum","player_choice":"Fight","floor":31.0,"gold_loss":0.0,"damage_taken":0.0},{"damage_healed":0.0,"max_hp_gain":0.0,"max_hp_loss":0.0,"gold_gain":0.0,"event_name":"Colosseum","player_choice":"Fled From Nobs","floor":31.0,"gold_loss":0.0,"damage_taken":0.0},{"damage_healed":0.0,"max_hp_gain":0.0,"max_hp_loss":0.0,"gold_gain":0.0,"event_name":"SensoryStone","player_choice":"Memory 3","floor":37.0,"gold_loss":0.0,"damage_taken":10.0},{"damage_healed":0.0,"max_hp_gain":0.0,"max_hp_loss":0.0,"gold_gain":50.0,"event_name":"Golden Shrine","player_choice":"Pray","floor":38.0,"gold_loss":0.0,"damage_taken":0.0}],"is_beta":false,"boss_relics":[{"not_picked":["Black Star","Ring of the Serpent"],"picked":"Astrolabe"},{"not_picked":["Eternal Feather","Cursed Key"],"picked":"Fusion Hammer"}],"items_purged_floors":[19,24],"is_endless":false,"potions_floor_spawned":[2,4,16,18,20,21,33,39,46,47,55],"ascension_level":20}