{"gold_per_floor":[110,185,196,196,207,207,236,161,184,184,184,198,1,32,32,106,106,124,141,141,141,159,159,179,194,194,223,235,247,278,303,315,402,414,439,451,25,25,45,74,54,83,83,96,125,125,135,161,161,161,161,161,161,16,45,45],"floor_reached":58,"playtime":2309,"items_purged":["Strike_R","Strike_R"],"score":3485,"play_id":"dc58a74d-2437-44c4-a54e-35903717d0e5","local_time":"20190807004008","is_ascension_mode":true,"campfire_choices":[{"data":"Fiend Fire","floor":6.0,"key":"SMITH"},{"data":"Berserk","floor":10.0,"key":"SMITH"},{"data":"Battle Trance","floor":15.0,"key":"SMITH"},{"data":"Dark Embrace","floor":23.0,"key":"SMITH"},{"floor":28.0,"key":"REST"},{"floor":32.0,"key":"REST"},{"floor":50.0,"key":"RECALL"},{"data":"Feel No Pain","floor":54.0,"key":"SMITH"}],"neow_cost":"NONE","seed_source_timestamp":41974831842403,"circlet_count":0,"master_deck":["AscendersBane","Defend_R+1","Defend_R+1","Defend_R+1","Defend_R+1","Fiend Fire+1","Battle Trance+1","Berserk+1","Flame Barrier+1","Havoc+1","Evolve+1","Flex+1","Offering+1","Body Slam+1","Dark Embrace+1","Feel No Pain+1","Power Through+1","Burning Pact+1","Barricade+1","Deep Breath+1","Feel No Pain+1","Impervious+1"],"special_seed":0,"relics":["Burning Blood","Bag of Preparation","Ancient Tea Set","Mango","Calling Bell","Strawberry","Self Forming Clay","Ice Cream","Mummified Hand","MawBank","Empty Cage","Gambling Chip","Mark of the Bloom","FossilizedHelix","Juzu Bracelet","Toxic Egg 2","Red Skull"],"potions_floor_usage":[57,57],"damage_taken":[{"damage":9.0,"enemies":"Small Slimes","floor":1.0,"turns":4.0},{"damage":6.0,"enemies":"Cultist","floor":3.0,"turns":3.0},{"damage":6.0,"enemies":"Jaw Worm","floor":5.0,"turns":4.0},{"damage":50.0,"enemies":"3 Sentries","floor":7.0,"turns":9.0},{"damage":18.0,"enemies":"Gremlin Gang","floor":12.0,"turns":7.0},{"damage":10.0,"enemies":"Lagavulin","floor":14.0,"turns":5.0},{"damage":6.0,"enemies":"The Guardian","floor":16.0,"turns":8.0},{"damage":18.0,"enemies":"Chosen","floor":18.0,"turns":3.0},{"damage":24.0,"enemies":"Shell Parasite","floor":19.0,"turns":5.0},{"damage":28.0,"enemies":"3 Cultists","floor":22.0,"turns":6.0},{"damage":0.0,"enemies":"Snake Plant","floor":24.0,"turns":1.0},{"damage":16.0,"enemies":"Centurion and Healer","floor":25.0,"turns":6.0},{"damage":24.0,"enemies":"Gremlin Leader","floor":27.0,"turns":6.0},{"damage":14.0,"enemies":"Cultist and Chosen","floor":30.0,"turns":4.0},{"damage":0.0,"enemies":"Snake Plant","floor":31.0,"turns":1.0},{"damage":47.0,"enemies":"Champ","floor":33.0,"turns":20.0},{"damage":0.0,"enemies":"Orb Walker","floor":36.0,"turns":2.0},{"damage":0.0,"enemies":"3 Shapes","floor":40.0,"turns":4.0},{"damage":0.0,"enemies":"Giant Head","floor":41.0,"turns":4.0},{"damage":0.0,"enemies":"Nemesis","floor":43.0,"turns":3.0},{"damage":0.0,"enemies":"Maw","floor":45.0,"turns":1.0},{"damage":0.0,"enemies":"Reptomancer","floor":46.0,"turns":1.0},{"damage":0.0,"enemies":"Transient","floor":48.0,"turns":4.0},{"damage":0.0,"enemies":"Giant Head","floor":49.0,"turns":3.0},{"damage":0.0,"enemies":"Time Eater","floor":51.0,"turns":5.0},{"damage":0.0,"enemies":"Awakened One","floor":52.0,"turns":4.0},{"damage":0.0,"enemies":"Shield and Spear","floor":56.0,"turns":1.0},{"damage":6,"enemies":"The Heart","floor":57,"turns":4}],"seed_played":"-617082547072917369","potions_obtained":[{"floor":1.0,"key":"BloodPotion"},{"floor":7.0,"key":"Regen Potion"},{"floor":12.0,"key":"Fire Potion"},{"floor":16.0,"key":"EntropicBrew"},{"floor":24.0,"key":"Block Potion"},{"floor":25.0,"key":"Dexterity Potion"},{"floor":30.0,"key":"SpeedPotion"},{"floor":41.0,"key":"BloodPotion"}],"is_trial":false,"path_per_floor":["M","?","M","?","M","R","E","$","T","R","?","M","$","E","R","B",null,"M","M","?","?","M","R","M","M","T","E","R","$","M","M","R","B",null,"M","?","$","?","M","E","?","E","T","M","E","?","M","E","R","B","B",null,"R","$","E","B",null],"character_chosen":"IRONCLAD","items_purchased":["Evolve","SkillPotion","Deep Breath","Gambling Chip","Impervious+1","SpeedPotion"],"campfire_rested":2,"item_purchase_floors":[13,13,38,38,55,55],"current_hp_per_floor":[65,54,54,54,54,54,28,28,28,28,28,31,31,41,41,41,84,72,54,54,54,32,32,38,28,28,10,38,38,30,36,64,23,92,96,96,96,96,96,96,96,96,96,96,96,96,96,96,96,96,96,96,96,96,96,90],"gold":45,"neow_bonus":"ONE_RANDOM_RARE_CARD","is_prod":false,"is_daily":false,"chose_seed":false,"campfire_upgraded":5,"win_rate":0,"timestamp":1565106008,"path_taken":["M","?","M","?","M","R","E","$","T","R","?","M","$","E","R","BOSS","M","M","?","?","M","R","M","?","T","E","R","$","M","M","R","BOSS","M","?","$","?","M","E","?","E","T","M","E","?","M","E","R","BOSS","BOSS","R","$","E","BOSS"],"build_version":"2019-07-17","purchased_purges":2,"victory":true,"max_hp_per_floor":[75,75,75,75,75,75,75,75,75,75,75,75,75,89,89,89,96,96,96,96,96,96,96,96,96,96,96,96,96,96,96,96,96,96,96,96,96,96,96,96,96,96,96,96,96,96,96,96,96,96,96,96,96,96,96,96],"card_choices":[{"not_picked":["Metallicize","Wild Strike","Thunderclap"],"picked":"SKIP","floor":1.0},{"not_picked":["Headbutt","Havoc"],"picked":"Battle Trance","floor":3.0},{"not_picked":["Thunderclap","Wild Strike"],"picked":"Berserk","floor":5.0},{"not_picked":["Sever Soul","Ghostly Armor"],"picked":"Flame Barrier","floor":7.0},{"not_picked":["Combust","Metallicize"],"picked":"Havoc","floor":12.0},{"not_picked":["Headbutt","Pommel Strike"],"picked":"Flex","floor":14.0},{"not_picked":["Juggernaut","Barricade"],"picked":"Offering","floor":16.0},{"not_picked":["Hemokinesis","Iron Wave"],"picked":"Body Slam+1","floor":18.0},{"not_picked":["Searing Blow","Havoc","Iron Wave"],"picked":"SKIP","floor":19.0},{"not_picked":["Cleave","Rage"],"picked":"Feel No Pain","floor":22.0},{"not_picked":["Blood for Blood","Combust","Iron Wave+1"],"picked":"SKIP","floor":24.0},{"not_picked":["Rupture","Thunderclap","Clash+1"],"picked":"SKIP","floor":25.0},{"not_picked":["Hemokinesis","Anger"],"picked":"Power Through","floor":27.0},{"not_picked":["Warcry","Corruption"],"picked":"Burning Pact","floor":30.0},{"not_picked":["True Grit","Exhume","Dropkick"],"picked":"SKIP","floor":31.0},{"not_picked":["Bludgeon","Demon Form"],"picked":"Barricade","floor":33.0},{"not_picked":["Flex","Havoc+1","Wild Strike"],"picked":"SKIP","floor":36.0},{"not_picked":["Warcry","Thunderclap","Shockwave"],"picked":"SKIP","floor":40.0},{"not_picked":["Headbutt+1","Barricade","Thunderclap"],"picked":"SKIP","floor":41.0},{"not_picked":["Spot Weakness","Havoc","Feed"],"picked":"SKIP","floor":43.0},{"not_picked":["Spot Weakness","Wild Strike"],"picked":"Feel No Pain","floor":45.0},{"not_picked":["Shrug It Off+1","Body Slam+1","Heavy Blade"],"picked":"SKIP","floor":46.0},{"not_picked":["Havoc+1","Sword Boomerang","Wild Strike"],"picked":"SKIP","floor":48.0},{"not_picked":["Pommel Strike","Perfected Strike","Disarm+1"],"picked":"SKIP","floor":49.0},{"not_picked":["Twin Strike","Flex+1","Pummel"],"picked":"SKIP","floor":56.0}],"player_experience":784365,"relics_obtained":[{"floor":7.0,"key":"Bag of Preparation"},{"floor":9.0,"key":"Ancient Tea Set"},{"floor":14.0,"key":"Mango"},{"floor":17.0,"key":"Strawberry"},{"floor":17.0,"key":"Self Forming Clay"},{"floor":17.0,"key":"Ice Cream"},{"floor":26.0,"key":"Mummified Hand"},{"floor":27.0,"key":"MawBank"},{"floor":41.0,"key":"FossilizedHelix"},{"floor":43.0,"key":"Juzu Bracelet"},{"floor":46.0,"key":"Toxic Egg 2"},{"floor":49.0,"key":"Red Skull"}],"event_choices":[{"damage_healed":0.0,"max_hp_gain":0.0,"max_hp_loss":0.0,"gold_gain":75.0,"event_name":"World of Goop","player_choice":"Gather Gold","floor":2.0,"gold_loss":0.0,"damage_taken":11.0},{"damage_healed":0.0,"max_hp_gain":0.0,"max_hp_loss":0.0,"gold_gain":0.0,"event_name":"Liars Game","player_choice":"Ignored","floor":4.0,"gold_loss":0.0,"damage_taken":0.0},{"damage_healed":0.0,"max_hp_gain":0.0,"max_hp_loss":0.0,"gold_gain":0.0,"event_name":"Match and Keep!","player_choice":"0 cards matched","floor":11.0,"gold_loss":0.0,"damage_taken":0.0,"cards_obtained":[]},{"damage_healed":0.0,"max_hp_gain":0.0,"max_hp_loss":0.0,"gold_gain":0.0,"event_name":"The Library","player_choice":"Read","floor":20.0,"gold_loss":0.0,"damage_taken":0.0,"cards_obtained":["Dark Embrace"]},{"cards_removed":["Strike_R"],"damage_healed":0.0,"max_hp_gain":0.0,"max_hp_loss":0.0,"gold_gain":0.0,"event_name":"Bonfire Elementals","player_choice":"Offered Basic","floor":21.0,"gold_loss":0.0,"damage_taken":0.0},{"cards_removed":["Bash"],"damage_healed":0.0,"max_hp_gain":0.0,"max_hp_loss":0.0,"gold_gain":0.0,"event_name":"Falling","player_choice":"Removed Attack","floor":37.0,"gold_loss":0.0,"damage_taken":0.0},{"damage_healed":0.0,"max_hp_gain":0.0,"max_hp_loss":0.0,"gold_gain":0.0,"event_name":"MindBloom","player_choice":"Upgrade","floor":39.0,"gold_loss":0.0,"damage_taken":0.0,"cards_upgraded":["Defend_R","Defend_R","Defend_R","Defend_R","Flame Barrier","Havoc","Evolve","Flex","Offering","Feel No Pain","Power Through","Burning Pact","Barricade","Deep Breath"],"relics_obtained":["Mark of the Bloom"]},{"damage_healed":0.0,"max_hp_gain":0.0,"max_hp_loss":0.0,"gold_gain":0.0,"event_name":"The Woman in Blue","player_choice":"Bought 1 Potion","floor":42.0,"gold_loss":0.0,"damage_taken":0.0},{"damage_healed":0.0,"max_hp_gain":0.0,"max_hp_loss":0.0,"gold_gain":0.0,"event_name":"SecretPortal","player_choice":"Ignored","floor":47.0,"gold_loss":0.0,"damage_taken":0.0}],"is_beta":false,"boss_relics":[{"not_picked":["Pandora\u0027s Box","Lizard Tail"],"picked":"Calling Bell"},{"not_picked":["Orrery","Runic Dome"],"picked":"Empty Cage"}],"items_purged_floors":[8,13],"is_endless":false,"potions_floor_spawned":[1,7,12,16,24,25,30,31,41,43,46,49],"ascension_level":20}