{"gold_per_floor":[112,128,143,159,170,170,205,205,205,205,205,219,237,237,237,237],"floor_reached":16,"playtime":497,"items_purged":[],"score":182,"play_id":"a9eba4af-53cf-4ac9-8a0d-d5f4e1e71a74","local_time":"20181111183055","is_ascension_mode":true,"campfire_choices":[{"data":"A Thousand Cuts","floor":11,"key":"SMITH"},{"floor":15,"key":"REST"}],"neow_cost":"NONE","seed_source_timestamp":2135228499385,"circlet_count":0,"master_deck":["AscendersBane","Defend_G","Defend_G","Defend_G","Defend_G","Defend_G","Strike_G","Strike_G","Strike_G+1","Strike_G+1","Survivor","Neutralize","Riddle With Holes","Crippling Poison","Finisher","A Thousand Cuts+1","Parasite"],"relics":["Snecko Eye","Mercury Hourglass","Bottled Flame","Juzu Bracelet"],"potions_floor_usage":[7],"damage_taken":[{"damage":1,"enemies":"Cultist","floor":1,"turns":4},{"damage":4,"enemies":"Jaw Worm","floor":2,"turns":3},{"damage":5,"enemies":"2 Louse","floor":3,"turns":2},{"damage":2,"enemies":"2 Fungi Beasts","floor":4,"turns":4},{"damage":17,"enemies":"Red Slaver","floor":5,"turns":6},{"damage":17,"enemies":"3 Sentries","floor":7,"turns":9},{"damage":0,"enemies":"Exordium Wildlife","floor":12,"turns":3},{"damage":0,"enemies":"3 Louse","floor":13,"turns":1},{"damage":22,"enemies":"The Guardian","floor":16,"turns":7}],"seed_played":"7742637187654968894","potions_obtained":[{"floor":2,"key":"Ancient Potion"},{"floor":5,"key":"Explosive Potion"},{"floor":7,"key":"Strength Potion"}],"is_trial":false,"path_per_floor":["M","M","M","M","M","?","E","T","T","?","R","M","M","?","R","B"],"character_chosen":"THE_SILENT","items_purchased":[],"campfire_rested":1,"item_purchase_floors":[],"current_hp_per_floor":[58,54,49,47,30,23,6,6,6,22,22,22,22,2,21,0],"gold":237,"neow_bonus":"BOSS_RELIC","is_prod":false,"is_daily":false,"chose_seed":false,"campfire_upgraded":1,"win_rate":0,"timestamp":1541932255,"path_taken":["M","M","?","M","?","?","E","?","T","?","R","M","M","?","R","BOSS"],"build_version":"2018-11-08","purchased_purges":0,"victory":false,"max_hp_per_floor":[66,66,66,66,66,66,66,66,66,66,66,66,66,66,66,66],"card_choices":[{"not_picked":["Underhanded Strike","Flying Knee"],"picked":"Riddle With Holes","floor":1},{"not_picked":["Dodge and Roll","Dagger Throw","Dagger Spray"],"picked":"SKIP","floor":2},{"not_picked":["Underhanded Strike","Quick Slash"],"picked":"Crippling Poison","floor":3},{"not_picked":["Dodge and Roll","Sucker Punch","All Out Attack"],"picked":"SKIP","floor":4},{"not_picked":["Dagger Spray","Quick Slash"],"picked":"Finisher","floor":5},{"not_picked":["Heel Hook","Crippling Poison"],"picked":"A Thousand Cuts","floor":7},{"not_picked":["Infinite Blades","Catalyst","Calculated Gamble"],"picked":"SKIP","floor":12},{"not_picked":["Poisoned Stab","Escape Plan","PiercingWail"],"picked":"SKIP","floor":13}],"player_experience":1018956,"relics_obtained":[{"floor":7,"key":"Mercury Hourglass"},{"floor":8,"key":"Bottled Flame"},{"floor":9,"key":"Juzu Bracelet"}],"event_choices":[{"cards_removed":["Strike_G"],"damage_healed":0,"gold_gain":0,"player_choice":"Card Removal","damage_taken":7,"max_hp_gain":0,"max_hp_loss":0,"event_name":"Golden Wing","floor":6,"gold_loss":0},{"damage_healed":16,"gold_gain":0,"player_choice":"Healed and dodged fight","damage_taken":0,"max_hp_gain":0,"max_hp_loss":0,"event_name":"Mushrooms","floor":10,"gold_loss":0,"cards_obtained":["Parasite"]},{"damage_healed":0,"gold_gain":0,"player_choice":"Entered Light","damage_taken":20,"max_hp_gain":0,"max_hp_loss":0,"event_name":"Shining Light","floor":14,"gold_loss":0,"cards_upgraded":["Strike_G","Strike_G"]}],"is_beta":true,"boss_relics":[],"items_purged_floors":[],"is_endless":false,"potions_floor_spawned":[2,5,7,13],"killed_by":"The Guardian","ascension_level":15}