{"path_per_floor":["M","M","M","?","M","R","?","M","T","R","M","R","?","T","R"],"character_chosen":"THE_SILENT","items_purchased":[],"gold_per_floor":[110,130,150,150,165,165,165,180,180,180,193,193,193,271,271,271],"floor_reached":16,"campfire_rested":0,"playtime":345,"item_purchase_floors":[],"current_hp_per_floor":[54,47,47,29,24,24,24,22,22,22,22,22,22,22,22,0],"items_purged":[],"gold":271,"score":133,"play_id":"ccc32ff8-e8f7-4676-84c1-9cbd02c08fe5","local_time":"20180611223208","is_prod":false,"is_daily":false,"chose_seed":false,"is_ascension_mode":true,"campfire_upgraded":4,"win_rate":0,"timestamp":1528727528,"campfire_choices":[{"data":"Terror","floor":6,"key":"SMITH"},{"data":"Neutralize","floor":10,"key":"SMITH"},{"data":"Dash","floor":12,"key":"SMITH"},{"data":"Survivor","floor":15,"key":"SMITH"}],"path_taken":["M","M","?","?","?","R","?","?","T","R","M","R","?","?","R","BOSS"],"build_version":"2018-06-08","seed_source_timestamp":50523190802320,"purchased_purges":0,"victory":false,"master_deck":["Defend_G","Defend_G","Defend_G","Defend_G","Defend_G","Strike_G","Strike_G","Strike_G","Strike_G","Strike_G","Survivor+1","Neutralize+1","Dash+1","Terror+1","Slice","Acrobatics","Poisoned Stab","Escape Plan"],"max_hp_per_floor":[70,70,70,70,70,70,70,70,70,70,70,70,70,70,70,70],"relics":["Ring of the Snake","Pen Nib","Letter Opener","Mercury Hourglass"],"card_choices":[{"not_picked":["Dodge and Roll","Poisoned Stab"],"picked":"Dash","floor":1},{"not_picked":["Blade Dance","Dagger Throw"],"picked":"Terror","floor":2},{"not_picked":["Dodge and Roll","Bouncing Flask"],"picked":"Slice","floor":3},{"not_picked":["Predator","Prepared"],"picked":"Acrobatics","floor":5},{"not_picked":["Dodge and Roll","Sucker Punch"],"picked":"Poisoned Stab","floor":8},{"not_picked":["Deflect","Caltrops"],"picked":"Escape Plan","floor":11}],"player_experience":572170,"potions_floor_usage":[16,16,16],"damage_taken":[{"damage":9,"enemies":"Cultist","floor":1,"turns":5},{"damage":7,"enemies":"Jaw Worm","floor":2,"turns":5},{"damage":0,"enemies":"2 Louse","floor":3,"turns":2},{"damage":5,"enemies":"2 Fungi Beasts","floor":5,"turns":5},{"damage":2,"enemies":"Exordium Thugs","floor":8,"turns":5},{"damage":0,"enemies":"Exordium Wildlife","floor":11,"turns":3},{"damage":22,"enemies":"Slime Boss","floor":16,"turns":9}],"relics_obtained":[{"floor":9,"key":"Letter Opener"},{"floor":14,"key":"Mercury Hourglass"}],"event_choices":[{"event_name":"Scrap Ooze","player_choice":"success","floor":4,"damage_taken":18},{"event_name":"The Lab","player_choice":"Got Potions","floor":7,"damage_taken":0},{"event_name":"Liars Game","player_choice":"disagreed","floor":13,"damage_taken":0}],"boss_relics":[],"items_purged_floors":[],"potions_floor_spawned":[5,8],"seed_played":"-4052991875348390966","killed_by":"Slime Boss","ascension_level":9,"potions_obtained":[{"floor":5,"key":"PowerPotion"},{"floor":7,"key":"SneckoOil"},{"floor":7,"key":"SpeedPotion"}],"is_trial":false}