{"gold_per_floor":[216,104,104,104,128,128,128,128,128,161,184,184,207,220,220,319,382,396,396],"floor_reached":19,"playtime":1092,"items_purged":["Strike_B"],"score":334,"play_id":"afdb75e3-9460-4204-a022-9bd9c143c4dc","local_time":"20190107153040","is_ascension_mode":true,"campfire_choices":[{"data":"Defragment","floor":6,"key":"SMITH"},{"data":"Coolheaded","floor":8,"key":"SMITH"},{"data":"Defragment","floor":12,"key":"SMITH"},{"data":"Defragment","floor":15,"key":"SMITH"}],"neow_cost":"NONE","seed_source_timestamp":11849631807824,"circlet_count":0,"master_deck":["AscendersBane","Strike_B","Strike_B","Strike_B","Defend_B","Defend_B","Defend_B","Defend_B","Zap","Dualcast+1","Consume+1","Defragment+1","Coolheaded+1","Defragment+1","Ball Lightning","Defragment+1","Creative AI"],"relics":["Cracked Core","Golden Idol","Sundial","Happy Flower","Ancient Tea Set","Tiny House"],"potions_floor_usage":[13,19],"damage_taken":[{"damage":0,"enemies":"Small Slimes","floor":1,"turns":2},{"damage":9,"enemies":"2 Louse","floor":5,"turns":2},{"damage":10,"enemies":"Lagavulin","floor":10,"turns":7},{"damage":0,"enemies":"Cultist","floor":11,"turns":4},{"damage":10,"enemies":"Gremlin Gang","floor":13,"turns":3},{"damage":8,"enemies":"Exordium Wildlife","floor":14,"turns":3},{"damage":1,"enemies":"The Guardian","floor":16,"turns":8},{"damage":11,"enemies":"Spheric Guardian","floor":18,"turns":6},{"damage":30,"enemies":"3 Byrds","floor":19,"turns":4}],"seed_played":"-213768755312407903","potions_obtained":[{"floor":1,"key":"GamblersBrew"},{"floor":13,"key":"SteroidPotion"},{"floor":14,"key":"Weak Potion"},{"floor":17,"key":"FocusPotion"}],"is_trial":false,"path_per_floor":["M","$","?","?","M","R","?","R","T","E","M","R","M","M","R","B",null,"M","M"],"character_chosen":"DEFECT","items_purchased":["Defragment"],"campfire_rested":0,"item_purchase_floors":[2],"current_hp_per_floor":[64,64,64,53,44,44,44,44,44,34,34,34,24,16,16,15,57,46,16],"gold":396,"neow_bonus":"HUNDRED_GOLD","is_prod":false,"is_daily":false,"chose_seed":false,"campfire_upgraded":4,"win_rate":0,"timestamp":1546846240,"path_taken":["M","$","?","?","M","R","?","R","T","E","M","R","?","?","R","BOSS","M","M"],"build_version":"2019-01-03v4","purchased_purges":1,"victory":false,"max_hp_per_floor":[71,71,64,64,64,64,64,64,64,64,64,64,64,64,64,64,69,69,69],"card_choices":[{"not_picked":["Steam Power","Go for the Eyes"],"picked":"Consume","floor":1},{"not_picked":["Consume","Steam"],"picked":"Coolheaded","floor":5},{"not_picked":["Ball Lightning","Compile Driver"],"picked":"Defragment","floor":10},{"not_picked":["Cold Snap","Barrage"],"picked":"Ball Lightning","floor":11},{"not_picked":["Gash","Aggregate","Ball Lightning"],"picked":"SKIP","floor":13},{"not_picked":["Steam","Ball Lightning"],"picked":"Defragment","floor":14},{"not_picked":["Machine Learning","Hyperbeam"],"picked":"Creative AI","floor":16},{"not_picked":["Sunder","Compile Driver","Steam"],"picked":"SKIP","floor":18}],"player_experience":1814942,"relics_obtained":[{"floor":9,"key":"Happy Flower"},{"floor":10,"key":"Ancient Tea Set"}],"event_choices":[{"damage_healed":0,"gold_gain":0,"player_choice":"Lose Max HP","damage_taken":0,"relics_obtained":["Golden Idol"],"max_hp_gain":0,"max_hp_loss":7,"event_name":"Golden Idol","floor":3,"gold_loss":0},{"damage_healed":0,"gold_gain":0,"player_choice":"Success","damage_taken":11,"relics_obtained":["Sundial"],"max_hp_gain":0,"max_hp_loss":0,"event_name":"Scrap Ooze","floor":4,"gold_loss":0},{"damage_healed":0,"gold_gain":0,"player_choice":"Upgraded","damage_taken":0,"max_hp_gain":0,"max_hp_loss":0,"event_name":"Upgrade Shrine","floor":7,"gold_loss":0,"cards_upgraded":["Consume"]}],"is_beta":false,"boss_relics":[{"not_picked":["Black Star","White Beast Statue"],"picked":"Tiny House"}],"items_purged_floors":[2],"is_endless":false,"potions_floor_spawned":[1,13,14],"killed_by":"3 Byrds","ascension_level":20}