{"path_per_floor":["M","?","?","?","?","E","R","$","T","$","E","M","E","M","R"],"character_chosen":"IRONCLAD","items_purchased":["Offering"],"gold_per_floor":[12,12,187,187,187,213,213,1,1,1,26,40,67,84,84],"floor_reached":16,"campfire_rested":0,"playtime":984,"current_hp_per_floor":[80,80,80,64,57,35,35,35,42,42,44,46,40,47,47],"items_purged":["Doubt"],"gold":84,"score":116,"play_id":"84d5b988-4060-44ce-bb83-740b7ad70f7e","local_time":"20180306003024","is_prod":false,"is_daily":false,"is_ascension_mode":false,"campfire_upgraded":2,"timestamp":1520292624,"path_taken":["M","?","?","?","?","E","R","$","T","?","E","M","E","M","R","BOSS"],"build_version":"2018-03-01-PROD1","purchased_purges":1,"victory":false,"master_deck":["Strike_R","Strike_R","Strike_R","Strike_R","Defend_R","Defend_R+1","Defend_R+1","Defend_R+1","Bash","Barricade+1","Flex+1","Pummel","Wild Strike","Offering","Dark Embrace","Rage","Reaper","Havoc+1"],"max_hp_per_floor":[80,80,80,80,80,80,80,80,87,87,87,87,87,87,87],"relics":["Burning Blood","Art of War","War Paint","Strawberry","Centennial Puzzle","Sundial"],"card_choices":[{"not_picked":["Immolate","Juggernaut"],"picked":"Barricade"},{"not_picked":["Flame Barrier","Wild Strike"],"picked":"Flex"},{"not_picked":["Heavy Blade","Blood for Blood"],"picked":"Wild Strike"},{"not_picked":["Blood for Blood","Second Wind"],"picked":"Dark Embrace"},{"not_picked":["True Grit","Sword Boomerang"],"picked":"Rage"},{"not_picked":["Reckless Charge","Corruption"],"picked":"Reaper"},{"not_picked":["Pommel Strike","Perfected Strike"],"picked":"Havoc"}],"player_experience":100736,"potions_floor_usage":[11,13],"damage_taken":[{"damage":6,"enemies":"Cultist","floor":1,"turns":3},{"damage":28,"enemies":"Gremlin Nob","floor":6,"turns":4},{"damage":4,"enemies":"Lagavulin","floor":11,"turns":4},{"damage":4,"enemies":"2 Louse","floor":12,"turns":2},{"damage":12,"enemies":"3 Sentries","floor":13,"turns":8},{"damage":7,"enemies":"Jaw Worm","floor":14,"turns":2},{"damage":58,"enemies":"The Guardian","floor":16,"turns":14}],"event_choices":[{"event_name":"Living Wall","player_choice":"Change","floor":2,"damage_taken":0},{"event_name":"Liars Game","player_choice":"agreed","floor":3,"damage_taken":0},{"event_name":"Shining Light","player_choice":"Entered Light","floor":4,"damage_taken":0},{"event_name":"Scrap Ooze","player_choice":"success","floor":5,"damage_taken":7}],"boss_relics":[],"potions_floor_spawned":[1,12],"seed_played":"-5441102073268714406","killed_by":"The Guardian","ascension_level":0,"is_trial":false}