{"gold_per_floor":[119,44,61,61,81,81,109,109,109,65,65,215,38,63,63,141,141,151,51,101,116,134,134,144,144,170,204,204,219,236,266,266,340,340,357,357,232,232,248,274,290,290,314,87,12,29,29,47,47,47,47],"floor_reached":51,"playtime":3009,"items_purged":["Strike_B","Doubt","Strike_B"],"score":1496,"play_id":"9b2902e3-9746-40cd-af06-99c6986e50ef","local_time":"20190217135332","is_ascension_mode":true,"campfire_choices":[{"data":"Zap","floor":6.0,"key":"SMITH"},{"data":"Dualcast","floor":8.0,"key":"SMITH"},{"data":"Streamline","floor":11.0,"key":"SMITH"},{"data":"Defragment","floor":15.0,"key":"SMITH"},{"data":"Recycle","floor":23.0,"key":"SMITH"},{"data":"Recycle","floor":25.0,"key":"SMITH"},{"data":"Reboot","floor":28.0,"key":"SMITH"},{"data":"Coolheaded","floor":32.0,"key":"SMITH"},{"data":"Apotheosis","floor":42.0,"key":"SMITH"},{"data":"Seek","floor":47.0,"key":"SMITH"},{"floor":49.0,"key":"RECALL"}],"neow_cost":"TEN_PERCENT_HP_LOSS","seed_source_timestamp":14501828531378,"circlet_count":0,"master_deck":["AscendersBane","Defend_B","Defend_B","Defend_B","Defend_B","Zap+1","Dualcast+1","Reboot+1","Doom and Gloom","Scrape","Streamline+1","Seek+1","Glacier","Recycle+1","Defragment+1","Hologram","Recycle+1","Core Surge","Electrodynamics","Recycle","Coolheaded+1","Reboot","Sunder+1","Apotheosis+1","Violence","Loop+1"],"special_seed":0,"relics":["Cracked Core","Emotion Chip","Dead Branch","Meat on the Bone","Sozu","Bag of Marbles","Molten Egg 2","Centennial Puzzle","Philosopher\u0027s Stone","Pear","OrangePellets"],"potions_floor_usage":[],"damage_taken":[{"damage":6.0,"enemies":"Small Slimes","floor":1.0,"turns":4.0},{"damage":9.0,"enemies":"Jaw Worm","floor":3.0,"turns":3.0},{"damage":0.0,"enemies":"2 Louse","floor":5.0,"turns":1.0},{"damage":30.0,"enemies":"3 Sentries","floor":7.0,"turns":7.0},{"damage":0.0,"enemies":"Lagavulin","floor":14.0,"turns":8.0},{"damage":12.0,"enemies":"The Guardian","floor":16.0,"turns":12.0},{"damage":16.0,"enemies":"2 Thieves","floor":18.0,"turns":4.0},{"damage":8.0,"enemies":"Spheric Guardian","floor":21.0,"turns":5.0},{"damage":3.0,"enemies":"Centurion and Healer","floor":22.0,"turns":5.0},{"damage":7.0,"enemies":"Snecko","floor":24.0,"turns":5.0},{"damage":21.0,"enemies":"Slavers","floor":27.0,"turns":3.0},{"damage":9.0,"enemies":"Cultist and Chosen","floor":29.0,"turns":4.0},{"damage":6.0,"enemies":"Snake Plant","floor":30.0,"turns":5.0},{"damage":0.0,"enemies":"Gremlin Leader","floor":31.0,"turns":6.0},{"damage":21.0,"enemies":"Champ","floor":33.0,"turns":5.0},{"damage":5.0,"enemies":"Orb Walker","floor":35.0,"turns":4.0},{"damage":0.0,"enemies":"3 Shapes","floor":39.0,"turns":2.0},{"damage":0.0,"enemies":"Giant Head","floor":40.0,"turns":7.0},{"damage":34.0,"enemies":"Maw","floor":41.0,"turns":5.0},{"damage":0.0,"enemies":"Sphere and 2 Shapes","floor":46.0,"turns":3.0},{"damage":0.0,"enemies":"Writhing Mass","floor":48.0,"turns":6.0},{"damage":35.0,"enemies":"Time Eater","floor":50.0,"turns":11.0},{"damage":22,"enemies":"Awakened One","floor":51,"turns":9}],"seed_played":"5944775510977070375","potions_obtained":[{"floor":5.0,"key":"FearPotion"},{"floor":7.0,"key":"Ancient Potion"},{"floor":14.0,"key":"Explosive Potion"}],"is_trial":false,"path_per_floor":["M","$","M","?","M","R","E","R","T","$","R","?","$","E","R","B",null,"M","$","?","M","M","R","M","R","T","E","R","M","M","E","R","B",null,"M","?","$","?","M","E","M","R","T","$","?","M","R","M","R","B","B"],"character_chosen":"DEFECT","items_purchased":["Glacier","Recycle","Defragment","Hologram","OrangePellets"],"campfire_rested":0,"item_purchase_floors":[10,13,13,13,44],"current_hp_per_floor":[58,58,49,49,49,49,19,19,19,19,19,19,19,19,19,19,53,37,37,37,41,38,38,43,43,43,34,34,37,43,43,43,34,57,52,52,52,42,42,52,30,30,30,30,30,42,42,42,42,19,0],"gold":47,"neow_bonus":"THREE_RARE_CARDS","is_prod":false,"is_daily":false,"chose_seed":false,"campfire_upgraded":10,"win_rate":0,"timestamp":1550382812,"path_taken":["M","$","M","?","M","R","E","R","T","$","R","?","$","E","R","BOSS","M","$","?","M","M","R","M","R","T","E","R","M","M","E","R","BOSS","M","?","$","?","M","E","?","R","T","$","?","M","R","M","R","BOSS","BOSS"],"build_version":"2019-01-23","purchased_purges":3,"victory":false,"max_hp_per_floor":[64,64,64,64,64,64,64,64,64,64,64,64,64,64,64,64,64,64,64,64,64,64,64,64,64,64,64,64,64,64,64,64,64,64,64,64,64,64,64,74,74,74,74,74,74,74,74,74,74,74,74],"card_choices":[{"not_picked":["Machine Learning","Multi-Cast"],"picked":"Reboot","floor":0.0},{"not_picked":["Steam","Auto Shields","Compile Driver"],"picked":"SKIP","floor":1.0},{"not_picked":["Turbo","Go for the Eyes"],"picked":"Doom and Gloom","floor":3.0},{"not_picked":["Redo","Conserve Battery"],"picked":"Streamline","floor":5.0},{"not_picked":["Lockon","Reprogram"],"picked":"Seek","floor":7.0},{"not_picked":["Barrage","Turbo"],"picked":"Recycle","floor":14.0},{"not_picked":["Amplify","Creative AI"],"picked":"Core Surge","floor":16.0},{"not_picked":["Force Field","Turbo","Compile Driver"],"picked":"SKIP","floor":18.0},{"not_picked":["Force Field","Heatsinks","Leap"],"picked":"SKIP","floor":21.0},{"not_picked":["Compile Driver","Blizzard","Rip and Tear"],"picked":"SKIP","floor":22.0},{"not_picked":["Conserve Battery","Cold Snap","Doom and Gloom+1"],"picked":"SKIP","floor":24.0},{"not_picked":["Lockon","Sweeping Beam+1"],"picked":"Electrodynamics","floor":27.0},{"not_picked":["Steam","Compile Driver+1"],"picked":"Recycle","floor":29.0},{"not_picked":["Steam Power","Gash+1","Steam"],"picked":"SKIP","floor":30.0},{"not_picked":["Redo","Steam"],"picked":"Coolheaded","floor":31.0},{"not_picked":["Amplify","Electrodynamics"],"picked":"Reboot","floor":33.0},{"not_picked":["Darkness","Compile Driver+1"],"picked":"Sunder+1","floor":35.0},{"not_picked":["The Bomb","Panacea"],"picked":"Apotheosis","floor":38.0},{"not_picked":["Deep Breath","Madness"],"picked":"Violence","floor":38.0},{"not_picked":["Cold Snap+1","Gash+1"],"picked":"Loop+1","floor":39.0},{"not_picked":["Darkness","Steam","Coolheaded"],"picked":"SKIP","floor":40.0},{"not_picked":["Ball Lightning+1","Steam+1","Doom and Gloom+1"],"picked":"SKIP","floor":41.0},{"not_picked":["Reprogram","Beam Cell+1","Coolheaded"],"picked":"SKIP","floor":46.0},{"not_picked":["Fusion","Doom and Gloom+1","Genetic Algorithm"],"picked":"SKIP","floor":48.0}],"player_experience":2859352,"relics_obtained":[{"floor":7.0,"key":"Emotion Chip"},{"floor":9.0,"key":"Dead Branch"},{"floor":14.0,"key":"Meat on the Bone"},{"floor":26.0,"key":"Bag of Marbles"},{"floor":27.0,"key":"Molten Egg 2"},{"floor":31.0,"key":"Centennial Puzzle"},{"floor":40.0,"key":"Pear"}],"event_choices":[{"damage_healed":0.0,"max_hp_gain":0.0,"max_hp_loss":0.0,"gold_gain":0.0,"cards_transformed":["Strike_B"],"event_name":"Living Wall","player_choice":"Change","floor":4.0,"gold_loss":0.0,"damage_taken":0.0,"cards_obtained":["Scrape"]},{"damage_healed":0.0,"max_hp_gain":0.0,"max_hp_loss":0.0,"gold_gain":150.0,"event_name":"Liars Game","player_choice":"AGREE","floor":12.0,"gold_loss":0.0,"damage_taken":0.0,"cards_obtained":["Doubt"]},{"damage_healed":0.0,"max_hp_gain":0.0,"max_hp_loss":0.0,"gold_gain":50.0,"event_name":"Nest","player_choice":"Stole From Cult","floor":20.0,"gold_loss":0.0,"damage_taken":0.0},{"damage_healed":0.0,"max_hp_gain":0.0,"max_hp_loss":0.0,"gold_gain":0.0,"event_name":"Tomb of Lord Red Mask","player_choice":"Ignored","floor":36.0,"gold_loss":0.0,"damage_taken":0.0},{"damage_healed":0.0,"max_hp_gain":0.0,"max_hp_loss":0.0,"gold_gain":0.0,"event_name":"SensoryStone","player_choice":"Memory 3","floor":38.0,"gold_loss":0.0,"damage_taken":10.0},{"cards_removed":["Strike_B"],"damage_healed":0.0,"max_hp_gain":0.0,"max_hp_loss":0.0,"gold_gain":0.0,"event_name":"Designer","player_choice":"Single Remove","floor":45.0,"gold_loss":75.0,"damage_taken":0.0}],"is_beta":false,"boss_relics":[{"not_picked":["Empty Cage","Calling Bell"],"picked":"Sozu"},{"not_picked":["FrozenCore","White Beast Statue"],"picked":"Philosopher\u0027s Stone"}],"items_purged_floors":[2,19,37],"is_endless":false,"potions_floor_spawned":[5,7,14,18,21,27,29,35,41,46],"killed_by":"Awakened One","ascension_level":20}