{"gold_per_floor":[118,137,40,52,152,152,168,178,178,23,23,35,49,67,67,163,163,183,183,11,29,52,52,67,67,67,166,184,184,184,203,203,300,300,314,331,331,346,100,100,110,110,110,38,53,0,20,120,120,120],"floor_reached":51,"playtime":1787,"items_purged":["Strike_R","Defend_R"],"score":718,"play_id":"4c1d4878-e56c-454b-9ccd-6c95d915da9c","local_time":"20190630135328","is_ascension_mode":false,"campfire_choices":[{"data":"Armaments","floor":6.0,"key":"SMITH"},{"data":"Rupture","floor":11.0,"key":"SMITH"},{"data":"Demon Form","floor":15.0,"key":"SMITH"},{"data":"Corruption","floor":23.0,"key":"SMITH"},{"data":"Offering","floor":25.0,"key":"SMITH"},{"data":"Rupture","floor":29.0,"key":"SMITH"},{"data":"Flash of Steel","floor":32.0,"key":"SMITH"},{"data":"Offering","floor":40.0,"key":"SMITH"},{"data":"1","floor":49.0,"key":"LIFT"}],"neow_cost":"PERCENT_DAMAGE","seed_source_timestamp":5209253473344,"circlet_count":0,"master_deck":["Defend_R","Defend_R","Bash","Shrug It Off","Evolve","Flex","Dropkick","Rupture+1","Reaper","Demon Form+1","Rupture+1","Offering+1","Corruption+1","Flash of Steel+1","Offering+1","Impervious+1","Feed+1","Dark Embrace+1","Sentinel","Demon Form","Burning Pact"],"special_seed":0,"relics":["Black Blood","Letter Opener","Regal Pillow","Dream Catcher","Oddly Smooth Stone","Enchiridion","Astrolabe","Red Skull","Girya","Mummified Hand","Red Mask"],"potions_floor_usage":[50,50],"damage_taken":[{"damage":6.0,"enemies":"Cultist","floor":1.0,"turns":3.0},{"damage":1.0,"enemies":"Jaw Worm","floor":2.0,"turns":7.0},{"damage":0.0,"enemies":"Small Slimes","floor":4.0,"turns":5.0},{"damage":8.0,"enemies":"Exordium Thugs","floor":7.0,"turns":6.0},{"damage":8.0,"enemies":"2 Fungi Beasts","floor":8.0,"turns":4.0},{"damage":0.0,"enemies":"Looter","floor":12.0,"turns":4.0},{"damage":16.0,"enemies":"3 Louse","floor":13.0,"turns":5.0},{"damage":20.0,"enemies":"Gremlin Gang","floor":14.0,"turns":9.0},{"damage":56.0,"enemies":"Hexaghost","floor":16.0,"turns":9.0},{"damage":31.0,"enemies":"Spheric Guardian","floor":18.0,"turns":6.0},{"damage":11.0,"enemies":"Chosen","floor":21.0,"turns":4.0},{"damage":29.0,"enemies":"Shelled Parasite and Fungi","floor":24.0,"turns":5.0},{"damage":6.0,"enemies":"Snake Plant","floor":28.0,"turns":4.0},{"damage":7.0,"enemies":"Cultist and Chosen","floor":31.0,"turns":4.0},{"damage":71.0,"enemies":"Automaton","floor":33.0,"turns":7.0},{"damage":19.0,"enemies":"3 Darklings","floor":35.0,"turns":7.0},{"damage":8.0,"enemies":"3 Shapes","floor":36.0,"turns":3.0},{"damage":12.0,"enemies":"Jaw Worm Horde","floor":38.0,"turns":2.0},{"damage":6.0,"enemies":"Spire Growth","floor":41.0,"turns":3.0},{"damage":12.0,"enemies":"Maw","floor":45.0,"turns":3.0},{"damage":12.0,"enemies":"Jaw Worm Horde","floor":47.0,"turns":3.0},{"damage":12,"enemies":"Donu and Deca","floor":50,"turns":2}],"seed_played":"-3045899630305181430","potions_obtained":[{"floor":2.0,"key":"SteroidPotion"},{"floor":7.0,"key":"SteroidPotion"},{"floor":8.0,"key":"Energy Potion"},{"floor":14.0,"key":"GamblersBrew"},{"floor":31.0,"key":"BloodPotion"},{"floor":33.0,"key":"PowerPotion"},{"floor":41.0,"key":"Block Potion"}],"is_trial":false,"path_per_floor":["M","M","$","M","?","R","M","M","T","$","R","M","M","M","R","B",null,"M","?","$","M","T","R","M","R","T","?","M","R","?","M","R","B",null,"M","M","?","M","$","R","M","?","T","$","M","?","M","?","R","B",null],"character_chosen":"IRONCLAD","items_purchased":["Evolve","Flex","Reaper","Flash of Steel","Red Skull","Burning Pact"],"campfire_rested":0,"item_purchase_floors":[3,3,10,20,39,44],"current_hp_per_floor":[56,61,61,67,67,67,65,63,63,63,63,69,71,74,74,24,80,59,59,59,64,64,64,57,57,57,57,61,61,45,68,68,25,80,80,84,84,84,84,84,88,88,88,88,92,92,92,92,92,92],"gold":120,"neow_bonus":"REMOVE_TWO","is_prod":false,"is_daily":false,"chose_seed":false,"campfire_upgraded":8,"win_rate":0,"timestamp":1561874008,"path_taken":["M","?","$","M","?","R","M","M","T","?","R","M","M","M","R","BOSS","M","?","$","M","?","R","M","R","T","?","M","R","?","M","R","BOSS","M","M","?","M","$","R","?","?","T","?","?","?","M","?","R","BOSS"],"build_version":"2019-01-23","purchased_purges":2,"victory":true,"max_hp_per_floor":[80,80,80,80,80,80,80,80,80,80,80,80,80,80,80,80,80,80,80,80,80,80,80,80,80,80,80,80,80,80,80,80,80,80,80,84,84,84,84,84,88,88,88,88,92,92,92,92,92,92],"card_choices":[{"not_picked":["Cleave","Havoc"],"picked":"Shrug It Off","floor":1.0},{"not_picked":["Seeing Red","Warcry"],"picked":"Armaments","floor":2.0},{"not_picked":["Havoc","Heavy Blade"],"picked":"Dropkick","floor":4.0},{"not_picked":["Hemokinesis","Fire Breathing"],"picked":"Rupture","floor":7.0},{"not_picked":["Perfected Strike","Clothesline","Sword Boomerang"],"picked":"SKIP","floor":8.0},{"not_picked":["Twin Strike","Cleave"],"picked":"Demon Form","floor":12.0},{"not_picked":["Armaments","Hemokinesis"],"picked":"Rupture","floor":13.0},{"not_picked":["Flex","Intimidate","Twin Strike"],"picked":"SKIP","floor":14.0},{"not_picked":["Barricade","Dark Embrace"],"picked":"Offering","floor":16.0},{"not_picked":["Disarm","Corruption","Twin Strike+1"],"picked":"SKIP","floor":18.0},{"not_picked":["Disarm","Twin Strike+1"],"picked":"Corruption","floor":18.0},{"not_picked":["Headbutt","Searing Blow","Feel No Pain"],"picked":"SKIP","floor":21.0},{"not_picked":["Pummel","Flex+1","Spot Weakness"],"picked":"SKIP","floor":24.0},{"not_picked":["Searing Blow+1","Sever Soul","Blood for Blood+1"],"picked":"SKIP","floor":28.0},{"not_picked":["Pommel Strike","Carnage","Sword Boomerang"],"picked":"SKIP","floor":31.0},{"not_picked":["Double Tap","Exhume"],"picked":"Offering","floor":33.0},{"not_picked":["Warcry","Uppercut+1","Sentinel"],"picked":"SKIP","floor":35.0},{"not_picked":["Warcry","Uppercut+1"],"picked":"Sentinel","floor":35.0},{"not_picked":["Sword Boomerang+1","Headbutt+1","Perfected Strike"],"picked":"SKIP","floor":36.0},{"not_picked":["Body Slam","Wild Strike"],"picked":"Demon Form","floor":38.0},{"not_picked":["Infernal Blade","Havoc+1","Spot Weakness+1"],"picked":"SKIP","floor":41.0},{"not_picked":["Feel No Pain","Flex","Iron Wave+1"],"picked":"SKIP","floor":45.0},{"not_picked":["Perfected Strike+1","Battle Trance+1","True Grit+1"],"picked":"SKIP","floor":47.0}],"player_experience":5590899,"relics_obtained":[{"floor":9.0,"key":"Letter Opener"},{"floor":22.0,"key":"Dream Catcher"},{"floor":26.0,"key":"Oddly Smooth Stone"},{"floor":30.0,"key":"Enchiridion"},{"floor":43.0,"key":"Mummified Hand"}],"event_choices":[{"damage_healed":0.0,"max_hp_gain":0.0,"max_hp_loss":0.0,"gold_gain":100.0,"event_name":"Golden Shrine","player_choice":"Pray","floor":5.0,"gold_loss":0.0,"damage_taken":0.0},{"damage_healed":0.0,"max_hp_gain":0.0,"max_hp_loss":0.0,"gold_gain":0.0,"event_name":"The Mausoleum","player_choice":"Opened","floor":19.0,"gold_loss":0.0,"damage_taken":0.0,"relics_obtained":["Regal Pillow"]},{"damage_healed":0.0,"max_hp_gain":0.0,"max_hp_loss":0.0,"gold_gain":99.0,"event_name":"Nest","player_choice":"Stole From Cult","floor":27.0,"gold_loss":0.0,"damage_taken":0.0},{"damage_healed":0.0,"max_hp_gain":0.0,"max_hp_loss":0.0,"gold_gain":0.0,"event_name":"Cursed Tome","player_choice":"Obtained Book","floor":30.0,"gold_loss":0.0,"damage_taken":16.0},{"damage_healed":0.0,"max_hp_gain":0.0,"max_hp_loss":0.0,"gold_gain":0.0,"event_name":"NoteForYourself","player_choice":"Ignored","floor":37.0,"gold_loss":0.0,"damage_taken":0.0},{"cards_removed":["Armaments"],"damage_healed":0.0,"max_hp_gain":0.0,"max_hp_loss":0.0,"gold_gain":0.0,"event_name":"WeMeetAgain","player_choice":"Gave Card","floor":42.0,"gold_loss":0.0,"damage_taken":0.0,"relics_obtained":["Girya"]},{"damage_healed":0.0,"max_hp_gain":0.0,"max_hp_loss":0.0,"gold_gain":0.0,"event_name":"Tomb of Lord Red Mask","player_choice":"Paid","floor":46.0,"gold_loss":53.0,"damage_taken":0.0,"relics_obtained":["Red Mask"]},{"damage_healed":0.0,"max_hp_gain":0.0,"max_hp_loss":0.0,"gold_gain":100.0,"event_name":"Golden Shrine","player_choice":"Pray","floor":48.0,"gold_loss":0.0,"damage_taken":0.0}],"is_beta":false,"boss_relics":[{"not_picked":["Ectoplasm","Eternal Feather"],"picked":"Black Blood"},{"not_picked":["Busted Crown","Fusion Hammer"],"picked":"Astrolabe"}],"items_purged_floors":[20,39],"is_endless":false,"potions_floor_spawned":[2,7,8,14,16,31,33,35,41],"ascension_level":0}