{"gold_per_floor":[360,374,404,404,15,15,31,31,31,43,43,75,75,95,95,167,167,179,179,179,86,86,86],"floor_reached":23,"playtime":737,"items_purged":["Strike_G","Writhe"],"score":374,"play_id":"66442e25-2e8f-482e-9653-390168202c33","local_time":"20190401170403","is_ascension_mode":true,"campfire_choices":[{"data":"Deadly Poison","floor":6.0,"key":"SMITH"},{"data":"Well Laid Plans","floor":11.0,"key":"SMITH"},{"data":"Cloak And Dagger","floor":13.0,"key":"SMITH"},{"data":"Wraith Form v2","floor":15.0,"key":"SMITH"}],"neow_cost":"TEN_PERCENT_HP_LOSS","seed_source_timestamp":17282462475270,"circlet_count":0,"master_deck":["AscendersBane","Defend_G","Defend_G","Defend_G","Defend_G","Defend_G","Strike_G","Strike_G","Strike_G","Strike_G","Survivor","Neutralize","Deadly Poison+1","Well Laid Plans+1","Wraith Form v2+1","Cloak And Dagger+1","Grand Finale","Backflip+1","Escape Plan+1"],"special_seed":0,"relics":["Ring of the Snake","Tiny Chest","Ginger","Membership Card","Kunai","Toxic Egg 2","Black Star","Vajra","Bottled Lightning"],"potions_floor_usage":[23],"damage_taken":[{"damage":3.0,"enemies":"Cultist","floor":1.0,"turns":4.0},{"damage":0.0,"enemies":"Jaw Worm","floor":2.0,"turns":5.0},{"damage":7.0,"enemies":"2 Louse","floor":7.0,"turns":3.0},{"damage":23.0,"enemies":"Gremlin Gang","floor":10.0,"turns":7.0},{"damage":1.0,"enemies":"Lagavulin","floor":12.0,"turns":6.0},{"damage":1.0,"enemies":"Exordium Wildlife","floor":14.0,"turns":3.0},{"damage":4.0,"enemies":"Slime Boss","floor":16.0,"turns":7.0},{"damage":2.0,"enemies":"Chosen","floor":18.0,"turns":7.0},{"damage":55,"enemies":"Book of Stabbing","floor":23,"turns":7}],"seed_played":"738356453120297618","potions_obtained":[{"floor":2.0,"key":"Regen Potion"},{"floor":10.0,"key":"SkillPotion"},{"floor":14.0,"key":"AttackPotion"}],"is_trial":false,"path_per_floor":["M","M","?","T","$","R","M","?","T","M","R","E","R","M","R","B",null,"M","?","?","$","T","E"],"character_chosen":"THE_SILENT","items_purchased":["Membership Card","Kunai","Escape Plan+1"],"campfire_rested":0,"item_purchase_floors":[5,5,21],"current_hp_per_floor":[56,56,51,51,51,51,44,44,44,36,36,35,35,34,34,30,53,51,51,51,51,51,0],"gold":86,"neow_bonus":"TWO_FIFTY_GOLD","is_prod":false,"is_daily":false,"chose_seed":false,"campfire_upgraded":4,"win_rate":0,"timestamp":1554109443,"path_taken":["M","?","?","?","$","R","M","?","T","?","R","E","R","M","R","BOSS","M","?","?","?","?","E"],"build_version":"2019-01-23","purchased_purges":2,"victory":false,"max_hp_per_floor":[60,60,60,60,60,60,60,60,60,60,60,60,60,60,60,60,60,60,60,60,60,60,60],"card_choices":[{"not_picked":["Deflect","Sucker Punch","Dodge and Roll"],"picked":"SKIP","floor":1.0},{"not_picked":["Slice","Accuracy"],"picked":"Deadly Poison","floor":2.0},{"not_picked":["Distraction","Concentrate"],"picked":"Well Laid Plans","floor":7.0},{"not_picked":["Deadly Poison","Endless Agony"],"picked":"Grand Finale","floor":10.0},{"not_picked":["Blade Dance","Eviscerate","Skewer"],"picked":"SKIP","floor":12.0},{"not_picked":["Predator","Outmaneuver+1"],"picked":"Backflip+1","floor":14.0},{"not_picked":["Cloak And Dagger+1","Dodge and Roll+1","Poisoned Stab"],"picked":"SKIP","floor":18.0}],"player_experience":3980604,"relics_obtained":[{"floor":4.0,"key":"Ginger"},{"floor":12.0,"key":"Toxic Egg 2"},{"floor":22.0,"key":"Bottled Lightning"}],"event_choices":[{"damage_healed":0.0,"max_hp_gain":0.0,"max_hp_loss":0.0,"gold_gain":0.0,"event_name":"Scrap Ooze","player_choice":"Success","floor":3.0,"gold_loss":0.0,"damage_taken":5.0,"relics_obtained":["Tiny Chest"]},{"damage_healed":0.0,"max_hp_gain":0.0,"max_hp_loss":0.0,"gold_gain":0.0,"event_name":"Match and Keep!","player_choice":"2 cards matched","floor":8.0,"gold_loss":0.0,"damage_taken":0.0,"cards_obtained":["Wraith Form v2","Cloak And Dagger"]},{"damage_healed":0.0,"max_hp_gain":0.0,"max_hp_loss":0.0,"gold_gain":0.0,"event_name":"Cursed Tome","player_choice":"Ignored","floor":19.0,"gold_loss":0.0,"damage_taken":0.0},{"damage_healed":0.0,"max_hp_gain":0.0,"max_hp_loss":0.0,"gold_gain":0.0,"event_name":"The Mausoleum","player_choice":"Opened","floor":20.0,"gold_loss":0.0,"damage_taken":0.0,"relics_obtained":["Vajra"],"cards_obtained":["Writhe"]}],"is_beta":false,"boss_relics":[{"not_picked":["Velvet Choker","Calling Bell"],"picked":"Black Star"}],"items_purged_floors":[5,21],"is_endless":false,"potions_floor_spawned":[2,10,14],"killed_by":"Book of Stabbing","ascension_level":20}