{"gold_per_floor":[113,125,137,154,229,262,262,262,313,343,359,194,211,32,32,107,107,107,107,107,22,22,22,22,22],"floor_reached":25,"playtime":671,"items_purged":["Strike_G","Strike_G"],"score":616,"play_id":"a139f6f9-0b63-4f10-8713-30bf368abd20","local_time":"20181128233052","is_ascension_mode":true,"campfire_choices":[{"data":"Bouncing Flask","floor":7,"key":"SMITH"},{"data":"Noxious Fumes","floor":15,"key":"SMITH"}],"neow_cost":"NONE","seed_source_timestamp":15817534408485,"circlet_count":0,"master_deck":["AscendersBane","Defend_G","Defend_G","Defend_G","Defend_G","Defend_G","Survivor","Neutralize","Quick Slash","Bouncing Flask+1","Poisoned Stab","Dagger Spray","After Image","Deflect","Catalyst","Backflip","Noxious Fumes","Noxious Fumes+1","Corpse Explosion","PiercingWail","PiercingWail","Dagger Throw","Backstab","Calculated Gamble","Prepared"],"relics":["Ring of the Snake","NeowsBlessing","Letter Opener","Ancient Tea Set","Art of War","Ectoplasm","Blue Candle","Meat on the Bone"],"potions_floor_usage":[10,11,13,16,23],"damage_taken":[{"damage":0,"enemies":"Small Slimes","floor":1,"turns":1},{"damage":0,"enemies":"Jaw Worm","floor":2,"turns":1},{"damage":0,"enemies":"Cultist","floor":3,"turns":1},{"damage":0,"enemies":"Red Slaver","floor":4,"turns":4},{"damage":32,"enemies":"Gremlin Nob","floor":6,"turns":4},{"damage":9,"enemies":"3 Sentries","floor":10,"turns":8},{"damage":0,"enemies":"2 Fungi Beasts","floor":11,"turns":3},{"damage":0,"enemies":"Blue Slaver","floor":13,"turns":5},{"damage":0,"enemies":"Slime Boss","floor":16,"turns":6},{"damage":9,"enemies":"Chosen","floor":18,"turns":5},{"damage":9,"enemies":"3 Byrds","floor":19,"turns":4},{"damage":16,"enemies":"3 Cultists","floor":22,"turns":3},{"damage":0,"enemies":"Gremlin Leader","floor":23,"turns":5},{"damage":34,"enemies":"Slavers","floor":25,"turns":1}],"seed_played":"880369444189229015","potions_obtained":[{"floor":3,"key":"Block Potion"},{"floor":6,"key":"Block Potion"},{"floor":11,"key":"EntropicBrew"},{"floor":16,"key":"Strength Potion"},{"floor":19,"key":"Regen Potion"}],"is_trial":false,"path_per_floor":["M","M","M","M","?","E","R","?","T","E","M","$","M","$","R","B",null,"M","M","?","?","M","E","T","E"],"character_chosen":"THE_SILENT","items_purchased":["Backflip","Noxious Fumes","Noxious Fumes"],"campfire_rested":0,"item_purchase_floors":[12,12,14],"current_hp_per_floor":[59,59,59,59,48,16,16,16,16,7,7,7,7,7,7,7,51,42,33,33,33,17,32,32,0],"gold":22,"neow_bonus":"THREE_ENEMY_KILL","is_prod":false,"is_daily":false,"chose_seed":false,"campfire_upgraded":2,"win_rate":0,"timestamp":1543419052,"path_taken":["M","M","M","M","?","E","R","?","T","E","M","?","?","$","R","BOSS","M","M","?","?","M","E","?","E"],"build_version":"2018-11-15","purchased_purges":2,"victory":false,"max_hp_per_floor":[66,66,66,66,66,66,66,66,66,66,66,66,66,66,66,66,66,66,66,66,66,66,66,66,66],"card_choices":[{"not_picked":["Cloak And Dagger","Terror"],"picked":"Quick Slash","floor":1},{"not_picked":["Outmaneuver","Dagger Spray"],"picked":"Bouncing Flask","floor":2},{"not_picked":["Cloak And Dagger","Sucker Punch"],"picked":"Poisoned Stab","floor":3},{"not_picked":["Sucker Punch","Concentrate"],"picked":"Dagger Spray","floor":4},{"not_picked":["Storm of Steel","Slice"],"picked":"After Image","floor":6},{"not_picked":["Crippling Poison","Dodge and Roll","Deflect"],"picked":"SKIP","floor":10},{"not_picked":["Poisoned Stab","Deflect"],"picked":"Catalyst","floor":11},{"not_picked":["Outmaneuver","Cloak And Dagger","Deflect"],"picked":"SKIP","floor":13},{"not_picked":["Doppelganger","Venomology"],"picked":"Corpse Explosion","floor":16},{"not_picked":["Outmaneuver","Flying Knee+1"],"picked":"PiercingWail","floor":18},{"not_picked":["Quick Slash","Poisoned Stab"],"picked":"PiercingWail","floor":19},{"not_picked":["Venomology","Backflip"],"picked":"Calculated Gamble","floor":22},{"not_picked":["Heel Hook","Expertise+1"],"picked":"Prepared","floor":23}],"player_experience":1176499,"relics_obtained":[{"floor":6,"key":"Letter Opener"},{"floor":9,"key":"Ancient Tea Set"},{"floor":10,"key":"Art of War"},{"floor":23,"key":"Meat on the Bone"}],"event_choices":[{"damage_healed":0,"gold_gain":75,"player_choice":"Gather Gold","damage_taken":11,"max_hp_gain":0,"max_hp_loss":0,"event_name":"World of Goop","floor":5,"gold_loss":0},{"damage_healed":0,"gold_gain":0,"cards_transformed":["Strike_G"],"player_choice":"Change","damage_taken":0,"max_hp_gain":0,"max_hp_loss":0,"event_name":"Living Wall","floor":8,"gold_loss":0,"cards_obtained":["Deflect"]},{"damage_healed":0,"gold_gain":0,"cards_transformed":["Strike_G","Strike_G"],"player_choice":"Became Test Subject","damage_taken":0,"max_hp_gain":0,"max_hp_loss":0,"event_name":"Drug Dealer","floor":20,"gold_loss":0,"cards_obtained":["Dagger Throw","Backstab"]},{"damage_healed":0,"gold_gain":0,"player_choice":"Obtained Relic","damage_taken":0,"relics_obtained":["Blue Candle"],"max_hp_gain":0,"max_hp_loss":0,"event_name":"Addict","floor":21,"gold_loss":85}],"is_beta":true,"boss_relics":[{"not_picked":["Cursed Key","Tiny House"],"picked":"Ectoplasm"}],"items_purged_floors":[12,14],"is_endless":false,"potions_floor_spawned":[3,6,11,13,16,19],"killed_by":"Slavers","ascension_level":20}