{"gold_per_floor":[114,124,124,144,169,197,217,217,242,116,133,162,162,182,182,280,280,295,315,215,229,229,261,261,320,320,347,376,390,26,45,45,45],"floor_reached":33,"playtime":805,"items_purged":["Defend_R","Defend_R","Defend_R"],"score":612,"play_id":"8ebe220c-83e5-4b8f-9cd7-6a74e467d868","local_time":"20181020001420","is_ascension_mode":true,"campfire_choices":[{"data":"Warcry","floor":8.0,"key":"SMITH"},{"data":"Perfected Strike","floor":13.0,"key":"SMITH"},{"data":"Whirlwind","floor":15.0,"key":"SMITH"},{"data":"Perfected Strike","floor":24.0,"key":"SMITH"},{"data":"Perfected Strike","floor":32.0,"key":"SMITH"}],"neow_cost":"NONE","seed_source_timestamp":194822958862156,"circlet_count":0,"master_deck":["Strike_R","Strike_R","Strike_R","Strike_R","Strike_R","Defend_R","Bash","AscendersBane","Perfected Strike+1","Warcry+1","Ghostly Armor","Perfected Strike+1","Whirlwind+1","Shrug It Off","Berserk","Perfected Strike+1","Battle Trance","Thunderclap","Perfected Strike+1","Perfected Strike","Impervious","Twin Strike"],"special_seed":0,"relics":["Burning Blood","PreservedInsect","Bronze Scales","Darkstone Periapt","Happy Flower","Blood Vial","Sozu","Bird Faced Urn","Tiny Chest","Kunai","Bag of Preparation","Potion Belt","Membership Card"],"potions_floor_usage":[],"damage_taken":[{"damage":8.0,"enemies":"2 Louse","floor":1.0,"turns":2.0},{"damage":0.0,"enemies":"Cultist","floor":2.0,"turns":3.0},{"damage":7.0,"enemies":"Jaw Worm","floor":4.0,"turns":2.0},{"damage":0.0,"enemies":"Gremlin Nob","floor":6.0,"turns":2.0},{"damage":6.0,"enemies":"Exordium Thugs","floor":7.0,"turns":5.0},{"damage":6.0,"enemies":"Looter","floor":11.0,"turns":2.0},{"damage":10.0,"enemies":"3 Sentries","floor":12.0,"turns":4.0},{"damage":11.0,"enemies":"Blue Slaver","floor":14.0,"turns":3.0},{"damage":43.0,"enemies":"The Guardian","floor":16.0,"turns":9.0},{"damage":11.0,"enemies":"Shell Parasite","floor":18.0,"turns":4.0},{"damage":0.0,"enemies":"Spheric Guardian","floor":19.0,"turns":2.0},{"damage":16.0,"enemies":"Snake Plant","floor":21.0,"turns":3.0},{"damage":18.0,"enemies":"Gremlin Leader","floor":23.0,"turns":4.0},{"damage":17.0,"enemies":"Book of Stabbing","floor":25.0,"turns":3.0},{"damage":0.0,"enemies":"Slavers","floor":28.0,"turns":2.0},{"damage":20.0,"enemies":"Shelled Parasite and Fungi","floor":29.0,"turns":3.0},{"damage":0.0,"enemies":"Snecko","floor":31.0,"turns":3.0},{"damage":77,"enemies":"Champ","floor":33,"turns":5}],"seed_played":"7771817628408199079","potions_obtained":[{"floor":2.0,"key":"Strength Potion"},{"floor":4.0,"key":"SkillPotion"},{"floor":6.0,"key":"Strength Potion"},{"floor":7.0,"key":"SteroidPotion"}],"is_trial":false,"path_per_floor":["M","M","?","M","T","E","M","R","T","$","M","E","R","M","R","B",null,"M","M","$","M","?","E","R","E","T","T","E","M","$","M","R"],"character_chosen":"IRONCLAD","items_purchased":["Perfected Strike","Perfected Strike","Membership Card","Impervious"],"campfire_rested":0,"item_purchase_floors":[10,30,30,30],"current_hp_per_floor":[70,76,76,75,75,80,80,80,80,80,80,76,76,73,73,38,70,67,75,75,67,67,57,57,48,48,48,56,44,44,52,52,0],"gold":45,"neow_bonus":"RANDOM_COMMON_RELIC","is_prod":false,"is_daily":false,"chose_seed":false,"campfire_upgraded":5,"win_rate":0,"timestamp":1539965660,"path_taken":["M","M","?","M","?","E","M","R","T","$","M","E","R","M","R","BOSS","M","M","$","M","?","E","R","E","T","?","E","M","$","M","R","BOSS"],"build_version":"2018-10-18","purchased_purges":3,"victory":false,"max_hp_per_floor":[80,80,80,80,80,80,80,80,80,80,80,80,80,80,80,80,80,80,80,80,80,80,80,80,80,80,80,80,80,80,80,80,80],"card_choices":[{"not_picked":["Wild Strike","Burning Pact"],"picked":"Perfected Strike","floor":1.0},{"not_picked":["Hemokinesis","Power Through"],"picked":"Warcry","floor":2.0},{"not_picked":["Heavy Blade","Spot Weakness"],"picked":"Ghostly Armor","floor":4.0},{"not_picked":["Anger","True Grit","Reckless Charge"],"picked":"SKIP","floor":6.0},{"not_picked":["Rage","Blood for Blood","Clash"],"picked":"SKIP","floor":7.0},{"not_picked":["Whirlwind","Uppercut","Entrench"],"picked":"SKIP","floor":11.0},{"not_picked":["Uppercut","Entrench"],"picked":"Whirlwind","floor":11.0},{"not_picked":["Headbutt","Sentinel","Combust"],"picked":"SKIP","floor":12.0},{"not_picked":["Clothesline","Sentinel"],"picked":"Shrug It Off","floor":14.0},{"not_picked":["Reaper","Exhume"],"picked":"Berserk","floor":16.0},{"not_picked":["True Grit","Disarm"],"picked":"Perfected Strike","floor":18.0},{"not_picked":["Havoc","Rupture","Flame Barrier"],"picked":"SKIP","floor":19.0},{"not_picked":["Combust","Clothesline","Feel No Pain"],"picked":"SKIP","floor":21.0},{"not_picked":["Feel No Pain","Juggernaut","Iron Wave"],"picked":"SKIP","floor":23.0},{"not_picked":["Warcry","Cleave"],"picked":"Thunderclap","floor":25.0},{"not_picked":["Blood for Blood","Twin Strike"],"picked":"Perfected Strike","floor":28.0},{"not_picked":["Anger","Disarm+1","Bloodletting"],"picked":"SKIP","floor":29.0},{"not_picked":["Limit Break","Warcry"],"picked":"Twin Strike","floor":31.0}],"player_experience":340533,"relics_obtained":[{"floor":5.0,"key":"Bronze Scales"},{"floor":6.0,"key":"Darkstone Periapt"},{"floor":9.0,"key":"Happy Flower"},{"floor":12.0,"key":"Blood Vial"},{"floor":23.0,"key":"Bird Faced Urn"},{"floor":25.0,"key":"Tiny Chest"},{"floor":26.0,"key":"Kunai"},{"floor":27.0,"key":"Bag of Preparation"},{"floor":28.0,"key":"Potion Belt"}],"event_choices":[{"damage_healed":0.0,"max_hp_gain":0.0,"max_hp_loss":0.0,"gold_gain":0.0,"event_name":"Upgrade Shrine","player_choice":"Upgraded","floor":3.0,"gold_loss":0.0,"damage_taken":0.0,"cards_upgraded":["Perfected Strike"]},{"damage_healed":0.0,"max_hp_gain":0.0,"max_hp_loss":0.0,"gold_gain":0.0,"event_name":"The Library","player_choice":"Read","floor":22.0,"gold_loss":0.0,"damage_taken":0.0,"cards_obtained":["Battle Trance"]}],"is_beta":false,"boss_relics":[{"not_picked":["Runic Cube","Empty Cage"],"picked":"Sozu"}],"items_purged_floors":[10,20,30],"is_endless":false,"potions_floor_spawned":[2,4,6,7,12,18,21,28,29,31],"killed_by":"Champ","ascension_level":12}