{"gold_per_floor":[109,125,138,151,36,36,36,36,59,59,59,9,30,54,54,185,185,206,121,121,50,71,71],"floor_reached":23,"playtime":1733,"items_purged":["Strike_R"],"score":290,"play_id":"320fee3c-7a64-4e61-8a32-c752e1fc070a","local_time":"20190730185950","is_ascension_mode":true,"campfire_choices":[{"data":"Flame Barrier","floor":6,"key":"SMITH"},{"data":"True Grit","floor":8,"key":"SMITH"},{"data":"Inflame","floor":11,"key":"SMITH"},{"data":"Sword Boomerang","floor":15,"key":"SMITH"}],"neow_cost":"NONE","seed_source_timestamp":37449318895788,"circlet_count":0,"master_deck":["AscendersBane","Strike_R","Strike_R","Defend_R","Defend_R","Defend_R","Defend_R","Bash","True Grit+1","Seeing Red","Sword Boomerang+1","Inflame+1","Flame Barrier+1","Feel No Pain","Offering","Rupture","Barricade","Shrug It Off","J.A.X.","Shrug It Off","True Grit"],"relics":["Burning Blood","Golden Idol","Oddly Smooth Stone","Philosopher\u0027s Stone","Bronze Scales"],"potions_floor_usage":[4,16],"damage_taken":[{"damage":13,"enemies":"Jaw Worm","floor":1,"turns":6},{"damage":2,"enemies":"2 Louse","floor":2,"turns":4},{"damage":6,"enemies":"Small Slimes","floor":3,"turns":4},{"damage":11,"enemies":"Looter","floor":4,"turns":3},{"damage":13,"enemies":"Gremlin Gang","floor":13,"turns":3},{"damage":6,"enemies":"Exordium Wildlife","floor":14,"turns":4},{"damage":36,"enemies":"The Guardian","floor":16,"turns":11},{"damage":11,"enemies":"Chosen","floor":18,"turns":6},{"damage":37,"enemies":"Shell Parasite","floor":22,"turns":5},{"damage":27,"enemies":"Book of Stabbing","floor":23,"turns":2}],"seed_played":"-8821961379171903398","potions_obtained":[{"floor":2,"key":"FearPotion"},{"floor":3,"key":"Swift Potion"}],"is_trial":false,"path_per_floor":["M","M","M","M","$","R","?","R","T","?","R","?","M","M","R","B",null,"M","?","?","$","M","E"],"character_chosen":"IRONCLAD","items_purchased":["Feel No Pain","Shrug It Off","True Grit"],"campfire_rested":0,"item_purchase_floors":[5,21,21],"current_hp_per_floor":[65,69,69,64,64,64,44,44,44,44,44,44,37,37,37,7,62,57,57,57,57,26,0],"gold":71,"neow_bonus":"THREE_CARDS","is_prod":false,"is_daily":false,"chose_seed":false,"campfire_upgraded":4,"win_rate":0,"timestamp":1564531190,"path_taken":["M","M","M","M","$","R","?","R","T","?","R","?","M","M","R","BOSS","M","?","?","$","M","E"],"build_version":"2019-07-17","purchased_purges":1,"victory":false,"max_hp_per_floor":[80,80,80,80,80,80,80,80,80,80,80,80,80,80,80,80,80,80,80,80,80,80,80],"card_choices":[{"not_picked":["Clothesline","Flex"],"picked":"True Grit","floor":0},{"not_picked":["Heavy Blade","Sentinel"],"picked":"Seeing Red","floor":1},{"not_picked":["Flex","Pummel"],"picked":"Sword Boomerang","floor":2},{"not_picked":["Warcry","Clothesline"],"picked":"Inflame","floor":3},{"not_picked":["Pommel Strike","Pummel"],"picked":"Flame Barrier","floor":4},{"not_picked":["Dropkick","Twin Strike"],"picked":"Rupture","floor":13},{"not_picked":["Reckless Charge","Thunderclap","Fire Breathing"],"picked":"SKIP","floor":14},{"not_picked":["Fiend Fire","Impervious"],"picked":"Barricade","floor":16},{"not_picked":["True Grit","Ghostly Armor"],"picked":"Shrug It Off","floor":18},{"not_picked":["Armaments","Exhume","Iron Wave"],"picked":"SKIP","floor":22}],"player_experience":396040,"relics_obtained":[{"floor":9,"key":"Oddly Smooth Stone"}],"event_choices":[{"damage_healed":0,"gold_gain":0,"player_choice":"Take Damage","damage_taken":20,"relics_obtained":["Golden Idol"],"max_hp_gain":0,"max_hp_loss":0,"event_name":"Golden Idol","floor":7,"gold_loss":0},{"damage_healed":0,"gold_gain":0,"cards_transformed":["Strike_R"],"player_choice":"Change","damage_taken":0,"max_hp_gain":0,"max_hp_loss":0,"event_name":"Living Wall","floor":10,"gold_loss":0,"cards_obtained":["Offering"]},{"cards_removed":["Strike_R"],"damage_healed":0,"gold_gain":0,"player_choice":"Card Removal","damage_taken":0,"max_hp_gain":0,"max_hp_loss":0,"event_name":"The Cleric","floor":12,"gold_loss":50},{"damage_healed":0,"gold_gain":0,"player_choice":"Obtained Relic","damage_taken":0,"relics_obtained":["Bronze Scales"],"max_hp_gain":0,"max_hp_loss":0,"event_name":"Addict","floor":19,"gold_loss":85},{"damage_healed":0,"gold_gain":0,"player_choice":"Obtain J.A.X.","damage_taken":0,"max_hp_gain":0,"max_hp_loss":0,"event_name":"Drug Dealer","floor":20,"gold_loss":0,"cards_obtained":["J.A.X."]}],"is_beta":false,"boss_relics":[{"not_picked":["Sozu","Runic Dome"],"picked":"Philosopher\u0027s Stone"}],"items_purged_floors":[5],"is_endless":false,"potions_floor_spawned":[2,3],"killed_by":"Book of Stabbing","ascension_level":12}