{"gold_per_floor":[218,218,143,143,154,154,185,185,185,21,46,46,75,86,86,164,164,181,181,201,301,54,54,66,66,121,137,171,15,30,64,64,141,141,161,53,70,80,96,96,121,121,121,121,46,60,71,123,123,123,123,123,123,6,33,33],"floor_reached":56,"playtime":3111,"items_purged":["Strike_B","Strike_B","Defend_B","Defend_B"],"score":2041,"play_id":"a1d017cb-64cc-43fd-92a5-9914ece9ea2e","local_time":"20190118133137","is_ascension_mode":true,"campfire_choices":[{"data":"Dualcast","floor":6.0,"key":"SMITH"},{"floor":8.0,"key":"REST"},{"data":"Coolheaded","floor":12.0,"key":"SMITH"},{"data":"Zap","floor":15.0,"key":"SMITH"},{"floor":23.0,"key":"REST"},{"floor":25.0,"key":"REST"},{"floor":32.0,"key":"RECALL"},{"floor":40.0,"key":"REST"},{"floor":42.0,"key":"REST"},{"floor":44.0,"key":"REST"},{"floor":49.0,"key":"REST"},{"floor":53,"key":"REST"}],"neow_cost":"NONE","seed_source_timestamp":2465068363085,"circlet_count":0,"master_deck":["AscendersBane","Defend_B+1","Defend_B+1","Zap+1","Dualcast+1","Ball Lightning","Reboot","Electrodynamics","Coolheaded+1","Chaos+1","Redo+1","Rainbow+1","Ghostly+1","Ghostly+1","Ghostly+1","Capacitor+1","Consume+1","Conserve Battery+1","Tempest+1","Thunder Strike","Biased Cognition+1","Capacitor+1","Defragment+1","Skim+1","Defragment+1","Glacier+1","Coolheaded+1","Storm+1","Capacitor+1","Thunder Strike","Chaos+1","Static Discharge+1","Double Energy+1","Static Discharge+1","Steam Power+1","Recycle+1"],"special_seed":0,"relics":["FrozenCore","War Paint","Lantern","Happy Flower","Toxic Egg 2","Fusion Hammer","Ice Cream","Frozen Egg 2","Membership Card","Tiny Chest","Dream Catcher","Runic Capacitor","Potion Belt","Sundial","Boot","StoneCalendar","Anchor"],"potions_floor_usage":[51,56],"damage_taken":[{"damage":4.0,"enemies":"Small Slimes","floor":1.0,"turns":3.0},{"damage":3.0,"enemies":"2 Louse","floor":5.0,"turns":2.0},{"damage":39.0,"enemies":"Lagavulin","floor":7.0,"turns":5.0},{"damage":6.0,"enemies":"Gremlin Nob","floor":11.0,"turns":3.0},{"damage":12.0,"enemies":"3 Sentries","floor":13.0,"turns":3.0},{"damage":7.0,"enemies":"Jaw Worm","floor":14.0,"turns":2.0},{"damage":0.0,"enemies":"Slime Boss","floor":16.0,"turns":6.0},{"damage":0.0,"enemies":"Chosen","floor":18.0,"turns":3.0},{"damage":0.0,"enemies":"Spheric Guardian","floor":20.0,"turns":3.0},{"damage":25.0,"enemies":"Colosseum Slavers","floor":21.0,"turns":3.0},{"damage":0.0,"enemies":"Colosseum Nobs","floor":21.0,"turns":3.0},{"damage":0.0,"enemies":"Centurion and Healer","floor":24.0,"turns":5.0},{"damage":0.0,"enemies":"Snake Plant","floor":27.0,"turns":2.0},{"damage":15.0,"enemies":"Book of Stabbing","floor":28.0,"turns":5.0},{"damage":0.0,"enemies":"Shelled Parasite and Fungi","floor":30.0,"turns":3.0},{"damage":0.0,"enemies":"Gremlin Leader","floor":31.0,"turns":4.0},{"damage":19.0,"enemies":"Automaton","floor":33.0,"turns":7.0},{"damage":0.0,"enemies":"3 Shapes","floor":35.0,"turns":3.0},{"damage":0.0,"enemies":"Orb Walker","floor":37.0,"turns":3.0},{"damage":19.0,"enemies":"Transient","floor":38.0,"turns":6.0},{"damage":0.0,"enemies":"4 Shapes","floor":39.0,"turns":3.0},{"damage":0.0,"enemies":"Nemesis","floor":41.0,"turns":5.0},{"damage":0.0,"enemies":"Writhing Mass","floor":46.0,"turns":4.0},{"damage":0.0,"enemies":"Sphere and 2 Shapes","floor":47.0,"turns":3.0},{"damage":12.0,"enemies":"2 Orb Walkers","floor":48.0,"turns":5.0},{"damage":16.0,"enemies":"Time Eater","floor":50.0,"turns":7.0},{"damage":13,"enemies":"Awakened One","floor":51,"turns":12},{"damage":28,"enemies":"Shield and Spear","floor":55,"turns":4},{"damage":57,"enemies":"The Heart","floor":56,"turns":2}],"seed_played":"3358279846126366087","potions_obtained":[{"floor":7.0,"key":"Swift Potion"},{"floor":11.0,"key":"SteroidPotion"},{"floor":13.0,"key":"Dexterity Potion"},{"floor":30.0,"key":"EssenceOfSteel"},{"floor":31.0,"key":"SpeedPotion"},{"floor":38.0,"key":"Weak Potion"},{"floor":47.0,"key":"AttackPotion"}],"is_trial":false,"path_per_floor":["M","?","?","?","M","R","E","R","T","$","E","R","E","M","R","B",null,"M","?","M","?","$","R","M","R","T","M","E","$","M","E","R","B",null,"M","$","M","M","M","R","E","R","T","R","$","M","M","?","R","B","B",null,"R","$","E","B"],"character_chosen":"DEFECT","items_purchased":["Lantern","Membership Card","Runic Capacitor","Defragment+1","Double Energy+1","Static Discharge+1","Steam Power+1"],"campfire_rested":8,"item_purchase_floors":[10,22,29,36,54,54,54],"current_hp_per_floor":[60,60,60,65,62,62,23,45,45,45,39,39,27,20,20,20,62,62,38,38,13,13,24,24,35,35,35,20,20,20,20,20,1,29,29,29,29,10,10,21,21,32,32,38,38,38,38,26,37,21,8,31,38,38,10,0],"gold":33,"neow_bonus":"HUNDRED_GOLD","is_prod":false,"is_daily":false,"chose_seed":false,"campfire_upgraded":3,"win_rate":0,"timestamp":1547789497,"path_taken":["M","?","?","?","M","R","E","R","T","$","E","R","E","M","R","BOSS","M","?","M","?","$","R","M","R","T","M","E","$","M","E","R","BOSS","M","$","M","M","M","R","E","R","T","R","$","M","M","?","R","BOSS","BOSS","R","$","E","BOSS"],"build_version":"2019-01-17","purchased_purges":4,"victory":false,"max_hp_per_floor":[71,71,71,76,76,76,76,76,76,76,76,76,76,76,76,76,76,76,38,38,38,38,38,38,38,38,38,38,38,38,38,38,38,38,38,38,38,38,38,38,38,38,38,38,38,38,38,38,38,38,38,38,38,38,38,38],"card_choices":[{"not_picked":["Barrage","Rebound"],"picked":"Ball Lightning","floor":1.0},{"not_picked":["Beam Cell","Heatsinks"],"picked":"Electrodynamics","floor":5.0},{"not_picked":["Beam Cell","Streamline"],"picked":"Coolheaded","floor":7.0},{"not_picked":["Beam Cell","Streamline","Multi-Cast"],"picked":"SKIP","floor":11.0},{"not_picked":["Chaos","Steam","Cold Snap"],"picked":"SKIP","floor":13.0},{"not_picked":["Steam","Cold Snap"],"picked":"Chaos","floor":13.0},{"not_picked":["Go for the Eyes","Gash"],"picked":"Redo+1","floor":14.0},{"not_picked":["All For One","Echo Form"],"picked":"Rainbow+1","floor":16.0},{"not_picked":["Storm","Go for the Eyes","Self Repair"],"picked":"SKIP","floor":18.0},{"not_picked":["Conserve Battery+1","BootSequence+1"],"picked":"Capacitor+1","floor":20.0},{"not_picked":["Steam+1","Beam Cell"],"picked":"Consume+1","floor":24.0},{"not_picked":["Steam Power+1","Turbo+1"],"picked":"Conserve Battery+1","floor":27.0},{"not_picked":["Barrage","Beam Cell+1","Redo+1"],"picked":"SKIP","floor":28.0},{"not_picked":["Barrage","Heatsinks+1"],"picked":"Tempest+1","floor":30.0},{"not_picked":["Cold Snap","Go for the Eyes"],"picked":"Thunder Strike","floor":31.0},{"not_picked":["Reboot+1","Creative AI+1"],"picked":"Biased Cognition+1","floor":33.0},{"not_picked":["Coolheaded+1","Ball Lightning"],"picked":"Capacitor+1","floor":35.0},{"not_picked":["Leap+1","Blizzard","Consume+1"],"picked":"SKIP","floor":37.0},{"not_picked":["Auto Shields+1","Cold Snap"],"picked":"Skim+1","floor":38.0},{"not_picked":["Lockon","Fusion+1"],"picked":"Defragment+1","floor":39.0},{"not_picked":["Undo+1","Leap+1"],"picked":"Glacier+1","floor":40.0},{"not_picked":["Hologram+1","Ball Lightning"],"picked":"Coolheaded+1","floor":41.0},{"not_picked":["Undo+1","Auto Shields+1"],"picked":"Storm+1","floor":46.0},{"not_picked":["Gash","Tempest+1"],"picked":"Capacitor+1","floor":47.0},{"not_picked":["Genetic Algorithm+1","Conserve Battery+1"],"picked":"Thunder Strike","floor":48.0},{"not_picked":["Barrage","Redo+1"],"picked":"Chaos+1","floor":49.0},{"not_picked":["Gash","Beam Cell"],"picked":"Static Discharge+1","floor":53},{"not_picked":["Sweeping Beam","Buffer+1"],"picked":"Recycle+1","floor":55}],"player_experience":1993042,"relics_obtained":[{"floor":7.0,"key":"War Paint"},{"floor":11.0,"key":"Happy Flower"},{"floor":13.0,"key":"Toxic Egg 2"},{"floor":21.0,"key":"Ice Cream"},{"floor":21.0,"key":"Frozen Egg 2"},{"floor":26.0,"key":"Tiny Chest"},{"floor":28.0,"key":"Dream Catcher"},{"floor":31.0,"key":"Potion Belt"},{"floor":41.0,"key":"Sundial"},{"floor":43.0,"key":"Boot"},{"floor":48.0,"key":"StoneCalendar"},{"floor":55,"key":"Anchor"}],"event_choices":[{"damage_healed":0.0,"max_hp_gain":0.0,"max_hp_loss":0.0,"gold_gain":0.0,"cards_transformed":["Strike_B"],"event_name":"Living Wall","player_choice":"Change","floor":2.0,"gold_loss":0.0,"damage_taken":0.0,"cards_obtained":["Reboot"]},{"cards_removed":["Strike_B"],"damage_healed":0.0,"max_hp_gain":0.0,"max_hp_loss":0.0,"gold_gain":0.0,"event_name":"The Cleric","player_choice":"Card Removal","floor":3.0,"gold_loss":75.0,"damage_taken":0.0},{"damage_healed":0.0,"max_hp_gain":5.0,"max_hp_loss":0.0,"gold_gain":0.0,"event_name":"Big Fish","player_choice":"Donut","floor":4.0,"gold_loss":0.0,"damage_taken":0.0},{"damage_healed":0.0,"max_hp_gain":0.0,"max_hp_loss":38.0,"gold_gain":0.0,"event_name":"Ghosts","player_choice":"Became a Ghost","floor":19.0,"gold_loss":0.0,"damage_taken":0.0,"cards_obtained":["Ghostly","Ghostly","Ghostly"]},{"damage_healed":0.0,"max_hp_gain":0.0,"max_hp_loss":0.0,"gold_gain":0.0,"event_name":"Colosseum","player_choice":"Fight","floor":21.0,"gold_loss":0.0,"damage_taken":0.0},{"damage_healed":0.0,"max_hp_gain":0.0,"max_hp_loss":0.0,"gold_gain":0.0,"event_name":"Colosseum","player_choice":"Fought Nobs","floor":21.0,"gold_loss":0.0,"damage_taken":0.0},{"damage_healed":0.0,"max_hp_gain":0.0,"max_hp_loss":0.0,"gold_gain":0.0,"event_name":"Mysterious Sphere","player_choice":"Fight","floor":48.0,"gold_loss":0.0,"damage_taken":0.0}],"is_beta":false,"boss_relics":[{"not_picked":["Eternal Feather","Calling Bell"],"picked":"Fusion Hammer"},{"not_picked":["Runic Dome","Sozu"],"picked":"FrozenCore"}],"items_purged_floors":[22,29,36,45],"is_endless":false,"potions_floor_spawned":[7,11,13,14,18,24,27,30,31,38,47],"killed_by":"The Heart","ascension_level":20}