{"gold_per_floor":[109,121,40,5,5,33,33,51,51,51,71,71,13,33,33,33],"floor_reached":16,"playtime":3386,"items_purged":[],"score":200,"play_id":"fcdc54d9-dcac-4675-a31a-0ffc8659d049","local_time":"20190228223625","is_ascension_mode":true,"campfire_choices":[{"data":"Defragment","floor":12,"key":"SMITH"},{"data":"Dualcast","floor":15,"key":"SMITH"}],"neow_cost":"NONE","seed_source_timestamp":37380455478309,"circlet_count":0,"master_deck":["AscendersBane","Strike_B","Strike_B","Defend_B","Defend_B","Defend_B","Defend_B","Zap","Dualcast+1","Reboot","Ball Lightning","Coolheaded","Defragment+1","Rainbow","Core Surge","Meteor Strike"],"relics":["Cracked Core","Art of War","Shuriken"],"potions_floor_usage":[14],"damage_taken":[{"damage":12,"enemies":"Jaw Worm","floor":1,"turns":2},{"damage":0,"enemies":"2 Louse","floor":2,"turns":1},{"damage":52,"enemies":"3 Sentries","floor":6,"turns":11},{"damage":5,"enemies":"Small Slimes","floor":8,"turns":3},{"damage":0,"enemies":"Blue Slaver","floor":11,"turns":4},{"damage":0,"enemies":"2 Fungi Beasts","floor":14,"turns":3},{"damage":0,"enemies":"Hexaghost","floor":16,"turns":7}],"seed_played":"4337642172597026723","potions_obtained":[{"floor":2,"key":"Strength Potion"},{"floor":8,"key":"Swift Potion"}],"is_trial":false,"path_per_floor":["M","M","$","?","?","E","?","M","T","?","M","R","?","M","R","B"],"character_chosen":"DEFECT","items_purchased":["Defragment"],"campfire_rested":0,"item_purchase_floors":[3],"current_hp_per_floor":[52,52,52,69,69,17,10,5,5,5,5,5,5,5,5,5],"gold":33,"neow_bonus":"ONE_RANDOM_RARE_CARD","is_prod":false,"is_daily":false,"chose_seed":false,"campfire_upgraded":2,"win_rate":0,"timestamp":1551364585,"path_taken":["M","M","$","?","?","E","?","M","T","?","?","R","?","M","R","BOSS"],"build_version":"2019-01-23","purchased_purges":0,"victory":false,"max_hp_per_floor":[71,71,71,71,71,71,71,71,71,71,71,71,71,71,71,71],"card_choices":[{"not_picked":["Cold Snap","Turbo"],"picked":"Ball Lightning","floor":1},{"not_picked":["Leap","Darkness"],"picked":"Coolheaded","floor":2},{"not_picked":["Go for the Eyes","Barrage"],"picked":"Rainbow","floor":6},{"not_picked":["BootSequence","Compile Driver","Rebound"],"picked":"SKIP","floor":8},{"not_picked":["Sweeping Beam","Steam"],"picked":"Meteor Strike","floor":11},{"not_picked":["Steam","Stack","Rebound"],"picked":"SKIP","floor":14}],"player_experience":3240213,"relics_obtained":[{"floor":6,"key":"Art of War"},{"floor":9,"key":"Shuriken"}],"event_choices":[{"damage_healed":17,"gold_gain":0,"player_choice":"Healed","damage_taken":0,"max_hp_gain":0,"max_hp_loss":0,"event_name":"The Cleric","floor":4,"gold_loss":35},{"damage_healed":0,"gold_gain":0,"player_choice":"Ignored","damage_taken":0,"max_hp_gain":0,"max_hp_loss":0,"event_name":"Liars Game","floor":5,"gold_loss":0},{"cards_removed":["Strike_B"],"damage_healed":0,"gold_gain":0,"player_choice":"Card Removal","damage_taken":7,"max_hp_gain":0,"max_hp_loss":0,"event_name":"Golden Wing","floor":7,"gold_loss":0},{"damage_healed":0,"gold_gain":0,"cards_transformed":["Strike_B"],"player_choice":"Change","damage_taken":0,"max_hp_gain":0,"max_hp_loss":0,"event_name":"Living Wall","floor":10,"gold_loss":0,"cards_obtained":["Core Surge"]},{"damage_healed":0,"gold_gain":0,"player_choice":"Left Gold","damage_taken":0,"max_hp_gain":0,"max_hp_loss":0,"event_name":"World of Goop","floor":13,"gold_loss":58}],"is_beta":false,"boss_relics":[],"items_purged_floors":[],"is_endless":false,"potions_floor_spawned":[2,8],"killed_by":"Hexaghost","ascension_level":20}