{"gold_per_floor":[112,125,125,125,125,159,159,179,252,96,110,10,26,41,41,115,115,129,147,147,22,22,55,70,70,70,95,106,137,151,170,170,247,247,265,265,283,297,79,79,114,114,114,146,157,170,199,199,199,199,199,199,199,49,76,76],"floor_reached":57,"playtime":2161,"items_purged":["Strike_G","Strike_G","Skewer","Survivor"],"score":3543,"play_id":"a3e852c6-2348-48e5-a5cd-69a352dfeae8","local_time":"20181228155454","is_ascension_mode":true,"campfire_choices":[{"data":"Acrobatics","floor":7.0,"key":"SMITH"},{"data":"Flechettes","floor":15.0,"key":"SMITH"},{"data":"Well Laid Plans","floor":25.0,"key":"SMITH"},{"data":"Neutralize","floor":32.0,"key":"SMITH"},{"data":"Concentrate","floor":40.0,"key":"SMITH"},{"floor":42.0,"key":"RECALL"},{"data":"Reflex","floor":49.0,"key":"SMITH"},{"data":"Adrenaline","floor":53.0,"key":"SMITH"}],"neow_cost":"NONE","seed_source_timestamp":0,"circlet_count":0,"master_deck":["AscendersBane","Neutralize+1","Acrobatics+1","Well Laid Plans+1","Adrenaline","Flechettes+1","Acrobatics+1","Choke+1","Adrenaline","Adrenaline","Heel Hook","Heel Hook","Reflex+1","Tools of the Trade+1","Grand Finale","Concentrate+1","Adrenaline+1","Heel Hook"],"special_seed":0,"relics":["Ring of the Snake","NeowsBlessing","Anchor","Bottled Lightning","Letter Opener","Astrolabe","Regal Pillow","Frozen Egg 2","Sundial","Pen Nib","Pandora\u0027s Box","TheAbacus","Lantern","Bronze Scales","Ornamental Fan","Orichalcum"],"potions_floor_usage":[56],"damage_taken":[{"damage":0.0,"enemies":"2 Louse","floor":1.0,"turns":1.0},{"damage":0.0,"enemies":"Jaw Worm","floor":2.0,"turns":1.0},{"damage":0.0,"enemies":"Lagavulin","floor":6.0,"turns":1.0},{"damage":3.0,"enemies":"Cultist","floor":8.0,"turns":5.0},{"damage":5.0,"enemies":"Looter","floor":11.0,"turns":4.0},{"damage":0.0,"enemies":"Exordium Wildlife","floor":13.0,"turns":3.0},{"damage":0.0,"enemies":"Red Slaver","floor":14.0,"turns":3.0},{"damage":12.0,"enemies":"The Guardian","floor":16.0,"turns":14.0},{"damage":0.0,"enemies":"Spheric Guardian","floor":18.0,"turns":3.0},{"damage":0.0,"enemies":"Shell Parasite","floor":19.0,"turns":1.0},{"damage":0.0,"enemies":"Slavers","floor":23.0,"turns":2.0},{"damage":0.0,"enemies":"3 Cultists","floor":24.0,"turns":2.0},{"damage":0.0,"enemies":"Book of Stabbing","floor":27.0,"turns":2.0},{"damage":0.0,"enemies":"Cultist and Chosen","floor":28.0,"turns":2.0},{"damage":0.0,"enemies":"Gremlin Leader","floor":29.0,"turns":1.0},{"damage":0.0,"enemies":"Snecko","floor":30.0,"turns":2.0},{"damage":0.0,"enemies":"Shelled Parasite and Fungi","floor":31.0,"turns":1.0},{"damage":0.0,"enemies":"Collector","floor":33.0,"turns":2.0},{"damage":0.0,"enemies":"Orb Walker","floor":35.0,"turns":1.0},{"damage":0.0,"enemies":"3 Darklings","floor":37.0,"turns":1.0},{"damage":0.0,"enemies":"Maw","floor":38.0,"turns":1.0},{"damage":0.0,"enemies":"Reptomancer","floor":41.0,"turns":1.0},{"damage":0.0,"enemies":"Giant Head","floor":44.0,"turns":1.0},{"damage":0.0,"enemies":"Writhing Mass","floor":45.0,"turns":1.0},{"damage":0.0,"enemies":"4 Shapes","floor":46.0,"turns":1.0},{"damage":0.0,"enemies":"Nemesis","floor":47.0,"turns":1.0},{"damage":8.0,"enemies":"Time Eater","floor":50.0,"turns":4.0},{"damage":0.0,"enemies":"Awakened One","floor":51.0,"turns":2.0},{"damage":0.0,"enemies":"Shield and Spear","floor":55.0,"turns":1.0},{"damage":40,"enemies":"The Heart","floor":56,"turns":4}],"seed_played":"-4102001223923153968","potions_obtained":[{"floor":1.0,"key":"Fire Potion"},{"floor":11.0,"key":"Energy Potion"},{"floor":14.0,"key":"Fire Potion"},{"floor":16.0,"key":"GhostInAJar"},{"floor":18.0,"key":"SteroidPotion"},{"floor":27.0,"key":"Dexterity Potion"},{"floor":31.0,"key":"SteroidPotion"}],"is_trial":false,"path_per_floor":["M","M","?","?","E","R","M","T","$","M","$","M","M","R","M","M","$","?","E","M","R","T","M","M","M","R","B",null,"M","M","M","$","R","E","R","T","E","M","M","E","?","R","B","B",null,"R","$","E",null],"character_chosen":"THE_SILENT","items_purchased":["Adrenaline","TheAbacus"],"campfire_rested":0,"item_purchase_floors":[10,39],"current_hp_per_floor":[59,59,41,41,63,63,63,60,60,60,55,55,55,55,55,43,60,60,60,60,60,60,60,60,60,60,60,60,60,60,60,60,60,65,65,65,65,65,65,65,65,65,65,65,65,65,65,63,63,55,55,61,61,61,61,21],"gold":76,"neow_bonus":"THREE_ENEMY_KILL","is_prod":false,"is_daily":false,"chose_seed":false,"campfire_upgraded":7,"win_rate":0,"timestamp":1545983694,"path_taken":["M","M","?","?","?","E","R","M","T","$","M","?","M","M","R","BOSS","M","?","?","$","?","E","?","R","T","E","M","E","M","M","R","BOSS","M","?","M","?","?","R","E","R","T","E","M","M","E","?","R","BOSS","BOSS","R","$","E","BOSS"],"build_version":"2018-12-25","purchased_purges":4,"victory":true,"max_hp_per_floor":[66,66,66,66,66,66,66,66,66,66,66,66,66,66,66,66,66,66,66,66,66,66,66,66,66,66,66,66,66,66,66,66,66,66,66,66,66,66,66,66,66,66,66,66,66,66,66,63,63,63,63,63,63,63,63,63],"card_choices":[{"not_picked":["Flying Knee","Blade Dance"],"picked":"Acrobatics","floor":1.0},{"not_picked":["Expertise","Sucker Punch","Distraction"],"picked":"SKIP","floor":2.0},{"not_picked":["Flying Knee","Dodge and Roll"],"picked":"Well Laid Plans","floor":6.0},{"not_picked":["Leg Sweep","Slice","Deflect"],"picked":"SKIP","floor":8.0},{"not_picked":["Crippling Poison","Underhanded Strike","Leg Sweep"],"picked":"SKIP","floor":11.0},{"not_picked":["Crippling Poison","Underhanded Strike","Leg Sweep"],"picked":"SKIP","floor":11.0},{"not_picked":["Prepared","Footwork"],"picked":"Flechettes","floor":13.0},{"not_picked":["Dagger Throw","Acrobatics","Phantasmal Killer"],"picked":"SKIP","floor":14.0},{"not_picked":["Acrobatics","Poisoned Stab","Dodge and Roll+1"],"picked":"SKIP","floor":18.0},{"not_picked":["Catalyst","Predator","Backflip"],"picked":"SKIP","floor":19.0},{"not_picked":["Backflip","Infinite Blades","Sucker Punch"],"picked":"SKIP","floor":23.0},{"not_picked":["Prepared","Slice+1","Blade Dance+1"],"picked":"SKIP","floor":24.0},{"not_picked":["Prepared","Slice+1","Blade Dance+1"],"picked":"SKIP","floor":24.0},{"not_picked":["Caltrops+1","Slice","Cloak And Dagger"],"picked":"SKIP","floor":27.0},{"not_picked":["Reflex","Quick Slash"],"picked":"Heel Hook","floor":28.0},{"not_picked":["Setup","PiercingWail"],"picked":"Heel Hook","floor":29.0},{"not_picked":["Dagger Throw","Outmaneuver","Riddle With Holes"],"picked":"SKIP","floor":30.0},{"not_picked":["Flying Knee+1","Deflect","Eviscerate"],"picked":"SKIP","floor":31.0},{"not_picked":["Bane","Dagger Spray"],"picked":"Concentrate","floor":35.0},{"not_picked":["Blade Dance","Skewer","Infinite Blades+1"],"picked":"SKIP","floor":37.0},{"not_picked":["Sucker Punch","Caltrops+1","All Out Attack"],"picked":"SKIP","floor":38.0},{"not_picked":["Prepared","Corpse Explosion","Masterful Stab"],"picked":"SKIP","floor":41.0},{"not_picked":["Dagger Throw","Caltrops+1"],"picked":"Heel Hook","floor":44.0},{"not_picked":["Deadly Poison","Underhanded Strike","Caltrops+1"],"picked":"SKIP","floor":45.0},{"not_picked":["Prepared","Deadly Poison","Bane"],"picked":"SKIP","floor":46.0},{"not_picked":["Footwork+1","Deflect","Acrobatics"],"picked":"SKIP","floor":47.0},{"not_picked":["Phantasmal Killer","Die Die Die","Tools of the Trade+1"],"picked":"SKIP","floor":55.0}],"player_experience":1245763,"relics_obtained":[{"floor":6.0,"key":"Bottled Lightning"},{"floor":9.0,"key":"Letter Opener"},{"floor":23.0,"key":"Regal Pillow"},{"floor":26.0,"key":"Frozen Egg 2"},{"floor":27.0,"key":"Sundial"},{"floor":29.0,"key":"Pen Nib"},{"floor":41.0,"key":"Lantern"},{"floor":44.0,"key":"Bronze Scales"},{"floor":47.0,"key":"Ornamental Fan"},{"floor":55.0,"key":"Orichalcum"}],"event_choices":[{"damage_healed":0.0,"max_hp_gain":0.0,"max_hp_loss":0.0,"gold_gain":0.0,"event_name":"Scrap Ooze","player_choice":"Success","floor":3.0,"gold_loss":0.0,"damage_taken":18.0,"relics_obtained":["Anchor"]},{"damage_healed":0.0,"max_hp_gain":0.0,"max_hp_loss":0.0,"gold_gain":0.0,"event_name":"Liars Game","player_choice":"Ignored","floor":4.0,"gold_loss":0.0,"damage_taken":0.0},{"damage_healed":22.0,"max_hp_gain":0.0,"max_hp_loss":0.0,"gold_gain":0.0,"event_name":"Big Fish","player_choice":"Banana","floor":5.0,"gold_loss":0.0,"damage_taken":0.0},{"damage_healed":0.0,"max_hp_gain":0.0,"max_hp_loss":0.0,"gold_gain":0.0,"cards_transformed":["Bullet Time","Defend_G"],"event_name":"Drug Dealer","player_choice":"Became Test Subject","floor":20.0,"gold_loss":0.0,"damage_taken":0.0,"cards_obtained":["Adrenaline","Skewer"]},{"damage_healed":0.0,"max_hp_gain":0.0,"max_hp_loss":0.0,"gold_gain":0.0,"event_name":"Duplicator","player_choice":"Copied","floor":22.0,"gold_loss":0.0,"damage_taken":0.0,"cards_obtained":["Adrenaline"]},{"damage_healed":0.0,"max_hp_gain":0.0,"max_hp_loss":0.0,"gold_gain":0.0,"cards_transformed":["Dagger Throw"],"event_name":"Transmorgrifier","player_choice":"Transformed","floor":36.0,"gold_loss":0.0,"damage_taken":0.0,"cards_obtained":["Adrenaline"]},{"damage_healed":0.0,"max_hp_gain":0.0,"max_hp_loss":3.0,"gold_gain":0.0,"event_name":"Winding Halls","player_choice":"Max HP","floor":48.0,"gold_loss":0.0,"damage_taken":0.0}],"is_beta":true,"boss_relics":[{"not_picked":["Cursed Key","Ectoplasm"],"picked":"Astrolabe"},{"not_picked":["White Beast Statue","Calling Bell"],"picked":"Pandora\u0027s Box"}],"items_purged_floors":[10,12,21,54],"is_endless":false,"potions_floor_spawned":[1,11,14,16,18,27,31,33,45,47,55],"ascension_level":20}