{"gold_per_floor":[110,110,130,147,172,172,172,172,196,215,235,245,317,330,330,434,434,453,453,468,393,409,409,434,454,478,478,478,492,492,504,504,599,599,618,673,689,703,720,720,720,720,743,743,770,787,787,804,804,804],"floor_reached":51,"playtime":2290,"items_purged":["Strike_B"],"score":868,"play_id":"46f5263d-911e-457e-ba6a-da109f3e386e","local_time":"20190616121024","is_ascension_mode":false,"campfire_choices":[{"data":"Gash","floor":6.0,"key":"SMITH"},{"data":"Recycle","floor":8.0,"key":"SMITH"},{"data":"Blizzard","floor":15.0,"key":"SMITH"},{"data":"Skim","floor":23.0,"key":"SMITH"},{"data":"Hologram","floor":27,"key":"SMITH"},{"data":"Coolheaded","floor":30,"key":"SMITH"},{"data":"Hologram","floor":32,"key":"SMITH"},{"data":"Blizzard","floor":40,"key":"SMITH"},{"floor":44,"key":"REST"},{"floor":47,"key":"RECALL"},{"floor":49,"key":"REST"}],"neow_cost":"NONE","seed_source_timestamp":14419381776799,"circlet_count":0,"master_deck":["Strike_B+1","Strike_B+1","Strike_B+1","Defend_B+1","Defend_B+1","Defend_B+1","Zap+1","Dualcast+1","Glacier+1","Gash+1","Recycle+1","Blizzard+1","FTL+1","Skim+1","Fission+1","Self Repair+1","Hologram+1","Redo+1","Recycle+1","Coolheaded+1","Coolheaded+1","Recycle+1","Hologram+1","Coolheaded+1","Blizzard+1","Self Repair+1"],"special_seed":0,"relics":["Cracked Core","Strawberry","Pen Nib","Ancient Tea Set","Bag of Preparation","Shuriken","Sozu","Omamori","Centennial Puzzle","Cursed Key","Du-Vu Doll","Mark of the Bloom","Bronze Scales","Potion Belt"],"potions_floor_usage":[45],"damage_taken":[{"damage":1.0,"enemies":"Jaw Worm","floor":1.0,"turns":3.0},{"damage":0.0,"enemies":"2 Louse","floor":3.0,"turns":3.0},{"damage":0.0,"enemies":"Cultist","floor":4.0,"turns":3.0},{"damage":0.0,"enemies":"Gremlin Gang","floor":10.0,"turns":5.0},{"damage":5.0,"enemies":"Exordium Wildlife","floor":11.0,"turns":4.0},{"damage":3.0,"enemies":"2 Fungi Beasts","floor":12.0,"turns":3.0},{"damage":7.0,"enemies":"3 Louse","floor":14.0,"turns":2.0},{"damage":6.0,"enemies":"Slime Boss","floor":16.0,"turns":7.0},{"damage":12.0,"enemies":"Shell Parasite","floor":18.0,"turns":5.0},{"damage":8.0,"enemies":"3 Byrds","floor":20.0,"turns":4.0},{"damage":4.0,"enemies":"Snake Plant","floor":22.0,"turns":4.0},{"damage":64,"enemies":"Slavers","floor":24,"turns":8},{"damage":2,"enemies":"Snecko","floor":25,"turns":6},{"damage":4,"enemies":"Shelled Parasite and Fungi","floor":29,"turns":5},{"damage":0,"enemies":"Centurion and Healer","floor":31,"turns":3},{"damage":0,"enemies":"Champ","floor":33,"turns":7},{"damage":0,"enemies":"Orb Walker","floor":35,"turns":3},{"damage":10,"enemies":"2 Orb Walkers","floor":36,"turns":2},{"damage":0,"enemies":"3 Darklings","floor":37,"turns":2},{"damage":0,"enemies":"Jaw Worm Horde","floor":38,"turns":2},{"damage":0,"enemies":"Spire Growth","floor":39,"turns":4},{"damage":0,"enemies":"Reptomancer","floor":45,"turns":4},{"damage":0,"enemies":"Transient","floor":46,"turns":5},{"damage":0,"enemies":"Jaw Worm Horde","floor":48,"turns":3},{"damage":0,"enemies":"Awakened One","floor":50,"turns":8}],"seed_played":"3435611337014745008","potions_obtained":[{"floor":1.0,"key":"AttackPotion"},{"floor":3.0,"key":"FearPotion"},{"floor":12.0,"key":"SkillPotion"},{"floor":14.0,"key":"Swift Potion"}],"is_trial":false,"path_per_floor":["M","?","M","M","T","R","?","R","T","M","M","M","T","M","R","B",null,"M","?","M","$","M","R","E","M","T","R","?","M","R","M","R","B",null,"M","?","M","M","M","R","?","?","T","R","E","M","R","M","R","B",null],"character_chosen":"DEFECT","items_purchased":[],"campfire_rested":2,"item_purchase_floors":[],"current_hp_per_floor":[81,74,74,74,74,74,71,71,71,71,66,63,63,56,56,50,82,70,70,72,72,78,78,24,32,32,32,32,38,38,48,48,58,82,82,82,82,82,82,82,82,82,82,82,82,82,82,82,82,82],"gold":804,"neow_bonus":"RANDOM_COMMON_RELIC","is_prod":false,"is_daily":false,"chose_seed":false,"campfire_upgraded":8,"win_rate":0,"timestamp":1560658224,"path_taken":["M","?","M","M","?","R","?","R","T","M","M","?","?","M","R","BOSS","M","?","?","$","M","R","E","?","T","R","?","M","R","M","R","BOSS","M","?","M","M","M","R","?","?","T","R","E","M","R","M","R","BOSS"],"build_version":"2019-01-23","purchased_purges":1,"victory":true,"max_hp_per_floor":[82,82,82,82,82,82,82,82,82,82,82,82,82,82,82,82,82,82,82,82,82,82,82,82,82,82,82,82,82,82,82,82,82,82,82,82,82,82,82,82,82,82,82,82,82,82,82,82,82,82],"card_choices":[{"not_picked":["Steam Power","Static Discharge"],"picked":"Glacier","floor":1.0},{"not_picked":["Steam","White Noise"],"picked":"Gash","floor":3.0},{"not_picked":["Coolheaded","Compile Driver"],"picked":"Recycle","floor":4.0},{"not_picked":["Steam Power","Capacitor"],"picked":"Blizzard","floor":10.0},{"not_picked":["Ball Lightning","Compile Driver"],"picked":"FTL","floor":11.0},{"not_picked":["Static Discharge","Glacier"],"picked":"Skim","floor":12.0},{"not_picked":["Heatsinks","Streamline","Barrage"],"picked":"SKIP","floor":14.0},{"not_picked":["Creative AI","Hyperbeam"],"picked":"Fission","floor":16.0},{"not_picked":["Conserve Battery","Cold Snap"],"picked":"Self Repair+1","floor":18.0},{"not_picked":["Turbo","Conserve Battery+1"],"picked":"Hologram","floor":20.0},{"not_picked":["Leap","Streamline"],"picked":"Redo+1","floor":22.0},{"not_picked":["Steam","Creative AI"],"picked":"Recycle+1","floor":24},{"not_picked":["Barrage","Streamline"],"picked":"Coolheaded+1","floor":25},{"not_picked":["Ball Lightning+1","Beam Cell+1"],"picked":"Recycle+1","floor":29},{"not_picked":["Hologram","Cold Snap","Darkness"],"picked":"SKIP","floor":31},{"not_picked":["Cold Snap","Darkness"],"picked":"Hologram","floor":31},{"not_picked":["Ball Lightning+1","Redo"],"picked":"Coolheaded+1","floor":35},{"not_picked":["Blizzard","Conserve Battery+1","Scrape"],"picked":"SKIP","floor":37},{"not_picked":["Conserve Battery+1","Scrape"],"picked":"Blizzard","floor":37},{"not_picked":["Conserve Battery","Chaos+1"],"picked":"Self Repair","floor":38},{"not_picked":["Meteor Strike","Consume","Redo"],"picked":"SKIP","floor":39},{"not_picked":["Cold Snap+1","Go for the Eyes+1","Force Field+1"],"picked":"SKIP","floor":45},{"not_picked":["Storm+1","Beam Cell+1","Compile Driver+1"],"picked":"SKIP","floor":46},{"not_picked":["Auto Shields+1","Barrage","Heatsinks"],"picked":"SKIP","floor":48}],"player_experience":5295385,"relics_obtained":[{"floor":5.0,"key":"Pen Nib"},{"floor":9.0,"key":"Bag of Preparation"},{"floor":13.0,"key":"Shuriken"},{"floor":24,"key":"Omamori"},{"floor":26,"key":"Centennial Puzzle"},{"floor":36,"key":"Du-Vu Doll"},{"floor":43,"key":"Bronze Scales"},{"floor":45,"key":"Potion Belt"}],"event_choices":[{"cards_removed":["Defend_B"],"damage_healed":0.0,"max_hp_gain":0.0,"max_hp_loss":0.0,"gold_gain":0.0,"event_name":"Golden Wing","player_choice":"Card Removal","floor":2.0,"gold_loss":0.0,"damage_taken":7.0},{"damage_healed":0.0,"max_hp_gain":0.0,"max_hp_loss":0.0,"gold_gain":0.0,"event_name":"Scrap Ooze","player_choice":"Success","floor":7.0,"gold_loss":0.0,"damage_taken":3.0,"relics_obtained":["Ancient Tea Set"]},{"damage_healed":0.0,"max_hp_gain":0.0,"max_hp_loss":0.0,"gold_gain":0.0,"event_name":"NoteForYourself","player_choice":"Ignored","floor":19.0,"gold_loss":0.0,"damage_taken":0.0},{"damage_healed":0,"gold_gain":0,"player_choice":"Read","damage_taken":0,"max_hp_gain":0,"max_hp_loss":0,"event_name":"The Library","floor":28,"gold_loss":0,"cards_obtained":["Coolheaded"]},{"damage_healed":0,"gold_gain":0,"player_choice":"Fight","damage_taken":0,"max_hp_gain":0,"max_hp_loss":0,"event_name":"Mysterious Sphere","floor":36,"gold_loss":0},{"damage_healed":21,"gold_gain":0,"player_choice":"Writhe","damage_taken":0,"max_hp_gain":0,"max_hp_loss":0,"event_name":"Winding Halls","floor":41,"gold_loss":0,"cards_obtained":["Writhe"]},{"damage_healed":0,"gold_gain":0,"player_choice":"Upgrade","damage_taken":0,"relics_obtained":["Mark of the Bloom"],"max_hp_gain":0,"max_hp_loss":0,"event_name":"MindBloom","floor":42,"gold_loss":0,"cards_upgraded":["Strike_B","Strike_B","Strike_B","Defend_B","Defend_B","Defend_B","Zap","Dualcast","Glacier","FTL","Fission","Self Repair"]}],"is_beta":false,"boss_relics":[{"not_picked":["Fusion Hammer","FrozenCore"],"picked":"Sozu"},{"not_picked":["Busted Crown","Eternal Feather"],"picked":"Cursed Key"}],"items_purged_floors":[21],"is_endless":false,"potions_floor_spawned":[1,3,12,14,18,22,29,31,35,36,46],"ascension_level":0}