{"gold_per_floor":[116,133,151,167,185,185,210,210,235,235,262,276,179,179,179,256,256,272,272,299,299,313,313],"floor_reached":23,"playtime":1331,"items_purged":["Strike_R"],"score":396,"play_id":"f18eac2d-1f7e-47cc-a9d8-f9e6f4061327","local_time":"20190804185517","is_ascension_mode":true,"campfire_choices":[{"data":"True Grit","floor":6.0,"key":"SMITH"},{"data":"Body Slam","floor":8.0,"key":"SMITH"},{"data":"Body Slam","floor":15.0,"key":"SMITH"}],"neow_cost":"NONE","seed_source_timestamp":12781299088384,"circlet_count":0,"master_deck":["AscendersBane","Defend_R","Defend_R","Defend_R","Bash","Impervious","Body Slam+1","True Grit+1","Ghostly Armor","Warcry","Dual Wield","Offering","Warcry","Body Slam+1","Dark Embrace","Spot Weakness+1","Heavy Blade+1","Disarm+1","Infernal Blade+1","Demon Form"],"special_seed":0,"relics":["Burning Blood","Bird Faced Urn","PreservedInsect","Regal Pillow","Astrolabe","Nilry\u0027s Codex","Red Mask"],"potions_floor_usage":[20],"damage_taken":[{"damage":6.0,"enemies":"Cultist","floor":1.0,"turns":3.0},{"damage":2.0,"enemies":"2 Louse","floor":2.0,"turns":3.0},{"damage":5.0,"enemies":"Small Slimes","floor":3.0,"turns":4.0},{"damage":15.0,"enemies":"Red Slaver","floor":4.0,"turns":5.0},{"damage":13.0,"enemies":"Blue Slaver","floor":5.0,"turns":7.0},{"damage":41.0,"enemies":"3 Sentries","floor":7.0,"turns":12.0},{"damage":0.0,"enemies":"Lagavulin","floor":11.0,"turns":3.0},{"damage":9.0,"enemies":"Large Slime","floor":12.0,"turns":5.0},{"damage":29.0,"enemies":"The Guardian","floor":16.0,"turns":8.0},{"damage":0.0,"enemies":"Spheric Guardian","floor":18.0,"turns":1.0},{"damage":48,"enemies":"Masked Bandits","floor":20,"turns":4},{"damage":6,"enemies":"3 Byrds","floor":22,"turns":5},{"damage":20,"enemies":"Book of Stabbing","floor":23,"turns":4}],"seed_played":"-8257593576723827656","potions_obtained":[{"floor":1.0,"key":"Weak Potion"},{"floor":3.0,"key":"FearPotion"},{"floor":16.0,"key":"Regen Potion"},{"floor":20,"key":"Dexterity Potion"}],"is_trial":false,"path_per_floor":["M","M","M","M","M","R","E","R","T","T","E","M","$","?","R","B",null,"M","?","?","?","M","E"],"character_chosen":"IRONCLAD","items_purchased":["Body Slam"],"campfire_rested":0,"item_purchase_floors":[13],"current_hp_per_floor":[68,72,73,64,57,57,22,22,22,22,28,25,25,50,50,27,63,69,48,15,15,15,0],"gold":313,"neow_bonus":"TRANSFORM_CARD","is_prod":false,"is_daily":false,"chose_seed":false,"campfire_upgraded":3,"win_rate":0,"timestamp":1564959317,"path_taken":["M","M","?","?","M","R","E","R","T","?","E","M","$","?","R","BOSS","M","?","?","?","M","E"],"build_version":"2019-07-17","purchased_purges":1,"victory":false,"max_hp_per_floor":[75,75,75,75,75,75,75,75,75,75,75,75,75,75,75,75,75,75,75,75,75,75,75],"card_choices":[{"not_picked":["Power Through","Armaments"],"picked":"Body Slam","floor":1.0},{"not_picked":["Warcry","Anger"],"picked":"True Grit","floor":2.0},{"not_picked":["Infernal Blade","True Grit"],"picked":"Ghostly Armor","floor":3.0},{"not_picked":["Havoc","Sword Boomerang"],"picked":"Warcry","floor":4.0},{"not_picked":["Flex","True Grit","Sword Boomerang"],"picked":"SKIP","floor":5.0},{"not_picked":["Feel No Pain","Cleave"],"picked":"Dual Wield","floor":7.0},{"not_picked":["Headbutt","Double Tap"],"picked":"Offering","floor":11.0},{"not_picked":["Flex","Pommel Strike"],"picked":"Warcry","floor":12.0},{"not_picked":["Berserk","Double Tap"],"picked":"Dark Embrace","floor":16.0},{"not_picked":["Warcry","True Grit","Power Through"],"picked":"SKIP","floor":18.0},{"not_picked":["Warcry","Entrench"],"picked":"Infernal Blade+1","floor":20},{"not_picked":["Havoc","Twin Strike"],"picked":"Demon Form","floor":22}],"player_experience":471119,"relics_obtained":[{"floor":7.0,"key":"Bird Faced Urn"},{"floor":9.0,"key":"PreservedInsect"},{"floor":11.0,"key":"Regal Pillow"},{"floor":19.0,"key":"Nilry\u0027s Codex"},{"floor":20,"key":"Red Mask"}],"event_choices":[{"damage_healed":25.0,"max_hp_gain":0.0,"max_hp_loss":0.0,"gold_gain":0.0,"event_name":"Big Fish","player_choice":"Banana","floor":14.0,"gold_loss":0.0,"damage_taken":0.0},{"damage_healed":0.0,"max_hp_gain":0.0,"max_hp_loss":0.0,"gold_gain":0.0,"event_name":"Cursed Tome","player_choice":"Obtained Book","floor":19.0,"gold_loss":0.0,"damage_taken":21.0},{"damage_healed":0,"gold_gain":0,"player_choice":"Fought Bandits","damage_taken":0,"max_hp_gain":0,"max_hp_loss":0,"event_name":"Masked Bandits","floor":20,"gold_loss":0},{"cards_removed":["Defend_R"],"damage_healed":0,"gold_gain":0,"player_choice":"Purged","damage_taken":0,"max_hp_gain":0,"max_hp_loss":0,"event_name":"Purifier","floor":21,"gold_loss":0}],"is_beta":false,"boss_relics":[{"not_picked":["Eternal Feather","Mark of Pain"],"picked":"Astrolabe"}],"items_purged_floors":[13],"is_endless":false,"potions_floor_spawned":[1,3,7,16,20],"killed_by":"Book of Stabbing","ascension_level":15}