{"gold_per_floor":[116,116,41,41,16,16,56,72,72,110,148,29,29,50,50,176,176,192,230,155,171,27,65,65,101,178,178,178,277,277,293,293,417,417,437,456,474,374,474,474,474,474,521,29,43,64,64,105,105,105],"floor_reached":51,"playtime":1841,"items_purged":["Strike_B","Defend_B","Defend_B","Strike_B"],"score":1008,"play_id":"6d7ca2fa-ffef-4d72-8eb8-043fe524577c","local_time":"20180919171236","is_ascension_mode":true,"campfire_choices":[{"data":"Streamline","floor":6.0,"key":"SMITH"},{"data":"Zap","floor":13.0,"key":"SMITH"},{"data":"FTL","floor":15.0,"key":"SMITH"},{"data":"FTL","floor":24.0,"key":"SMITH"},{"data":"Hologram","floor":27.0,"key":"SMITH"},{"data":"Hologram","floor":30.0,"key":"SMITH"},{"data":"Go for the Eyes","floor":32.0,"key":"SMITH"},{"data":"Gash","floor":40.0,"key":"SMITH"},{"data":"Seek","floor":49.0,"key":"SMITH"}],"neow_cost":"NONE","seed_source_timestamp":105520562263404,"circlet_count":0,"master_deck":["Zap+1","FTL+1","Streamline+1","Gash+1","Hologram+1","Leap","Self Repair","All For One","Hologram+1","Seek+1","Go for the Eyes+1","FTL+1"],"special_seed":0,"relics":["Cracked Core","Happy Flower","Golden Idol","Ornamental Fan","Pear","Kunai","Odd Mushroom","The Courier","Empty Cage","Red Mask","Oddly Smooth Stone","Singing Bowl","Bottled Flame","Coffee Dripper","Strawberry","TheAbacus","Molten Egg 2","StoneCalendar"],"potions_floor_usage":[50,50,50,50,50],"damage_taken":[{"damage":0.0,"enemies":"Cultist","floor":1.0,"turns":3.0},{"damage":16.0,"enemies":"Lagavulin","floor":7.0,"turns":6.0},{"damage":1.0,"enemies":"Jaw Worm","floor":8.0,"turns":2.0},{"damage":11.0,"enemies":"The Mushroom Lair","floor":10.0,"turns":4.0},{"damage":0.0,"enemies":"Gremlin Nob","floor":11.0,"turns":3.0},{"damage":3.0,"enemies":"2 Louse","floor":14.0,"turns":2.0},{"damage":47.0,"enemies":"The Guardian","floor":16.0,"turns":9.0},{"damage":11.0,"enemies":"2 Thieves","floor":18.0,"turns":3.0},{"damage":3.0,"enemies":"Masked Bandits","floor":19.0,"turns":5.0},{"damage":4.0,"enemies":"Shell Parasite","floor":21.0,"turns":4.0},{"damage":28.0,"enemies":"Book of Stabbing","floor":23.0,"turns":6.0},{"damage":6.0,"enemies":"Slavers","floor":25.0,"turns":4.0},{"damage":0.0,"enemies":"Shelled Parasite and Fungi","floor":31.0,"turns":4.0},{"damage":0.0,"enemies":"Automaton","floor":33.0,"turns":8.0},{"damage":0.0,"enemies":"3 Darklings","floor":35.0,"turns":5.0},{"damage":0.0,"enemies":"3 Shapes","floor":36.0,"turns":3.0},{"damage":10.0,"enemies":"Maw","floor":37.0,"turns":6.0},{"damage":1.0,"enemies":"Sphere and 2 Shapes","floor":45.0,"turns":4.0},{"damage":0.0,"enemies":"Reptomancer","floor":46.0,"turns":4.0},{"damage":0.0,"enemies":"Giant Head","floor":48.0,"turns":6.0},{"damage":0,"enemies":"Time Eater","floor":50,"turns":7}],"seed_played":"3519485519818325699","potions_obtained":[{"floor":1.0,"key":"Regen Potion"},{"floor":10.0,"key":"SkillPotion"},{"floor":14.0,"key":"Regen Potion"},{"floor":19.0,"key":"SkillPotion"},{"floor":21.0,"key":"Energy Potion"},{"floor":28.0,"key":"Explosive Potion"},{"floor":28.0,"key":"SteroidPotion"},{"floor":28.0,"key":"Fire Potion"},{"floor":36.0,"key":"LiquidBronze"},{"floor":48.0,"key":"EntropicBrew"}],"is_trial":false,"path_per_floor":["M","?","$","?","$","R","E","M","T","?","E","$","R","M","R","B",null,"M","?","?","M","$","E","R","E","T","R","?","?","R","M","R","B",null,"M","M","M","$","?","R","?","?","T","$","M","M","?","E","R","B"],"character_chosen":"DEFECT","items_purchased":["Streamline","All For One","FTL","TheAbacus","Molten Egg 2"],"campfire_rested":0,"item_purchase_floors":[5,12,22,44,44],"current_hp_per_floor":[75,57,57,39,39,39,47,46,46,35,35,35,35,39,39,8,85,81,85,85,85,85,64,64,67,67,67,67,67,67,76,76,85,91,93,95,94,94,94,94,96,96,103,103,108,110,110,112,112,112],"gold":105,"neow_bonus":"RANDOM_COMMON_RELIC","is_prod":false,"is_daily":false,"chose_seed":false,"campfire_upgraded":9,"win_rate":1,"timestamp":1537348356,"path_taken":["M","?","?","?","?","R","E","?","T","?","E","$","R","M","R","BOSS","M","?","?","?","$","E","R","E","T","R","?","?","R","M","R","BOSS","M","M","M","$","?","R","?","?","T","$","?","M","?","E","R","BOSS"],"build_version":"2018-09-06","purchased_purges":4,"victory":true,"max_hp_per_floor":[75,75,75,75,75,75,85,85,85,85,85,85,85,85,85,85,85,85,85,85,85,85,85,85,87,87,87,87,87,87,89,89,91,91,93,95,97,97,97,97,99,99,106,106,108,110,110,112,112,112],"card_choices":[{"not_picked":["Steam","Beam Cell"],"picked":"FTL","floor":1.0},{"not_picked":["Seek","Rebound"],"picked":"Gash","floor":7.0},{"not_picked":["Stack","Rip and Tear"],"picked":"Hologram","floor":8.0},{"not_picked":["Barrage","Storm"],"picked":"Leap","floor":10.0},{"not_picked":["Consume","Hello World"],"picked":"Self Repair","floor":11.0},{"not_picked":["Static Discharge","Barrage","Hologram"],"picked":"SKIP","floor":14.0},{"not_picked":["Static Discharge","Barrage"],"picked":"Hologram","floor":14.0},{"not_picked":["Fission","Multi-Cast"],"picked":"Seek","floor":16.0},{"not_picked":["Consume","Streamline+1"],"picked":"Go for the Eyes","floor":18.0},{"not_picked":["Coolheaded","Cold Snap+1","Leap"],"picked":"SKIP","floor":21.0},{"not_picked":["Redo+1","White Noise+1","Echo Form"],"picked":"SKIP","floor":23.0},{"not_picked":["Cold Snap+1","Tempest","Conserve Battery"],"picked":"Singing Bowl","floor":25.0},{"not_picked":["Glacier","Compile Driver","Fusion"],"picked":"Singing Bowl","floor":31.0},{"not_picked":["All For One","Amplify","Machine Learning"],"picked":"Singing Bowl","floor":33.0},{"not_picked":["Streamline","Tempest+1","Go for the Eyes+1"],"picked":"Singing Bowl","floor":35.0},{"not_picked":["Redo","Glacier+1","Cold Snap"],"picked":"Singing Bowl","floor":36.0},{"not_picked":["Reprogram+1","Compile Driver+1","Genetic Algorithm+1"],"picked":"Singing Bowl","floor":37.0},{"not_picked":["Purity","Enlightenment","Impatience"],"picked":"Singing Bowl","floor":41.0},{"not_picked":["Aggregate+1","Loop+1","Self Repair"],"picked":"Singing Bowl","floor":45.0},{"not_picked":["Static Discharge+1","Stack+1","Tempest"],"picked":"Singing Bowl","floor":46.0},{"not_picked":["Coolheaded","Skim+1","White Noise"],"picked":"Singing Bowl","floor":48.0}],"player_experience":27456,"relics_obtained":[{"floor":7.0,"key":"Pear"},{"floor":9.0,"key":"Kunai"},{"floor":10.0,"key":"Odd Mushroom"},{"floor":11.0,"key":"The Courier"},{"floor":19.0,"key":"Red Mask"},{"floor":23.0,"key":"Oddly Smooth Stone"},{"floor":25.0,"key":"Singing Bowl"},{"floor":26.0,"key":"Bottled Flame"},{"floor":43.0,"key":"Strawberry"},{"floor":48.0,"key":"StoneCalendar"}],"event_choices":[{"event_name":"Golden Idol","player_choice":"Take Damage","floor":2.0,"damage_taken":0.0},{"event_name":"Scrap Ooze","player_choice":"success","floor":4.0,"damage_taken":18.0},{"event_name":"Mushrooms","player_choice":"Fought Mushrooms","floor":10.0,"damage_taken":0.0},{"event_name":"Masked Bandits","player_choice":"Fought Bandits","floor":19.0,"damage_taken":0.0},{"event_name":"Beggar","player_choice":"Gave Gold","floor":20.0,"damage_taken":0.0},{"event_name":"The Lab","player_choice":"Got Potions","floor":28.0,"damage_taken":0.0},{"event_name":"Nest","player_choice":"Stole From Cult","floor":29.0,"damage_taken":0.0},{"event_name":"Golden Shrine","player_choice":"Pray","floor":39.0,"damage_taken":0.0},{"event_name":"SensoryStone","player_choice":"Memory 1","floor":41.0,"damage_taken":0.0},{"event_name":"Falling","player_choice":"Removed Skill","floor":42.0,"damage_taken":0.0},{"event_name":"Bonfire Elementals","player_choice":"BASIC","floor":47.0,"damage_taken":0.0}],"is_beta":false,"boss_relics":[{"not_picked":["FrozenCore","Runic Dome"],"picked":"Empty Cage"},{"not_picked":["Nuclear Battery","Calling Bell"],"picked":"Coffee Dripper"}],"items_purged_floors":[3,22,38,44],"is_endless":false,"potions_floor_spawned":[1,10,14,19,21,31,36,37,48],"ascension_level":1}