{"gold_per_floor":[118,118,135,36,36,64,64,64],"floor_reached":8,"playtime":159,"items_purged":[],"score":158,"play_id":"f99bc8dd-18c6-4cce-b695-ab69d8fc9985","local_time":"20190113205126","is_ascension_mode":true,"campfire_choices":[],"neow_cost":"NONE","seed_source_timestamp":13714660585658,"circlet_count":0,"master_deck":["AscendersBane","Defend_G","Defend_G","Defend_G","Defend_G","Defend_G","Strike_G","Strike_G","Strike_G","Strike_G","Strike_G","Survivor","Neutralize+1","Concentrate","Calculated Gamble","Deep Breath"],"special_seed":0,"relics":["Ring of the Snake","NeowsBlessing","Juzu Bracelet","Frozen Egg 2"],"potions_floor_usage":[],"damage_taken":[{"damage":0,"enemies":"Small Slimes","floor":1,"turns":1},{"damage":0,"enemies":"Cultist","floor":3,"turns":1},{"damage":0,"enemies":"Lagavulin","floor":6,"turns":1},{"damage":51,"enemies":"3 Sentries","floor":8,"turns":11}],"seed_played":"-8775359855269231006","potions_obtained":[],"is_trial":false,"path_per_floor":["M","?","M","$","?","E","?","E"],"character_chosen":"THE_SILENT","items_purchased":["Deep Breath"],"campfire_rested":0,"item_purchase_floors":[4],"current_hp_per_floor":[59,59,59,59,59,59,54,3],"gold":64,"neow_bonus":"THREE_ENEMY_KILL","is_prod":false,"is_daily":false,"chose_seed":false,"campfire_upgraded":0,"win_rate":0,"timestamp":1547383886,"path_taken":["M","?","?","$","?","E","?","E"],"build_version":"2019-01-10","purchased_purges":0,"victory":false,"max_hp_per_floor":[66,66,66,66,66,66,66,66],"card_choices":[{"not_picked":["Sucker Punch","Setup"],"picked":"Concentrate","floor":1},{"not_picked":["Underhanded Strike","Riddle With Holes"],"picked":"Calculated Gamble","floor":3},{"not_picked":["Dagger Spray","Leg Sweep","Cloak And Dagger"],"picked":"SKIP","floor":6}],"player_experience":1269765,"relics_obtained":[{"floor":6,"key":"Juzu Bracelet"}],"event_choices":[{"damage_healed":0,"gold_gain":0,"player_choice":"Upgraded","damage_taken":0,"max_hp_gain":0,"max_hp_loss":0,"event_name":"Upgrade Shrine","floor":2,"gold_loss":0,"cards_upgraded":["Neutralize"]},{"damage_healed":0,"gold_gain":0,"player_choice":"Ignored","damage_taken":0,"max_hp_gain":0,"max_hp_loss":0,"event_name":"Liars Game","floor":5,"gold_loss":0},{"damage_healed":0,"gold_gain":0,"player_choice":"Success","damage_taken":5,"relics_obtained":["Frozen Egg 2"],"max_hp_gain":0,"max_hp_loss":0,"event_name":"Scrap Ooze","floor":7,"gold_loss":0}],"is_beta":true,"boss_relics":[],"items_purged_floors":[],"is_endless":false,"potions_floor_spawned":[],"killed_by":"3 Sentries","ascension_level":20}