{"gold_per_floor":[114,114,130,130,142,142,17,36,36,55,55,68,94,151,151,223,223,234,7,24,24,24,24,24],"floor_reached":24,"playtime":684,"items_purged":["Strike_G"],"score":492,"play_id":"34d49f10-3dfe-446a-a2bf-08009886f451","local_time":"20190127225138","is_ascension_mode":true,"campfire_choices":[{"data":"All Out Attack","floor":6.0,"key":"SMITH"},{"data":"All Out Attack","floor":11.0,"key":"SMITH"},{"data":"Well Laid Plans","floor":15.0,"key":"SMITH"},{"data":"Bullet Time","floor":23,"key":"SMITH"}],"neow_cost":"NONE","seed_source_timestamp":40058131661845,"circlet_count":0,"master_deck":["AscendersBane","Defend_G","Defend_G","Defend_G","Defend_G","Defend_G+1","Strike_G+1","Survivor","Neutralize","Footwork","All Out Attack+1","All Out Attack+1","Well Laid Plans+1","Phantasmal Killer","Bullet Time+1","Cloak And Dagger+1","Tools of the Trade+1","Corpse Explosion+1","Blur"],"special_seed":0,"relics":["Ring of the Snake","Question Card","Bottled Tornado","FossilizedHelix","Astrolabe","PrismaticShard","Nloth\u0027s Gift"],"potions_floor_usage":[],"damage_taken":[{"damage":0.0,"enemies":"Small Slimes","floor":1.0,"turns":1.0},{"damage":0.0,"enemies":"2 Louse","floor":3.0,"turns":1.0},{"damage":0.0,"enemies":"Jaw Worm","floor":5.0,"turns":1.0},{"damage":2.0,"enemies":"Gremlin Gang","floor":8.0,"turns":2.0},{"damage":0.0,"enemies":"3 Louse","floor":10.0,"turns":3.0},{"damage":8.0,"enemies":"Large Slime","floor":12.0,"turns":9.0},{"damage":6.0,"enemies":"Lagavulin","floor":13.0,"turns":5.0},{"damage":0.0,"enemies":"3 Sentries","floor":14.0,"turns":5.0},{"damage":0.0,"enemies":"Slime Boss","floor":16.0,"turns":6.0},{"damage":15.0,"enemies":"3 Byrds","floor":18.0,"turns":3.0},{"damage":0.0,"enemies":"2 Thieves","floor":20.0,"turns":3.0},{"damage":43,"enemies":"Book of Stabbing","floor":24,"turns":5}],"seed_played":"-697405699248512914","potions_obtained":[{"floor":1.0,"key":"Ancient Potion"},{"floor":10.0,"key":"SteroidPotion"},{"floor":13.0,"key":"FearPotion"},{"floor":20.0,"key":"Explosive Potion"}],"is_trial":false,"path_per_floor":["M","?","M","?","M","R","$","M","T","M","R","M","E","?","R","B",null,"M","$","M","?","?","R","E"],"character_chosen":"THE_SILENT","items_purchased":["Outmaneuver","PrismaticShard"],"campfire_rested":0,"item_purchase_floors":[7,19],"current_hp_per_floor":[59,39,39,32,32,32,32,30,30,30,30,22,16,16,16,16,54,39,39,39,39,39,39,0],"gold":24,"neow_bonus":"THREE_ENEMY_KILL","is_prod":false,"is_daily":false,"chose_seed":false,"campfire_upgraded":4,"win_rate":0,"timestamp":1548600698,"path_taken":["M","?","M","?","?","R","$","?","T","M","R","M","E","?","R","BOSS","M","$","M","?","?","R","E"],"build_version":"2019-01-23","purchased_purges":1,"victory":false,"max_hp_per_floor":[66,66,66,66,66,66,66,66,66,66,66,66,66,66,66,66,66,66,66,66,66,66,66,66],"card_choices":[{"not_picked":["Caltrops","Outmaneuver","Dagger Spray"],"picked":"SKIP","floor":1.0},{"not_picked":["Poisoned Stab","Bouncing Flask"],"picked":"Footwork","floor":3.0},{"not_picked":["Cloak And Dagger","Outmaneuver"],"picked":"All Out Attack","floor":5.0},{"not_picked":["Backstab","PiercingWail","Sucker Punch"],"picked":"SKIP","floor":8.0},{"not_picked":["Deflect","Poisoned Stab","Flying Knee"],"picked":"All Out Attack","floor":10.0},{"not_picked":["Deadly Poison","Bouncing Flask","Heel Hook"],"picked":"Well Laid Plans","floor":12.0},{"not_picked":["Catalyst","Blade Dance","Slice"],"picked":"Phantasmal Killer","floor":13.0},{"not_picked":["Corpse Explosion","Storm of Steel","Burst"],"picked":"Bullet Time","floor":16.0},{"not_picked":["Footwork","Infinite Blades","Slice+1"],"picked":"Blur","floor":18.0},{"not_picked":["Heel Hook","Capacitor","Swift Strike+1","Cloak And Dagger"],"picked":"SKIP","floor":20.0}],"player_experience":1364494,"relics_obtained":[{"floor":9.0,"key":"Question Card"},{"floor":13.0,"key":"Bottled Tornado"}],"event_choices":[{"damage_healed":0.0,"max_hp_gain":0.0,"max_hp_loss":0.0,"gold_gain":0.0,"event_name":"Shining Light","player_choice":"Entered Light","floor":2.0,"gold_loss":0.0,"damage_taken":20.0,"cards_upgraded":["Defend_G","Strike_G"]},{"cards_removed":["Strike_G"],"damage_healed":0.0,"max_hp_gain":0.0,"max_hp_loss":0.0,"gold_gain":0.0,"event_name":"Golden Wing","player_choice":"Card Removal","floor":4.0,"gold_loss":0.0,"damage_taken":7.0},{"damage_healed":0.0,"max_hp_gain":0.0,"max_hp_loss":0.0,"gold_gain":0.0,"event_name":"Dead Adventurer","player_choice":"Searched \u00272\u0027 times","floor":14.0,"gold_loss":0.0,"damage_taken":0.0,"relics_obtained":["FossilizedHelix"]},{"damage_healed":0,"gold_gain":0,"player_choice":"Ignored","damage_taken":0,"max_hp_gain":0,"max_hp_loss":0,"event_name":"The Mausoleum","floor":21,"gold_loss":0},{"damage_healed":0,"gold_gain":0,"player_choice":"Traded Relic","damage_taken":0,"relics_obtained":["Nloth\u0027s Gift"],"max_hp_gain":0,"max_hp_loss":0,"event_name":"N\u0027loth","floor":22,"relics_lost":["NeowsBlessing"],"gold_loss":0}],"is_beta":true,"boss_relics":[{"not_picked":["Cursed Key","Tiny House"],"picked":"Astrolabe"}],"items_purged_floors":[7],"is_endless":false,"potions_floor_spawned":[1,10,12,13,20],"killed_by":"Book of Stabbing","ascension_level":20}