{"gold_per_floor":[119,119,6,19,33,33,53,53,53,81,81,33,59,71,71,146,146,159,178,278,297,7,7,7,7,7,27,38,50,77,0,0,78,78,91,91,25,0,17,17,52,52,52,52,63,63],"floor_reached":46,"playtime":2527,"items_purged":["Strike_G","Strike_G"],"score":880,"play_id":"cea6b30c-98b7-4a47-9c89-bd81b01bea7f","local_time":"20190314041714","is_ascension_mode":true,"campfire_choices":[{"data":"Predator","floor":6.0,"key":"SMITH"},{"data":"Noxious Fumes","floor":8.0,"key":"SMITH"},{"data":"Acrobatics","floor":15.0,"key":"SMITH"},{"floor":23.0,"key":"REST"},{"data":"Prepared","floor":25.0,"key":"SMITH"},{"data":"Well Laid Plans","floor":32.0,"key":"SMITH"},{"data":"Backflip","floor":40.0,"key":"SMITH"},{"floor":44.0,"key":"REST"}],"neow_cost":"NONE","seed_source_timestamp":6769193856636,"circlet_count":0,"master_deck":["AscendersBane","Defend_G","Defend_G","Defend_G","Defend_G","Defend_G","Strike_G","Strike_G+1","Survivor","Neutralize","Caltrops","Footwork","Predator+1","Acrobatics+1","Noxious Fumes+1","Prepared+1","Bane","Backflip+1","After Image","Well Laid Plans+1","Tactician+1","Catalyst+1","Bouncing Flask+1","Night Terror+1","Panacea+1","PiercingWail+1"],"special_seed":0,"relics":["Runic Dome","FaceOfCleric","Anchor","Pantograph","The Courier","Orrery","Pocketwatch","Letter Opener","Toxic Egg 2","Frozen Egg 2","WingedGreaves","Busted Crown","Red Mask","Happy Flower"],"potions_floor_usage":[46],"damage_taken":[{"damage":0.0,"enemies":"Jaw Worm","floor":1.0,"turns":5.0},{"damage":1.0,"enemies":"Cultist","floor":4.0,"turns":5.0},{"damage":0.0,"enemies":"2 Louse","floor":5.0,"turns":3.0},{"damage":6.0,"enemies":"Exordium Wildlife","floor":7.0,"turns":6.0},{"damage":22.0,"enemies":"Gremlin Nob","floor":10.0,"turns":4.0},{"damage":1.0,"enemies":"Lagavulin","floor":13.0,"turns":6.0},{"damage":0.0,"enemies":"Red Slaver","floor":14.0,"turns":3.0},{"damage":32.0,"enemies":"Slime Boss","floor":16.0,"turns":10.0},{"damage":14.0,"enemies":"Shell Parasite","floor":18.0,"turns":6.0},{"damage":5.0,"enemies":"Chosen","floor":19.0,"turns":6.0},{"damage":10.0,"enemies":"Colosseum Slavers","floor":20.0,"turns":5.0},{"damage":23.0,"enemies":"Colosseum Nobs","floor":20.0,"turns":6.0},{"damage":10.0,"enemies":"Sentry and Sphere","floor":21.0,"turns":10.0},{"damage":0.0,"enemies":"Snake Plant","floor":27.0,"turns":5.0},{"damage":1.0,"enemies":"Shelled Parasite and Fungi","floor":28.0,"turns":8.0},{"damage":0.0,"enemies":"Cultist and Chosen","floor":29.0,"turns":6.0},{"damage":4.0,"enemies":"Gremlin Leader","floor":30.0,"turns":6.0},{"damage":5.0,"enemies":"Automaton","floor":33.0,"turns":8.0},{"damage":19.0,"enemies":"3 Shapes","floor":35.0,"turns":7.0},{"damage":33.0,"enemies":"3 Darklings","floor":39.0,"turns":6.0},{"damage":11.0,"enemies":"Nemesis","floor":41.0,"turns":9.0},{"damage":12.0,"enemies":"4 Shapes","floor":45.0,"turns":4.0},{"damage":45,"enemies":"Reptomancer","floor":46,"turns":5}],"seed_played":"4401648032387338275","potions_obtained":[{"floor":1.0,"key":"FearPotion"},{"floor":4.0,"key":"Explosive Potion"},{"floor":10.0,"key":"FearPotion"},{"floor":20.0,"key":"GhostInAJar"},{"floor":21.0,"key":"FearPotion"},{"floor":27.0,"key":"SpeedPotion"},{"floor":39.0,"key":"Explosive Potion"}],"is_trial":false,"path_per_floor":["M","?","$","M","M","R","M","R","T","E","?","$","E","M","R","B",null,"M","M","?","M","$","R","?","R","T","M","M","M","E","?","R","B",null,"M","?","$","?","M","R","E","$","T","R","M","E"],"character_chosen":"THE_SILENT","items_purchased":["Footwork","Bane","Toxic Egg 2","Panacea+1"],"campfire_rested":2,"item_purchase_floors":[3,12,22,37],"current_hp_per_floor":[59,59,59,59,60,60,55,55,55,34,20,20,20,21,21,15,59,46,42,11,2,2,25,25,25,25,26,26,27,24,24,24,45,74,56,56,56,56,24,24,14,14,14,39,28,0],"gold":63,"neow_bonus":"BOSS_RELIC","is_prod":false,"is_daily":false,"chose_seed":false,"campfire_upgraded":6,"win_rate":0,"timestamp":1552504634,"path_taken":["M","?","$","?","M","R","M","R","T","E","?","?","E","M","R","BOSS","M","M","?","M","$","R","?","R","T","M","M","?","E","?","R","BOSS","M","?","$","?","?","R","E","$","T","R","?","E"],"build_version":"2019-01-23","purchased_purges":2,"victory":false,"max_hp_per_floor":[66,66,66,67,68,68,69,69,69,70,70,70,71,72,72,73,73,74,75,77,78,78,78,78,78,78,79,80,81,82,82,82,83,83,84,84,84,84,85,85,86,86,86,86,87,87],"card_choices":[{"not_picked":["Finisher","Eviscerate"],"picked":"Caltrops","floor":1.0},{"not_picked":["Blade Dance","Flechettes"],"picked":"Predator","floor":4.0},{"not_picked":["Prepared","Sucker Punch"],"picked":"Acrobatics","floor":5.0},{"not_picked":["Blade Dance","Envenom"],"picked":"Noxious Fumes","floor":7.0},{"not_picked":["Deadly Poison","Underhanded Strike"],"picked":"Prepared","floor":10.0},{"not_picked":["Skewer","Dagger Throw","Finisher"],"picked":"SKIP","floor":13.0},{"not_picked":["Bane","Noxious Fumes"],"picked":"Backflip","floor":14.0},{"not_picked":["A Thousand Cuts","Tools of the Trade"],"picked":"After Image","floor":16.0},{"not_picked":["Blade Dance","Cloak And Dagger"],"picked":"Well Laid Plans","floor":17.0},{"not_picked":["Poisoned Stab","Dodge and Roll"],"picked":"Tactician","floor":17.0},{"not_picked":["Heel Hook","Bouncing Flask+1","Blade Dance+1"],"picked":"SKIP","floor":18.0},{"not_picked":["Flying Knee","Outmaneuver","Dash"],"picked":"SKIP","floor":19.0},{"not_picked":["Deadly Poison+1","Accuracy","Flying Knee"],"picked":"SKIP","floor":21.0},{"not_picked":["Flying Knee","Prepared+1","Unload"],"picked":"SKIP","floor":27.0},{"not_picked":["Riddle With Holes+1","Dagger Throw"],"picked":"Catalyst+1","floor":28.0},{"not_picked":["Underhanded Strike","Blade Dance+1"],"picked":"Bouncing Flask+1","floor":29.0},{"not_picked":["Underhanded Strike","Bane","Masterful Stab"],"picked":"SKIP","floor":30.0},{"not_picked":["Wraith Form v2+1","Corpse Explosion+1"],"picked":"Night Terror+1","floor":33.0},{"not_picked":["Flying Knee+1"],"picked":"SKIP","floor":35.0},{"not_picked":[],"picked":"PiercingWail+1","floor":39.0},{"not_picked":["Bane"],"picked":"SKIP","floor":41.0},{"not_picked":["Riddle With Holes"],"picked":"SKIP","floor":45.0}],"player_experience":90608,"relics_obtained":[{"floor":9.0,"key":"Anchor"},{"floor":10.0,"key":"Pantograph"},{"floor":13.0,"key":"The Courier"},{"floor":20.0,"key":"Pocketwatch"},{"floor":20.0,"key":"Letter Opener"},{"floor":26.0,"key":"Frozen Egg 2"},{"floor":30.0,"key":"WingedGreaves"},{"floor":41.0,"key":"Happy Flower"}],"event_choices":[{"damage_healed":0.0,"max_hp_gain":0.0,"max_hp_loss":0.0,"gold_gain":0.0,"event_name":"FaceTrader","player_choice":"Trade","floor":2.0,"gold_loss":0.0,"damage_taken":0.0,"relics_obtained":["FaceOfCleric"]},{"damage_healed":0.0,"max_hp_gain":0.0,"max_hp_loss":0.0,"gold_gain":0.0,"event_name":"Shining Light","player_choice":"Entered Light","floor":11.0,"gold_loss":0.0,"damage_taken":14.0,"cards_upgraded":["Strike_G","Strike_G"]},{"damage_healed":0.0,"max_hp_gain":0.0,"max_hp_loss":0.0,"gold_gain":0.0,"event_name":"Colosseum","player_choice":"Fight","floor":20.0,"gold_loss":0.0,"damage_taken":0.0},{"damage_healed":0.0,"max_hp_gain":0.0,"max_hp_loss":0.0,"gold_gain":0.0,"event_name":"Colosseum","player_choice":"Fought Nobs","floor":20.0,"gold_loss":0.0,"damage_taken":0.0},{"damage_healed":0.0,"max_hp_gain":0.0,"max_hp_loss":0.0,"gold_gain":0.0,"event_name":"Upgrade Shrine","player_choice":"Upgraded","floor":24.0,"gold_loss":0.0,"damage_taken":0.0,"cards_upgraded":["Tactician"]},{"damage_healed":0.0,"max_hp_gain":0.0,"max_hp_loss":0.0,"gold_gain":0.0,"event_name":"Masked Bandits","player_choice":"Paid Fearfully","floor":31.0,"gold_loss":77.0,"damage_taken":0.0},{"cards_removed":["Strike_G"],"damage_healed":0.0,"max_hp_gain":0.0,"max_hp_loss":0.0,"gold_gain":0.0,"event_name":"Falling","player_choice":"Removed Attack","floor":36.0,"gold_loss":0.0,"damage_taken":0.0},{"damage_healed":0.0,"max_hp_gain":0.0,"max_hp_loss":0.0,"gold_gain":0.0,"event_name":"Tomb of Lord Red Mask","player_choice":"Paid","floor":38.0,"gold_loss":25.0,"damage_taken":0.0,"relics_obtained":["Red Mask"]}],"is_beta":false,"boss_relics":[{"not_picked":["Cursed Key","Coffee Dripper"],"picked":"Orrery"},{"not_picked":["Lizard Tail","Black Star"],"picked":"Busted Crown"}],"items_purged_floors":[3,22],"is_endless":false,"potions_floor_spawned":[1,4,10,20,21,27,39,45],"killed_by":"Reptomancer","ascension_level":14}