{"gold_per_floor":[115,115,115,115,132,167,167,179,203,230,242],"floor_reached":11,"playtime":382,"items_purged":[],"score":162,"play_id":"320b7576-ef45-4df2-aceb-4ff86ce11a60","local_time":"20190318220909","is_ascension_mode":true,"campfire_choices":[{"data":"Fission","floor":7.0,"key":"SMITH"}],"neow_cost":"TEN_PERCENT_HP_LOSS","seed_source_timestamp":0,"circlet_count":0,"master_deck":["AscendersBane","Strike_B+1","Strike_B","Strike_B","Strike_B","Defend_B","Defend_B","Defend_B","Defend_B","Zap","Dualcast","Fission+1","Rip and Tear+1","Cold Snap","Hologram","Biased Cognition"],"special_seed":0,"relics":["Cracked Core","Dream Catcher","DataDisk","MawBank"],"potions_floor_usage":[],"damage_taken":[{"damage":2.0,"enemies":"2 Louse","floor":1.0,"turns":4.0},{"damage":2.0,"enemies":"Jaw Worm","floor":5.0,"turns":4.0},{"damage":7.0,"enemies":"Gremlin Nob","floor":6.0,"turns":3.0},{"damage":0.0,"enemies":"Small Slimes","floor":8.0,"turns":2.0},{"damage":32,"enemies":"3 Sentries","floor":10,"turns":7},{"damage":5,"enemies":"3 Louse","floor":11,"turns":1}],"seed_played":"6131096841094066357","potions_obtained":[{"floor":1.0,"key":"Weak Potion"},{"floor":6.0,"key":"Ancient Potion"},{"floor":10,"key":"LiquidBronze"}],"is_trial":false,"path_per_floor":["M","?","?","?","M","E","R","M","T","E","M"],"character_chosen":"DEFECT","items_purchased":[],"campfire_rested":0,"item_purchase_floors":[],"current_hp_per_floor":[62,62,67,46,44,37,37,37,37,5,0],"gold":242,"neow_bonus":"THREE_RARE_CARDS","is_prod":false,"is_daily":false,"chose_seed":true,"campfire_upgraded":1,"win_rate":0,"timestamp":1552918149,"path_taken":["M","?","?","?","M","E","R","M","T","E","M"],"build_version":"2019-01-23","purchased_purges":0,"victory":false,"max_hp_per_floor":[64,64,69,69,69,69,69,69,69,69,69],"card_choices":[{"not_picked":["Multi-Cast","Amplify"],"picked":"Fission","floor":0.0},{"not_picked":["Gash","Aggregate"],"picked":"Rip and Tear","floor":1.0},{"not_picked":["Steam","Gash"],"picked":"Cold Snap","floor":5.0},{"not_picked":["Rebound","Beam Cell","Barrage"],"picked":"SKIP","floor":6.0},{"not_picked":["Machine Learning","Redo"],"picked":"Hologram","floor":8.0},{"not_picked":["Redo","White Noise"],"picked":"Biased Cognition","floor":10}],"player_experience":3699008,"relics_obtained":[{"floor":6.0,"key":"Dream Catcher"},{"floor":9.0,"key":"DataDisk"},{"floor":10,"key":"MawBank"}],"event_choices":[{"damage_healed":0.0,"max_hp_gain":0.0,"max_hp_loss":0.0,"gold_gain":0.0,"event_name":"Liars Game","player_choice":"Ignored","floor":2.0,"gold_loss":0.0,"damage_taken":0.0},{"damage_healed":0.0,"max_hp_gain":5.0,"max_hp_loss":0.0,"gold_gain":0.0,"event_name":"Big Fish","player_choice":"Donut","floor":3.0,"gold_loss":0.0,"damage_taken":0.0},{"damage_healed":0.0,"max_hp_gain":0.0,"max_hp_loss":0.0,"gold_gain":0.0,"event_name":"Shining Light","player_choice":"Entered Light","floor":4.0,"gold_loss":0.0,"damage_taken":21.0,"cards_upgraded":["Rip and Tear","Strike_B"]}],"is_beta":false,"boss_relics":[],"items_purged_floors":[],"is_endless":false,"potions_floor_spawned":[1,6,10],"killed_by":"3 Louse","ascension_level":20}