{"gold_per_floor":[109,124,44,44,57,57,91,102,102,102],"floor_reached":10,"playtime":200,"items_purged":[],"score":136,"play_id":"e1504b79-8c30-440c-86bb-cf0a7c5eb222","local_time":"20190211165547","is_ascension_mode":true,"campfire_choices":[{"data":"Inflame","floor":6,"key":"SMITH"}],"neow_cost":"NONE","seed_source_timestamp":1209758267266661,"circlet_count":0,"master_deck":["AscendersBane","Strike_R","Strike_R","Strike_R","Strike_R","Defend_R","Defend_R","Defend_R","Defend_R","Bash","Shrug It Off","Inflame+1","Evolve","Offering"],"relics":["Burning Blood","NeowsBlessing","Ornamental Fan","Gremlin Horn"],"potions_floor_usage":[7],"damage_taken":[{"damage":0,"enemies":"Jaw Worm","floor":1,"turns":1},{"damage":0,"enemies":"Cultist","floor":2,"turns":1},{"damage":0,"enemies":"Small Slimes","floor":5,"turns":2},{"damage":35,"enemies":"Lagavulin","floor":7,"turns":7},{"damage":14,"enemies":"Blue Slaver","floor":8,"turns":4},{"damage":72,"enemies":"Gremlin Nob","floor":10,"turns":4}],"seed_played":"-2275666838013435630","potions_obtained":[{"floor":2,"key":"BloodPotion"}],"is_trial":false,"path_per_floor":["M","M","$","?","M","R","E","M","T","E"],"character_chosen":"IRONCLAD","items_purchased":["Inflame"],"campfire_rested":0,"item_purchase_floors":[3],"current_hp_per_floor":[74,75,75,75,75,75,53,45,45,0],"gold":102,"neow_bonus":"THREE_ENEMY_KILL","is_prod":false,"is_daily":false,"chose_seed":false,"campfire_upgraded":1,"win_rate":0,"timestamp":1549875347,"path_taken":["M","M","$","?","?","R","E","M","T","E"],"build_version":"2019-01-23","purchased_purges":0,"victory":false,"max_hp_per_floor":[75,75,75,75,75,75,75,75,75,75],"card_choices":[{"not_picked":["Perfected Strike","Clash","Twin Strike"],"picked":"SKIP","floor":1},{"not_picked":["Reckless Charge","Headbutt"],"picked":"Shrug It Off","floor":2},{"not_picked":["Impervious","Bloodletting"],"picked":"Evolve","floor":5},{"not_picked":["Reckless Charge","Clothesline"],"picked":"Offering","floor":7},{"not_picked":["Dual Wield","Warcry","Headbutt"],"picked":"SKIP","floor":8}],"player_experience":726297,"relics_obtained":[{"floor":7,"key":"Ornamental Fan"},{"floor":9,"key":"Gremlin Horn"}],"event_choices":[{"cards_removed":["Strike_R"],"damage_healed":0,"gold_gain":0,"player_choice":"Purged","damage_taken":0,"max_hp_gain":0,"max_hp_loss":0,"event_name":"Purifier","floor":4,"gold_loss":0}],"is_beta":false,"boss_relics":[],"items_purged_floors":[],"is_endless":false,"potions_floor_spawned":[2],"killed_by":"Gremlin Nob","ascension_level":20}