{"gold_per_floor":[110,110,180,194,211,241,241,273,309,62,81,91,91,110,110,110],"floor_reached":16,"playtime":590,"items_purged":["Strike_B"],"score":224,"play_id":"639bc2f1-981a-4c9c-bcc0-45b6a6afc213","local_time":"20190614152855","is_ascension_mode":true,"campfire_choices":[{"data":"Hyperbeam","floor":7.0,"key":"SMITH"},{"floor":15.0,"key":"REST"}],"neow_cost":"PERCENT_DAMAGE","seed_source_timestamp":21923235322291,"circlet_count":0,"master_deck":["AscendersBane","Strike_B","Strike_B","Strike_B","Defend_B","Defend_B","Defend_B","Defend_B","Zap","Dualcast","Hyperbeam+1","Hologram","Turbo","Reboot","Turbo","Rainbow","White Noise","Cold Snap"],"special_seed":0,"relics":["Cracked Core","Sundial","Frozen Egg 2","MawBank","Potion Belt","SsserpentHead"],"potions_floor_usage":[],"damage_taken":[{"damage":0.0,"enemies":"2 Louse","floor":1.0,"turns":1.0},{"damage":2.0,"enemies":"Jaw Worm","floor":4.0,"turns":3.0},{"damage":1.0,"enemies":"Cultist","floor":5.0,"turns":4.0},{"damage":22.0,"enemies":"3 Sentries","floor":6.0,"turns":7.0},{"damage":20.0,"enemies":"Lagavulin","floor":8.0,"turns":6.0},{"damage":0.0,"enemies":"Gremlin Gang","floor":11.0,"turns":2.0},{"damage":0.0,"enemies":"Exordium Thugs","floor":12.0,"turns":4.0},{"damage":0.0,"enemies":"3 Louse","floor":14.0,"turns":1.0},{"damage":0,"enemies":"Hexaghost","floor":16,"turns":1}],"seed_played":"2492591432305283621","potions_obtained":[{"floor":5.0,"key":"AttackPotion"},{"floor":8.0,"key":"FearPotion"},{"floor":11.0,"key":"SpeedPotion"},{"floor":14.0,"key":"AttackPotion"}],"is_trial":false,"path_per_floor":["M","?","T","M","M","E","R","E","T","$","M","M","?","M","R","B"],"character_chosen":"DEFECT","items_purchased":["Rainbow","EntropicBrew"],"campfire_rested":1,"item_purchase_floors":[10,10],"current_hp_per_floor":[46,46,46,44,43,21,21,1,1,1,1,1,1,1,22,22],"gold":110,"neow_bonus":"THREE_RARE_CARDS","is_prod":false,"is_daily":false,"chose_seed":false,"campfire_upgraded":1,"win_rate":0,"timestamp":1560493735,"path_taken":["M","?","?","M","M","E","R","E","T","$","M","M","?","M","R","BOSS"],"build_version":"2019-01-23","purchased_purges":1,"victory":false,"max_hp_per_floor":[71,71,71,71,71,71,71,71,71,71,71,71,71,71,71,71],"card_choices":[{"not_picked":["Fission","Core Surge"],"picked":"Hyperbeam","floor":0.0},{"not_picked":["Steam","Hello World"],"picked":"Hologram","floor":1.0},{"not_picked":["Tempest","Cold Snap"],"picked":"Turbo","floor":4.0},{"not_picked":["Redo","Turbo","Leap"],"picked":"SKIP","floor":5.0},{"not_picked":["Redo","Turbo","Leap"],"picked":"SKIP","floor":5.0},{"not_picked":["BootSequence","Redo"],"picked":"Reboot","floor":6.0},{"not_picked":["Scrape","Steam"],"picked":"Turbo","floor":8.0},{"not_picked":["Lockon","Compile Driver"],"picked":"White Noise","floor":11.0},{"not_picked":["Redo","Rip and Tear","Rebound"],"picked":"SKIP","floor":12.0},{"not_picked":["Fusion","Steam"],"picked":"Cold Snap","floor":14.0}],"player_experience":594128,"relics_obtained":[{"floor":3.0,"key":"Sundial"},{"floor":6.0,"key":"Frozen Egg 2"},{"floor":8.0,"key":"MawBank"},{"floor":9.0,"key":"Potion Belt"}],"event_choices":[{"damage_healed":0.0,"max_hp_gain":0.0,"max_hp_loss":0.0,"gold_gain":0.0,"event_name":"Liars Game","player_choice":"Ignored","floor":2.0,"gold_loss":0.0,"damage_taken":0.0},{"damage_healed":0.0,"max_hp_gain":0.0,"max_hp_loss":0.0,"gold_gain":0.0,"event_name":"FaceTrader","player_choice":"Trade","floor":13.0,"gold_loss":0.0,"damage_taken":0.0,"relics_obtained":["SsserpentHead"]}],"is_beta":false,"boss_relics":[],"items_purged_floors":[10],"is_endless":false,"potions_floor_spawned":[5,8,11,14],"killed_by":"Hexaghost","ascension_level":20}