{"gold_per_floor":[109,109,34,52,52,85,85,115,138,138,158,158,177,194,194,268,268,278,292,292,163,173,173,191,191,240,240,251,251,251,263,263,341,341,355,230,241,256,267,294,294,329,390,402,432,469,497,526,538,550,562,574,586,58,87,87],"floor_reached":57,"playtime":3549,"items_purged":["Strike_G","Strike_G","Strike_G","Defend_G"],"score":3447,"play_id":"0512e9ff-1e8d-4982-9e3c-cc9eef4723bd","local_time":"20190103170257","is_ascension_mode":true,"campfire_choices":[{"data":"Neutralize","floor":7.0,"key":"SMITH"},{"data":"Noxious Fumes","floor":10.0,"key":"SMITH"},{"data":"Deadly Poison","floor":12.0,"key":"SMITH"},{"data":"Well Laid Plans","floor":15.0,"key":"SMITH"},{"data":"Grand Finale","floor":23.0,"key":"SMITH"},{"data":"Tactician","floor":25.0,"key":"SMITH"},{"data":"Ghostly","floor":29.0,"key":"SMITH"},{"data":"Ghostly","floor":32.0,"key":"SMITH"},{"data":"Acrobatics","floor":41,"key":"SMITH"},{"data":"Catalyst","floor":44,"key":"SMITH"},{"floor":49,"key":"RECALL"},{"data":"Expertise","floor":53,"key":"SMITH"}],"neow_cost":"NONE","seed_source_timestamp":14893406545837,"circlet_count":0,"master_deck":["AscendersBane","Defend_G+1","Defend_G","Defend_G+1","Defend_G","Strike_G+1","Survivor+1","Neutralize+1","Heel Hook","Deadly Poison+1","Noxious Fumes+1","Well Laid Plans+1","Grand Finale+1","Tactician+1","Backflip","Blur+1","Ghostly+1","Ghostly+1","Ghostly","Prepared+1","Adrenaline","Catalyst+1","Acrobatics+1","Expertise+1","Acrobatics+1","Prepared+1"],"special_seed":0,"relics":["Ring of the Serpent","NeowsBlessing","Strawberry","War Paint","Centennial Puzzle","Nilry\u0027s Codex","PreservedInsect","Runic Dome","Dodecahedron","MawBank","Bag of Marbles","Toy Ornithopter","Blood Vial","Anchor"],"potions_floor_usage":[38,48,56,56],"damage_taken":[{"damage":0.0,"enemies":"2 Louse","floor":1.0,"turns":1.0},{"damage":0.0,"enemies":"Cultist","floor":4.0,"turns":1.0},{"damage":0.0,"enemies":"Gremlin Nob","floor":6.0,"turns":1.0},{"damage":27.0,"enemies":"Lagavulin","floor":8.0,"turns":7.0},{"damage":0.0,"enemies":"Small Slimes","floor":11.0,"turns":4.0},{"damage":0.0,"enemies":"2 Fungi Beasts","floor":13.0,"turns":4.0},{"damage":0.0,"enemies":"Gremlin Gang","floor":14.0,"turns":3.0},{"damage":0.0,"enemies":"Hexaghost","floor":16.0,"turns":9.0},{"damage":0.0,"enemies":"Chosen","floor":18.0,"turns":4.0},{"damage":6.0,"enemies":"2 Thieves","floor":19.0,"turns":2.0},{"damage":1.0,"enemies":"Centurion and Healer","floor":22.0,"turns":4.0},{"damage":9.0,"enemies":"Cultist and Chosen","floor":24.0,"turns":6.0},{"damage":0.0,"enemies":"Snake Plant","floor":28.0,"turns":4.0},{"damage":0.0,"enemies":"Centurion and Healer","floor":31.0,"turns":4.0},{"damage":0.0,"enemies":"Champ","floor":33.0,"turns":12.0},{"damage":0.0,"enemies":"3 Darklings","floor":35.0,"turns":3.0},{"damage":0.0,"enemies":"Orb Walker","floor":37.0,"turns":5.0},{"damage":0,"enemies":"Transient","floor":38,"turns":6},{"damage":3,"enemies":"4 Shapes","floor":39,"turns":4},{"damage":0,"enemies":"Reptomancer","floor":40,"turns":4},{"damage":0,"enemies":"Nemesis","floor":42,"turns":5},{"damage":0,"enemies":"Spire Growth","floor":45,"turns":4},{"damage":0,"enemies":"Giant Head","floor":46,"turns":5},{"damage":0,"enemies":"Jaw Worm Horde","floor":47,"turns":3},{"damage":0,"enemies":"3 Darklings","floor":48,"turns":2},{"damage":0,"enemies":"Awakened One","floor":50,"turns":6},{"damage":0,"enemies":"Donu and Deca","floor":51,"turns":3},{"damage":0,"enemies":"Shield and Spear","floor":55,"turns":4},{"damage":32,"enemies":"The Heart","floor":56,"turns":7}],"seed_played":"112897411508156617","potions_obtained":[{"floor":4.0,"key":"PowerPotion"},{"floor":8.0,"key":"Weak Potion"},{"floor":18.0,"key":"Weak Potion"},{"floor":28.0,"key":"Energy Potion"},{"floor":38,"key":"Energy Potion"},{"floor":48,"key":"Poison Potion"}],"is_trial":false,"path_per_floor":["M","?","$","M","?","E","R","E","T","R","M","R","M","M","R","B",null,"M","M","?","$","M","R","M","R","T","?","M","R","?","M","R","B",null,"M","$","M","M","M","E","R","E","T","R","M","E","M","M","R","B","B",null,"R","$","E","B",null],"character_chosen":"THE_SILENT","items_purchased":["Backflip","Toy Ornithopter","Blood Vial"],"campfire_rested":0,"item_purchase_floors":[21,54,54],"current_hp_per_floor":[59,39,39,39,39,46,46,19,19,19,19,19,19,19,19,19,60,60,54,33,33,32,32,23,23,23,23,23,23,23,23,23,23,33,33,33,33,33,30,30,30,30,30,30,30,30,30,30,30,30,30,35,35,35,36,14],"gold":87,"neow_bonus":"THREE_ENEMY_KILL","is_prod":false,"is_daily":false,"chose_seed":false,"campfire_upgraded":11,"win_rate":0,"timestamp":1546506177,"path_taken":["M","?","$","M","?","E","R","E","T","R","M","R","M","?","R","BOSS","M","M","?","$","M","R","M","R","T","?","M","R","?","M","R","BOSS","M","$","?","M","M","E","R","E","T","R","?","E","M","M","R","BOSS","BOSS","R","$","E","BOSS"],"build_version":"2018-12-20","purchased_purges":4,"victory":true,"max_hp_per_floor":[66,66,66,66,66,73,73,73,73,73,73,73,73,73,73,73,73,73,73,73,73,73,73,73,73,73,36,36,36,36,36,36,36,36,36,36,36,36,36,36,36,36,36,36,36,36,36,36,36,36,36,36,36,36,36,36],"card_choices":[{"not_picked":["Backflip","Bane"],"picked":"Heel Hook","floor":1.0},{"not_picked":["Eviscerate","Dodge and Roll"],"picked":"Deadly Poison","floor":4.0},{"not_picked":["Distraction","Acrobatics"],"picked":"Noxious Fumes","floor":6.0},{"not_picked":["Choke","Infinite Blades","Prepared"],"picked":"SKIP","floor":8.0},{"not_picked":["Bane","PiercingWail"],"picked":"Well Laid Plans","floor":11.0},{"not_picked":["Predator","Unload","Bane"],"picked":"SKIP","floor":13.0},{"not_picked":["Dash","Deflect","Outmaneuver"],"picked":"SKIP","floor":14.0},{"not_picked":["Tools of the Trade","Phantasmal Killer"],"picked":"Grand Finale","floor":16.0},{"not_picked":["PiercingWail","Flechettes","Underhanded Strike"],"picked":"SKIP","floor":18.0},{"not_picked":["PiercingWail","Setup"],"picked":"Tactician","floor":19.0},{"not_picked":["Caltrops+1","Tactician"],"picked":"Blur+1","floor":22.0},{"not_picked":["Dagger Spray+1","Flying Knee","Deadly Poison"],"picked":"SKIP","floor":24.0},{"not_picked":["Poisoned Stab","Outmaneuver","Sucker Punch"],"picked":"SKIP","floor":28.0},{"not_picked":["Flying Knee","Doppelganger"],"picked":"Prepared+1","floor":31.0},{"not_picked":["Die Die Die","Phantasmal Killer"],"picked":"Adrenaline","floor":33.0},{"not_picked":["Terror+1","Underhanded Strike"],"picked":"Catalyst","floor":35.0},{"not_picked":["Sucker Punch+1","Cloak And Dagger"],"picked":"Acrobatics+1","floor":37.0},{"not_picked":["Quick Slash+1","PiercingWail+1","Deadly Poison"],"picked":"SKIP","floor":38},{"not_picked":["Blade Dance","Outmaneuver+1"],"picked":"Expertise","floor":39},{"not_picked":["Cloak And Dagger+1","Doppelganger"],"picked":"Acrobatics","floor":40},{"not_picked":["Quick Slash","Expertise","Dodge and Roll+1"],"picked":"SKIP","floor":42},{"not_picked":["Quick Slash","Bane+1","Dodge and Roll"],"picked":"SKIP","floor":45},{"not_picked":["Poisoned Stab","Riddle With Holes+1"],"picked":"Prepared+1","floor":46},{"not_picked":["Quick Slash","Die Die Die","Outmaneuver+1"],"picked":"SKIP","floor":47},{"not_picked":["Backflip","Bane","Dodge and Roll"],"picked":"SKIP","floor":48},{"not_picked":["Poisoned Stab+1","Riddle With Holes","Acrobatics"],"picked":"SKIP","floor":55}],"player_experience":1694617,"relics_obtained":[{"floor":6.0,"key":"Strawberry"},{"floor":8.0,"key":"War Paint"},{"floor":9.0,"key":"Centennial Puzzle"},{"floor":20.0,"key":"Nilry\u0027s Codex"},{"floor":26.0,"key":"PreservedInsect"},{"floor":40,"key":"Dodecahedron"},{"floor":42,"key":"MawBank"},{"floor":46,"key":"Bag of Marbles"},{"floor":55,"key":"Anchor"}],"event_choices":[{"damage_healed":0.0,"max_hp_gain":0.0,"max_hp_loss":0.0,"gold_gain":0.0,"event_name":"Shining Light","player_choice":"Entered Light","floor":2.0,"gold_loss":0.0,"damage_taken":20.0,"cards_upgraded":["Defend_G","Strike_G"]},{"cards_removed":["Strike_G"],"damage_healed":0.0,"max_hp_gain":0.0,"max_hp_loss":0.0,"gold_gain":0.0,"event_name":"Purifier","player_choice":"Purged","floor":5.0,"gold_loss":0.0,"damage_taken":0.0},{"damage_healed":0.0,"max_hp_gain":0.0,"max_hp_loss":0.0,"gold_gain":0.0,"event_name":"Cursed Tome","player_choice":"Obtained Book","floor":20.0,"gold_loss":0.0,"damage_taken":21.0},{"damage_healed":0.0,"max_hp_gain":0.0,"max_hp_loss":37.0,"gold_gain":0.0,"event_name":"Ghosts","player_choice":"Became a Ghost","floor":27.0,"gold_loss":0.0,"damage_taken":0.0,"cards_obtained":["Ghostly","Ghostly","Ghostly"]},{"damage_healed":0.0,"max_hp_gain":0.0,"max_hp_loss":0.0,"gold_gain":0.0,"event_name":"Lab","player_choice":"Got Potions","floor":30.0,"gold_loss":0.0,"damage_taken":0.0}],"is_beta":false,"boss_relics":[{"not_picked":["Busted Crown","Black Star"],"picked":"Ring of the Serpent"},{"not_picked":["WristBlade","Velvet Choker"],"picked":"Runic Dome"}],"items_purged_floors":[3,21,36,54],"is_endless":false,"potions_floor_spawned":[4,8,18,28,33,35,38,45,46,48],"ascension_level":20}