{"gold_per_floor":[118,118,118,118,131,157,182,182,182,182,200,200,125,141,141,237,237,251,251,262,277,291,291,291,341,365,384,143,154,154,168,168,246,246,266,266,266,141,153,153,163,188,188,513,533,547,170,202,202,202,202,202,202,16,51,51],"floor_reached":57,"playtime":2634,"items_purged":["Strike_G","Strike_G","Defend_G","Defend_G"],"score":3334,"play_id":"74414312-6ab0-4fd9-acdb-79237b5c2d06","local_time":"20190730133033","is_ascension_mode":true,"campfire_choices":[{"data":"Deadly Poison","floor":10.0,"key":"SMITH"},{"data":"Noxious Fumes","floor":12.0,"key":"SMITH"},{"data":"Neutralize","floor":15.0,"key":"SMITH"},{"data":"Tactician","floor":23.0,"key":"SMITH"},{"data":"Acrobatics","floor":30.0,"key":"SMITH"},{"data":"Calculated Gamble","floor":32.0,"key":"SMITH"},{"data":"Acrobatics","floor":40,"key":"SMITH"},{"floor":49,"key":"RECALL"},{"data":"Backflip","floor":53,"key":"SMITH"}],"neow_cost":"NONE","seed_source_timestamp":0,"circlet_count":0,"master_deck":["AscendersBane","Defend_G","Survivor","Neutralize+1","A Thousand Cuts","Noxious Fumes+1","Acrobatics+1","Backflip+1","Tactician+1","Calculated Gamble+1","Catalyst","Acrobatics+1","Grand Finale+1","Doppelganger+1","Escape Plan+1","Die Die Die+1","Well Laid Plans"],"special_seed":0,"relics":["Ring of the Snake","NeowsBlessing","Bag of Preparation","Bag of Marbles","Bloody Idol","Molten Egg 2","Orrery","Omamori","Astrolabe","Anchor","Old Coin","Membership Card","Oddly Smooth Stone","FossilizedHelix","Mummified Hand","The Specimen"],"potions_floor_usage":[42,50,56,56],"damage_taken":[{"damage":0.0,"enemies":"Jaw Worm","floor":1.0,"turns":1.0},{"damage":0.0,"enemies":"Small Slimes","floor":5.0,"turns":1.0},{"damage":0.0,"enemies":"Gremlin Nob","floor":6.0,"turns":1.0},{"damage":0.0,"enemies":"2 Louse","floor":11.0,"turns":4.0},{"damage":7.0,"enemies":"Large Slime","floor":14.0,"turns":7.0},{"damage":30.0,"enemies":"The Guardian","floor":16.0,"turns":9.0},{"damage":2.0,"enemies":"3 Byrds","floor":18.0,"turns":5.0},{"damage":16.0,"enemies":"Spheric Guardian","floor":20.0,"turns":5.0},{"damage":21.0,"enemies":"Centurion and Healer","floor":21.0,"turns":11.0},{"damage":14.0,"enemies":"Snecko","floor":22.0,"turns":4.0},{"damage":20.0,"enemies":"Cultist and Chosen","floor":27.0,"turns":6.0},{"damage":14.0,"enemies":"Chosen and Byrds","floor":29.0,"turns":4.0},{"damage":10.0,"enemies":"Sentry and Sphere","floor":31.0,"turns":5.0},{"damage":0.0,"enemies":"Automaton","floor":33.0,"turns":5.0},{"damage":0,"enemies":"Orb Walker","floor":35,"turns":1},{"damage":0,"enemies":"3 Darklings","floor":39,"turns":1},{"damage":0,"enemies":"Spire Growth","floor":41,"turns":1},{"damage":4,"enemies":"Nemesis","floor":42,"turns":4},{"damage":0,"enemies":"Reptomancer","floor":44,"turns":2},{"damage":0,"enemies":"Sphere and 2 Shapes","floor":45,"turns":1},{"damage":0,"enemies":"3 Darklings","floor":46,"turns":1},{"damage":0,"enemies":"Giant Head","floor":48,"turns":2},{"damage":0,"enemies":"Donu and Deca","floor":50,"turns":3},{"damage":0,"enemies":"Time Eater","floor":51,"turns":3},{"damage":0,"enemies":"Shield and Spear","floor":55,"turns":2},{"damage":0,"enemies":"The Heart","floor":56,"turns":5}],"seed_played":"720762698610268258","potions_obtained":[{"floor":11.0,"key":"PowerPotion"},{"floor":14.0,"key":"Dexterity Potion"},{"floor":20.0,"key":"GamblersBrew"},{"floor":29.0,"key":"Dexterity Potion"},{"floor":35,"key":"Dexterity Potion"},{"floor":37,"key":"PowerPotion"},{"floor":37,"key":"Energy Potion"},{"floor":44,"key":"Fire Potion"}],"is_trial":false,"path_per_floor":["M","?","?","?","M","E","T","?","T","R","M","R","$","M","R","B",null,"M","?","M","M","M","R","?","?","T","M","$","M","R","M","R","B",null,"M","?","?","$","M","R","M","E","T","E","M","M","$","E","R","B","B",null,"R","$","E","B",null],"character_chosen":"THE_SILENT","items_purchased":["Regen Potion","Energy Potion","Membership Card","Oddly Smooth Stone","GamblersBrew","Mummified Hand"],"campfire_rested":0,"item_purchase_floors":[28,28,47,47,54,54],"current_hp_per_floor":[59,59,52,52,52,52,52,52,52,52,52,52,52,45,45,15,49,47,47,36,20,11,11,11,16,21,6,6,11,11,6,6,11,48,53,53,53,53,58,58,60,60,60,60,60,60,60,60,60,60,60,60,60,60,60,60],"gold":51,"neow_bonus":"THREE_ENEMY_KILL","is_prod":false,"is_daily":false,"chose_seed":false,"campfire_upgraded":8,"win_rate":0,"timestamp":1564464633,"path_taken":["M","?","?","?","M","E","?","?","T","R","M","R","$","M","R","BOSS","M","?","M","M","M","R","?","?","T","M","?","M","R","?","R","BOSS","M","?","?","$","M","R","?","E","T","E","M","M","$","E","R","BOSS","BOSS","R","$","E","BOSS"],"build_version":"2019-07-17","purchased_purges":4,"victory":true,"max_hp_per_floor":[66,66,66,66,66,66,66,60,60,60,60,60,60,60,60,60,60,60,60,60,60,60,60,60,60,60,60,60,60,60,60,60,60,60,60,60,60,60,60,60,60,60,60,60,60,60,60,60,60,60,60,60,60,60,60,60],"card_choices":[{"not_picked":["Poisoned Stab","Prepared","Blade Dance"],"picked":"SKIP","floor":1.0},{"not_picked":["Dagger Throw","Cloak And Dagger"],"picked":"A Thousand Cuts","floor":5.0},{"not_picked":["Poisoned Stab","Sucker Punch"],"picked":"Deadly Poison","floor":6.0},{"not_picked":["Eviscerate+1","Underhanded Strike+1"],"picked":"Noxious Fumes","floor":11.0},{"not_picked":["Infinite Blades","Acrobatics","Deadly Poison"],"picked":"SKIP","floor":14.0},{"not_picked":["Infinite Blades","Deadly Poison"],"picked":"Acrobatics","floor":14.0},{"not_picked":["Bane+1","Quick Slash+1"],"picked":"Backflip","floor":17.0},{"not_picked":["Acrobatics","Underhanded Strike+1"],"picked":"Glass Knife+1","floor":17.0},{"not_picked":["Poisoned Stab+1","Cloak And Dagger","Prepared"],"picked":"SKIP","floor":18.0},{"not_picked":["Poisoned Stab+1","Cloak And Dagger","Prepared"],"picked":"SKIP","floor":18.0},{"not_picked":["Finisher+1","Caltrops","Outmaneuver"],"picked":"SKIP","floor":20.0},{"not_picked":["Calculated Gamble","PiercingWail"],"picked":"Tactician","floor":21.0},{"not_picked":["Outmaneuver+1","Sucker Punch+1","Deflect"],"picked":"SKIP","floor":22.0},{"not_picked":["Flechettes+1","Backflip","Dodge and Roll"],"picked":"SKIP","floor":27.0},{"not_picked":["Flechettes+1","Backflip","Dodge and Roll"],"picked":"SKIP","floor":27.0},{"not_picked":["Flechettes+1","Backflip","Dodge and Roll"],"picked":"SKIP","floor":27.0},{"not_picked":["Skewer+1","Bullet Time","Sucker Punch+1"],"picked":"SKIP","floor":29.0},{"not_picked":["Terror+1","Deadly Poison"],"picked":"Acrobatics","floor":31.0},{"not_picked":["Venomology","Burst"],"picked":"Grand Finale+1","floor":33.0},{"not_picked":["Footwork","Sucker Punch+1","Heel Hook+1"],"picked":"SKIP","floor":35},{"not_picked":["Infinite Blades","Slice+1","Choke+1"],"picked":"SKIP","floor":39},{"not_picked":["Poisoned Stab+1","Calculated Gamble","Underhanded Strike+1"],"picked":"SKIP","floor":41},{"not_picked":["Sucker Punch+1","Catalyst","Wraith Form v2"],"picked":"SKIP","floor":42},{"not_picked":["Outmaneuver+1","Skewer+1","Backstab+1"],"picked":"SKIP","floor":44},{"not_picked":["Setup+1","Acrobatics","Endless Agony+1"],"picked":"SKIP","floor":45},{"not_picked":["Prepared","Cloak And Dagger"],"picked":"Well Laid Plans","floor":46},{"not_picked":["PiercingWail","Envenom","Prepared+1"],"picked":"SKIP","floor":48},{"not_picked":["PiercingWail","Envenom","Prepared+1"],"picked":"SKIP","floor":48},{"not_picked":["Deadly Poison+1","Cloak And Dagger+1","Blur+1"],"picked":"SKIP","floor":55}],"player_experience":699709,"relics_obtained":[{"floor":6.0,"key":"Bag of Preparation"},{"floor":7.0,"key":"Bag of Marbles"},{"floor":9.0,"key":"Molten Egg 2"},{"floor":26.0,"key":"Omamori"},{"floor":42,"key":"Anchor"},{"floor":44,"key":"Old Coin"},{"floor":48,"key":"FossilizedHelix"},{"floor":55,"key":"The Specimen"}],"event_choices":[{"damage_healed":0.0,"max_hp_gain":0.0,"max_hp_loss":0.0,"gold_gain":0.0,"event_name":"Liars Game","player_choice":"Ignored","floor":2.0,"gold_loss":0.0,"damage_taken":0.0},{"cards_removed":["Strike_G"],"damage_healed":0.0,"max_hp_gain":0.0,"max_hp_loss":0.0,"gold_gain":0.0,"event_name":"Golden Wing","player_choice":"Card Removal","floor":3.0,"gold_loss":0.0,"damage_taken":7.0},{"damage_healed":0.0,"max_hp_gain":0.0,"max_hp_loss":0.0,"gold_gain":0.0,"event_name":"Scrap Ooze","player_choice":"Fled","floor":4.0,"gold_loss":0.0,"damage_taken":0.0},{"damage_healed":0.0,"max_hp_gain":0.0,"max_hp_loss":6.0,"gold_gain":0.0,"event_name":"Golden Idol","player_choice":"Lose Max HP","floor":8.0,"gold_loss":0.0,"damage_taken":0.0,"relics_obtained":["Golden Idol"]},{"damage_healed":0.0,"max_hp_gain":0.0,"max_hp_loss":0.0,"gold_gain":0.0,"event_name":"Forgotten Altar","player_choice":"Gave Idol","floor":19.0,"relics_lost":["Golden Idol"],"gold_loss":0.0,"damage_taken":0.0,"relics_obtained":["Bloody Idol"]},{"damage_healed":0.0,"max_hp_gain":0.0,"max_hp_loss":0.0,"gold_gain":0.0,"cards_transformed":["Strike_G","Strike_G"],"event_name":"Drug Dealer","player_choice":"Became Test Subject","floor":24.0,"gold_loss":0.0,"damage_taken":0.0,"cards_obtained":["Calculated Gamble","Catalyst"]},{"damage_healed":0.0,"max_hp_gain":0.0,"max_hp_loss":0.0,"gold_gain":50.0,"event_name":"Nest","player_choice":"Stole From Cult","floor":25.0,"gold_loss":0.0,"damage_taken":0.0},{"cards_removed":["Defend_G"],"damage_healed":0,"gold_gain":0,"player_choice":"Removed Skill","damage_taken":0,"max_hp_gain":0,"max_hp_loss":0,"event_name":"Falling","floor":36,"gold_loss":0},{"damage_healed":0,"gold_gain":0,"player_choice":"Got Potions","damage_taken":0,"max_hp_gain":0,"max_hp_loss":0,"event_name":"Lab","floor":37,"gold_loss":0}],"is_beta":false,"boss_relics":[{"not_picked":["Tiny House","Velvet Choker"],"picked":"Orrery"},{"not_picked":["Cursed Key","WristBlade"],"picked":"Astrolabe"}],"items_purged_floors":[13,28,38,47],"is_endless":false,"potions_floor_spawned":[11,14,18,20,29,35,44],"ascension_level":20}