{"gold_per_floor":[110,35,35,55,55,55,55,82,94,125,137,169,181,225,237,324,336],"floor_reached":17,"playtime":300,"items_purged":["Strike_G"],"score":376,"play_id":"f9539c9b-4b4c-438b-a91e-45042e27c45c","local_time":"20190417194930","is_ascension_mode":true,"campfire_choices":[{"data":"Predator","floor":6,"key":"SMITH"},{"data":"Caltrops","floor":11,"key":"SMITH"},{"data":"Glass Knife","floor":15,"key":"SMITH"}],"neow_cost":"NONE","seed_source_timestamp":139819892294371,"circlet_count":0,"master_deck":["AscendersBane","Defend_G","Defend_G","Defend_G","Defend_G","Defend_G","Strike_G+1","Strike_G","Strike_G+1","Survivor","Neutralize","Catalyst","Caltrops+1","Predator+1","Glass Knife+1","Corpse Explosion"],"relics":["Ring of the Snake","NeowsBlessing","MawBank","Gremlin Horn","Juzu Bracelet","Bag of Preparation"],"potions_floor_usage":[16,16],"damage_taken":[{"damage":0,"enemies":"Small Slimes","floor":1,"turns":1},{"damage":0,"enemies":"Jaw Worm","floor":4,"turns":1},{"damage":0,"enemies":"Lagavulin","floor":8,"turns":1},{"damage":0,"enemies":"2 Louse","floor":10,"turns":3},{"damage":0,"enemies":"Gremlin Gang","floor":12,"turns":4},{"damage":22,"enemies":"3 Sentries","floor":14,"turns":7},{"damage":15,"enemies":"Hexaghost","floor":16,"turns":7}],"seed_played":"8816507991855421858","potions_obtained":[{"floor":4,"key":"PowerPotion"},{"floor":8,"key":"Strength Potion"},{"floor":16,"key":"FearPotion"}],"is_trial":false,"path_per_floor":["M","$","?","M","?","R","$","E","T","M","R","M","T","E","R","B",null],"character_chosen":"THE_SILENT","items_purchased":[],"campfire_rested":0,"item_purchase_floors":[],"current_hp_per_floor":[59,59,39,39,39,39,39,39,39,39,39,39,39,17,17,2,2],"gold":336,"neow_bonus":"THREE_ENEMY_KILL","is_prod":false,"is_daily":false,"chose_seed":false,"campfire_upgraded":3,"win_rate":0,"timestamp":1555501770,"path_taken":["M","$","?","M","?","R","?","E","T","M","R","M","?","E","R","BOSS"],"build_version":"2019-01-23","purchased_purges":1,"victory":false,"max_hp_per_floor":[66,66,66,66,66,66,66,66,66,66,66,66,66,66,66,66,66],"card_choices":[{"not_picked":["PiercingWail","Poisoned Stab"],"picked":"Catalyst","floor":1},{"not_picked":["Setup","Backflip"],"picked":"Caltrops","floor":4},{"not_picked":["Eviscerate","Backstab","Bane"],"picked":"SKIP","floor":8},{"not_picked":["Deflect","Bane","Dodge and Roll"],"picked":"SKIP","floor":10},{"not_picked":["Finisher","Bane","Riddle With Holes"],"picked":"SKIP","floor":12},{"not_picked":["Escape Plan","Slice"],"picked":"Glass Knife","floor":14},{"not_picked":["Venomology","Bullet Time"],"picked":"Corpse Explosion","floor":16}],"player_experience":4365488,"relics_obtained":[{"floor":8,"key":"MawBank"},{"floor":9,"key":"Gremlin Horn"},{"floor":13,"key":"Juzu Bracelet"},{"floor":14,"key":"Bag of Preparation"}],"event_choices":[{"damage_healed":0,"gold_gain":0,"player_choice":"Entered Light","damage_taken":20,"max_hp_gain":0,"max_hp_loss":0,"event_name":"Shining Light","floor":3,"gold_loss":0,"cards_upgraded":["Strike_G","Strike_G"]},{"damage_healed":0,"gold_gain":0,"cards_transformed":["Strike_G"],"player_choice":"Change","damage_taken":0,"max_hp_gain":0,"max_hp_loss":0,"event_name":"Living Wall","floor":5,"gold_loss":0,"cards_obtained":["Predator"]}],"is_beta":false,"boss_relics":[],"items_purged_floors":[2],"is_endless":false,"potions_floor_spawned":[4,8,16],"ascension_level":20}