{"path_per_floor":["M","?","M","$","M","R","E","R","T","M","$","?","M","M","R","B",null,"M","?","?","$","M","R","M","$","T"],"character_chosen":"IRONCLAD","items_purchased":[],"gold_per_floor":[110,110,120,45,61,61,89,89,167,179,129,129,139,157,157,260,260,274,189,89,39,55,55,73,23,77],"floor_reached":27,"campfire_rested":2,"playtime":1505,"current_hp_per_floor":[80,73,68,68,67,67,26,50,50,40,40,40,25,21,45,7,80,45,45,45,45,34,34,13,13,20],"items_purged":["Defend_R","Strike_R","Strike_R","Strike_R"],"gold":77,"score":213,"play_id":"7352c65a-0f3a-4797-a312-7b3bc3acfb19","local_time":"20180317204224","is_prod":false,"is_daily":false,"is_ascension_mode":false,"campfire_upgraded":2,"timestamp":1521315744,"path_taken":["M","?","M","$","M","R","E","R","T","M","$","?","M","M","R","BOSS","M","?","?","$","M","R","?","$","T","M"],"build_version":"2018-03-15v2","purchased_purges":4,"victory":false,"master_deck":["Strike_R","Bash+1","Limit Break+1","Battle Trance","Headbutt","Demon Form","Exhume","Offering+1","Juggernaut+1","Immolate+1","Heavy Blade","J.A.X."],"max_hp_per_floor":[80,80,80,80,80,80,80,80,80,80,80,80,80,80,80,80,80,80,80,80,80,80,80,80,80,87],"relics":["Burning Blood","Smiling Mask","The Courier","Astrolabe","Vajra","Strawberry"],"card_choices":[{"not_picked":["Entrench","Clash"],"picked":"Battle Trance"},{"not_picked":["Infernal Blade","Iron Wave"],"picked":"Headbutt"},{"not_picked":["Sentinel","Body Slam"],"picked":"Demon Form"},{"not_picked":["Impervious","Barricade"],"picked":"Exhume"},{"not_picked":["Bloodletting","Dual Wield"],"picked":"Heavy Blade"}],"player_experience":167804,"potions_floor_usage":[16,16,24],"damage_taken":[{"damage":4,"enemies":"Cultist","floor":1,"turns":4},{"damage":11,"enemies":"Jaw Worm","floor":3,"turns":4},{"damage":7,"enemies":"2 Louse","floor":5,"turns":2},{"damage":47,"enemies":"3 Sentries","floor":7,"turns":11},{"damage":16,"enemies":"Blue Slaver","floor":10,"turns":4},{"damage":21,"enemies":"Lots of Slimes","floor":13,"turns":6},{"damage":10,"enemies":"Looter","floor":14,"turns":2},{"damage":44,"enemies":"Slime Boss","floor":16,"turns":6},{"damage":41,"enemies":"3 Byrds","floor":18,"turns":5},{"damage":17,"enemies":"2 Thieves","floor":22,"turns":2},{"damage":27,"enemies":"Centurion and Healer","floor":24,"turns":4},{"damage":23,"enemies":"3 Cultists","floor":27,"turns":2}],"event_choices":[{"event_name":"Golden Wing","player_choice":"Card Removal","floor":2,"damage_taken":0},{"event_name":"The Woman in Blue","player_choice":"Bought 0 Potions","floor":12,"damage_taken":0},{"event_name":"Addict","player_choice":"Obtained Relic","floor":19,"damage_taken":0},{"event_name":"Drug Dealer","player_choice":"Got JAXXED","floor":20,"damage_taken":0}],"boss_relics":[{"not_picked":["Snecko Eye","Runic Cube"],"picked":"Astrolabe"}],"potions_floor_spawned":[3,5,10,13,16,22,24],"seed_played":"-2845287447249989977","killed_by":"3 Cultists","ascension_level":0,"is_trial":false}