{"gold_per_floor":[109,34,184,234,246,246,279,279,279,289,303,303,329,347,347,347],"floor_reached":16,"playtime":430,"items_purged":["Strike_R"],"score":250,"play_id":"73b2b2a0-dc2a-4e88-819f-03476b188b7f","local_time":"20190121113333","is_ascension_mode":true,"campfire_choices":[{"data":"Whirlwind","floor":6.0,"key":"SMITH"},{"data":"Bash","floor":8.0,"key":"SMITH"},{"data":"Burning Pact","floor":12.0,"key":"SMITH"},{"data":"Power Through","floor":15.0,"key":"SMITH"}],"neow_cost":"NONE","seed_source_timestamp":2256671653697,"circlet_count":0,"master_deck":["AscendersBane","Strike_R","Strike_R","Strike_R","Strike_R","Defend_R","Defend_R","Defend_R","Defend_R","Bash+1","Whirlwind+1","Doubt","Burning Pact+1","Power Through+1","Evolve"],"special_seed":0,"relics":["Burning Blood","NeowsBlessing","Pen Nib","Bag of Preparation","Orichalcum","Odd Mushroom"],"potions_floor_usage":[16,16],"damage_taken":[{"damage":0.0,"enemies":"Cultist","floor":1.0,"turns":1.0},{"damage":0.0,"enemies":"Jaw Worm","floor":5.0,"turns":1.0},{"damage":0.0,"enemies":"Lagavulin","floor":7.0,"turns":2.0},{"damage":0.0,"enemies":"2 Louse","floor":10.0,"turns":1.0},{"damage":6.0,"enemies":"Exordium Wildlife","floor":11.0,"turns":2.0},{"damage":3.0,"enemies":"The Mushroom Lair","floor":13.0,"turns":2.0},{"damage":0.0,"enemies":"3 Louse","floor":14.0,"turns":1.0},{"damage":77,"enemies":"Hexaghost","floor":16,"turns":12}],"seed_played":"-6996156936663511215","potions_obtained":[{"floor":1.0,"key":"SkillPotion"},{"floor":5.0,"key":"FearPotion"}],"is_trial":false,"path_per_floor":["M","$","?","T","M","R","E","R","T","M","M","R","?","M","R","B"],"character_chosen":"IRONCLAD","items_purchased":[],"campfire_rested":0,"item_purchase_floors":[],"current_hp_per_floor":[74,74,74,74,75,75,75,75,75,75,75,75,75,75,75,0],"gold":347,"neow_bonus":"THREE_ENEMY_KILL","is_prod":false,"is_daily":false,"chose_seed":false,"campfire_upgraded":4,"win_rate":0,"timestamp":1548041613,"path_taken":["M","$","?","?","M","R","E","R","T","?","M","R","?","M","R","BOSS"],"build_version":"2019-01-17v2","purchased_purges":1,"victory":false,"max_hp_per_floor":[75,75,75,75,75,75,75,75,75,75,75,75,75,75,75,75],"card_choices":[{"not_picked":["Entrench","Heavy Blade"],"picked":"Whirlwind","floor":1.0},{"not_picked":["Blood for Blood","Sever Soul","Clothesline"],"picked":"SKIP","floor":5.0},{"not_picked":["Rage","Thunderclap","Entrench"],"picked":"SKIP","floor":7.0},{"not_picked":["Pommel Strike","Perfected Strike","Sentinel"],"picked":"SKIP","floor":10.0},{"not_picked":["Corruption","Wild Strike"],"picked":"Burning Pact","floor":11.0},{"not_picked":["Perfected Strike","Brutality"],"picked":"Power Through","floor":13.0},{"not_picked":["Armaments","True Grit"],"picked":"Evolve","floor":14.0}],"player_experience":2096267,"relics_obtained":[{"floor":4.0,"key":"Pen Nib"},{"floor":7.0,"key":"Bag of Preparation"},{"floor":9.0,"key":"Orichalcum"},{"floor":13.0,"key":"Odd Mushroom"}],"event_choices":[{"damage_healed":0.0,"max_hp_gain":0.0,"max_hp_loss":0.0,"gold_gain":150.0,"event_name":"Liars Game","player_choice":"AGREE","floor":3.0,"gold_loss":0.0,"damage_taken":0.0,"cards_obtained":["Doubt"]},{"damage_healed":0.0,"max_hp_gain":0.0,"max_hp_loss":0.0,"gold_gain":0.0,"event_name":"Mushrooms","player_choice":"Fought Mushrooms","floor":13.0,"gold_loss":0.0,"damage_taken":0.0}],"is_beta":false,"boss_relics":[],"items_purged_floors":[2],"is_endless":false,"potions_floor_spawned":[1,5,14],"killed_by":"Hexaghost","ascension_level":20}