{"gold_per_floor":[114,129,54,54,19,19,45,45,97,107,124,135,35,45,45,118,118,133,133,133,133,151,151,170,170,170,170,184,184,59,0,0,71,71,91,91,191,191,191,191,206,206,206,222,236,249,266,284,284,284],"floor_reached":51,"playtime":1962,"items_purged":["Strike_R","Strike_R","Strike_R"],"score":1142,"play_id":"d4349a30-8994-41a3-8119-e72209232018","local_time":"20181110140109","is_ascension_mode":true,"campfire_choices":[{"data":"Blood for Blood","floor":6.0,"key":"SMITH"},{"data":"Hemokinesis","floor":15.0,"key":"SMITH"},{"data":"Evolve","floor":23.0,"key":"SMITH"},{"data":"Second Wind","floor":25.0,"key":"SMITH"},{"floor":29.0,"key":"REST"},{"floor":32,"key":"REST"},{"data":"Demon Form","floor":40,"key":"SMITH"},{"data":"Heavy Blade","floor":42,"key":"SMITH"},{"data":"Disarm","floor":49,"key":"SMITH"}],"neow_cost":"PERCENT_DAMAGE","seed_source_timestamp":3827406448574,"circlet_count":0,"master_deck":["AscendersBane","Defend_R","Defend_R+1","Bash+1","Blood for Blood+1","Evolve+1","Flame Barrier","Hemokinesis+1","Wild Strike","Power Through","Reaper","Second Wind+1","Flex+1","Armaments+1","Demon Form+1","Heavy Blade+1","Carnage","Entrench","Shrug It Off","Demon Form+1","Disarm+1"],"special_seed":0,"relics":["Burning Blood","Strawberry","Dream Catcher","Sozu","Orichalcum","Snecko Eye","Shovel","Frozen Egg 2"],"potions_floor_usage":[33],"damage_taken":[{"damage":11.0,"enemies":"Jaw Worm","floor":1.0,"turns":4.0},{"damage":8.0,"enemies":"Small Slimes","floor":2.0,"turns":4.0},{"damage":27.0,"enemies":"Lagavulin","floor":7.0,"turns":5.0},{"damage":0.0,"enemies":"2 Louse","floor":10.0,"turns":5.0},{"damage":1.0,"enemies":"Looter","floor":11.0,"turns":3.0},{"damage":18.0,"enemies":"Lots of Slimes","floor":12.0,"turns":3.0},{"damage":11.0,"enemies":"3 Louse","floor":14.0,"turns":3.0},{"damage":17.0,"enemies":"Hexaghost","floor":16.0,"turns":11.0},{"damage":14.0,"enemies":"Chosen","floor":18.0,"turns":4.0},{"damage":16.0,"enemies":"Spheric Guardian","floor":22.0,"turns":4.0},{"damage":9.0,"enemies":"Centurion and Healer","floor":24.0,"turns":8.0},{"damage":20.0,"enemies":"Cultist and Chosen","floor":28.0,"turns":5.0},{"damage":83,"enemies":"Automaton","floor":33,"turns":13},{"damage":29,"enemies":"3 Darklings","floor":35,"turns":8},{"damage":13,"enemies":"Mind Bloom Boss Battle","floor":37,"turns":7},{"damage":32,"enemies":"3 Shapes","floor":41,"turns":10},{"damage":16,"enemies":"3 Darklings","floor":44,"turns":7},{"damage":5,"enemies":"4 Shapes","floor":45,"turns":5},{"damage":14,"enemies":"Maw","floor":46,"turns":5},{"damage":38,"enemies":"Writhing Mass","floor":47,"turns":5},{"damage":29,"enemies":"Jaw Worm Horde","floor":48,"turns":6},{"damage":86,"enemies":"Awakened One","floor":50,"turns":10}],"seed_played":"-8887237714112512915","potions_obtained":[{"floor":7.0,"key":"Block Potion"},{"floor":10.0,"key":"AttackPotion"},{"floor":16.0,"key":"SkillPotion"}],"is_trial":false,"path_per_floor":["M","M","$","?","?","R","E","$","T","M","M","M","$","M","R","B",null,"M","?","?","?","M","R","M","R","T","?","M","R","$","?","R","B",null,"M","$","?","?","?","R","M","R","T","M","M","M","M","M","R","B",null],"character_chosen":"IRONCLAD","items_purchased":[],"campfire_rested":2,"item_purchase_floors":[],"current_hp_per_floor":[45,43,43,20,38,38,24,24,24,30,35,23,23,18,18,7,63,61,61,61,61,51,51,60,60,60,36,26,52,52,52,78,10,68,87,87,87,87,87,87,87,87,87,87,87,87,82,80,80,61],"gold":284,"neow_bonus":"REMOVE_TWO","is_prod":false,"is_daily":false,"chose_seed":false,"campfire_upgraded":7,"win_rate":0,"timestamp":1541829669,"path_taken":["M","M","$","?","?","R","E","?","T","?","M","M","$","M","R","BOSS","M","?","?","?","?","R","M","R","T","?","M","R","$","?","R","BOSS","M","$","?","?","?","R","M","R","T","M","M","?","M","M","R","BOSS"],"build_version":"2018-11-08","purchased_purges":3,"victory":true,"max_hp_per_floor":[75,75,75,75,75,75,82,82,82,82,82,82,82,82,82,82,82,82,82,82,82,82,82,82,82,82,87,87,87,87,87,87,87,87,87,87,87,87,87,87,87,87,87,87,87,87,87,87,87,87],"card_choices":[{"not_picked":["Sword Boomerang","Corruption"],"picked":"Blood for Blood","floor":1.0},{"not_picked":["Shrug It Off","Flex"],"picked":"Evolve","floor":2.0},{"not_picked":["Iron Wave","Sentinel"],"picked":"Flame Barrier","floor":7.0},{"not_picked":["Havoc","Clothesline","Reckless Charge"],"picked":"SKIP","floor":10.0},{"not_picked":["Evolve","Pummel"],"picked":"Hemokinesis","floor":11.0},{"not_picked":["Rage","Battle Trance"],"picked":"Wild Strike","floor":12.0},{"not_picked":["Havoc","Brutality"],"picked":"Power Through","floor":14.0},{"not_picked":["Offering","Fiend Fire"],"picked":"Reaper","floor":16.0},{"not_picked":["Wild Strike+1","Flex"],"picked":"Second Wind","floor":18.0},{"not_picked":["Body Slam","Pommel Strike+1"],"picked":"Flex+1","floor":22.0},{"not_picked":["Anger+1","Clash","Havoc"],"picked":"SKIP","floor":24.0},{"not_picked":["Pommel Strike","Corruption","Perfected Strike"],"picked":"SKIP","floor":28.0},{"not_picked":["Fire Breathing","Disarm"],"picked":"Armaments+1","floor":29.0},{"not_picked":["Exhume","Brutality"],"picked":"Demon Form","floor":33},{"not_picked":["Warcry","Twin Strike+1"],"picked":"Heavy Blade","floor":35},{"not_picked":["Headbutt","Ghostly Armor"],"picked":"Carnage","floor":37},{"not_picked":["Second Wind","Anger"],"picked":"Shrug It Off","floor":41},{"not_picked":["Havoc","Battle Trance","Perfected Strike+1"],"picked":"SKIP","floor":44},{"not_picked":["Havoc","Armaments","Warcry+1"],"picked":"SKIP","floor":45},{"not_picked":["Havoc","Evolve+1"],"picked":"Demon Form+1","floor":46},{"not_picked":["Hemokinesis","Pommel Strike+1"],"picked":"Disarm","floor":47},{"not_picked":["Evolve+1","Armaments","Twin Strike+1"],"picked":"SKIP","floor":48}],"player_experience":959756,"relics_obtained":[{"floor":7.0,"key":"Strawberry"},{"floor":9.0,"key":"Dream Catcher"},{"floor":26.0,"key":"Orichalcum"},{"floor":37,"key":"Shovel"},{"floor":43,"key":"Frozen Egg 2"}],"event_choices":[{"damage_healed":0.0,"max_hp_gain":0.0,"max_hp_loss":0.0,"gold_gain":0.0,"event_name":"Shining Light","player_choice":"Entered Light","floor":4.0,"gold_loss":0.0,"damage_taken":23.0,"cards_upgraded":["Bash","Defend_R"]},{"damage_healed":18.0,"max_hp_gain":0.0,"max_hp_loss":0.0,"gold_gain":0.0,"event_name":"The Cleric","player_choice":"Healed","floor":5.0,"gold_loss":35.0,"damage_taken":0.0},{"damage_healed":0.0,"max_hp_gain":0.0,"max_hp_loss":0.0,"gold_gain":0.0,"event_name":"Cursed Tome","player_choice":"Ignored","floor":19.0,"gold_loss":0.0,"damage_taken":0.0},{"damage_healed":0.0,"max_hp_gain":0.0,"max_hp_loss":0.0,"gold_gain":0.0,"event_name":"Vampires","player_choice":"Ignored","floor":20.0,"gold_loss":0.0,"damage_taken":0.0},{"cards_removed":["Strike_R"],"damage_healed":0.0,"max_hp_gain":0.0,"max_hp_loss":0.0,"gold_gain":0.0,"event_name":"Wheel of Change","player_choice":"Card Removal","floor":21.0,"gold_loss":0.0,"damage_taken":0.0},{"damage_healed":0.0,"max_hp_gain":5.0,"max_hp_loss":0.0,"gold_gain":0.0,"event_name":"Forgotten Altar","player_choice":"Shed Blood","floor":27.0,"gold_loss":0.0,"damage_taken":29.0},{"damage_healed":0,"gold_gain":0,"player_choice":"Paid Fearfully","damage_taken":0,"max_hp_gain":0,"max_hp_loss":0,"event_name":"Masked Bandits","floor":31,"gold_loss":59},{"damage_healed":0,"gold_gain":0,"player_choice":"Fight","damage_taken":0,"max_hp_gain":0,"max_hp_loss":0,"event_name":"MindBloom","floor":37,"gold_loss":0},{"damage_healed":0,"gold_gain":0,"player_choice":"Ignored","damage_taken":0,"max_hp_gain":0,"max_hp_loss":0,"event_name":"Mysterious Sphere","floor":38,"gold_loss":0},{"damage_healed":0,"gold_gain":0,"cards_transformed":["Defend_R"],"player_choice":"Transformed","damage_taken":0,"max_hp_gain":0,"max_hp_loss":0,"event_name":"Transmorgrifier","floor":39,"gold_loss":0,"cards_obtained":["Entrench"]}],"is_beta":false,"boss_relics":[{"not_picked":["Calling Bell","Runic Dome"],"picked":"Sozu"},{"not_picked":["Empty Cage","Lizard Tail"],"picked":"Snecko Eye"}],"items_purged_floors":[3,13,30],"is_endless":false,"potions_floor_spawned":[7,10,16,18,22,24,35,41,47,48],"ascension_level":15}