{"gold_per_floor":[127,139,151,179,207,219,266,278,290,32,32,51,76,5,5,5],"floor_reached":16,"playtime":382,"items_purged":["Strike_B"],"score":175,"play_id":"01938428-4355-4738-9507-0f37f32cb534","local_time":"20181010225427","is_ascension_mode":true,"campfire_choices":[{"data":"Zap","floor":6.0,"key":"SMITH"},{"data":"Capacitor","floor":8.0,"key":"SMITH"},{"data":"Creative AI","floor":15,"key":"SMITH"}],"neow_cost":"NONE","seed_source_timestamp":723998628466343,"circlet_count":0,"master_deck":["Strike_B","Strike_B","Strike_B","Defend_B","Defend_B","Defend_B","Defend_B","Zap+1","Dualcast","AscendersBane","Chill","Streamline","Capacitor+1","White Noise","Creative AI+1"],"special_seed":0,"relics":["Cracked Core","MawBank","Golden Idol","Letter Opener","Ancient Tea Set","PrismaticShard"],"potions_floor_usage":[16],"damage_taken":[{"damage":4.0,"enemies":"Jaw Worm","floor":1.0,"turns":4.0},{"damage":0.0,"enemies":"Small Slimes","floor":4.0,"turns":3.0},{"damage":2.0,"enemies":"2 Louse","floor":5.0,"turns":2.0},{"damage":18.0,"enemies":"3 Sentries","floor":7.0,"turns":6.0},{"damage":20,"enemies":"Lots of Slimes","floor":12,"turns":3},{"damage":14,"enemies":"Blue Slaver","floor":13,"turns":4},{"damage":12,"enemies":"Slime Boss","floor":16,"turns":7}],"seed_played":"-6789310083244252369","potions_obtained":[{"floor":5.0,"key":"LiquidBronze"},{"floor":13,"key":"Fire Potion"}],"is_trial":false,"path_per_floor":["M","?","?","M","M","R","E","R","T","$","?","M","M","$","R"],"character_chosen":"DEFECT","items_purchased":["PrismaticShard","Creative AI"],"campfire_rested":0,"item_purchase_floors":[10,14],"current_hp_per_floor":[60,60,60,60,58,58,40,40,40,40,40,20,6,6,6,0],"gold":5,"neow_bonus":"RANDOM_COMMON_RELIC","is_prod":false,"is_daily":false,"chose_seed":false,"campfire_upgraded":3,"win_rate":0,"timestamp":1539183267,"path_taken":["M","?","?","?","M","R","E","R","T","?","?","M","?","?","R","BOSS"],"build_version":"2018-10-04v2","purchased_purges":1,"victory":false,"max_hp_per_floor":[71,71,64,64,64,64,64,64,64,64,64,64,64,64,64,64],"card_choices":[{"not_picked":["Steam","Skim"],"picked":"Chill","floor":1.0},{"not_picked":["Turbo","Rip and Tear"],"picked":"Streamline","floor":4.0},{"not_picked":["Barrage","Steam"],"picked":"Capacitor","floor":5.0},{"not_picked":["Recycle","Rainbow"],"picked":"White Noise","floor":7.0},{"not_picked":["Dropkick","Madness","Warcry"],"picked":"SKIP","floor":12},{"not_picked":["Distraction","Underhanded Strike","Sword Boomerang"],"picked":"SKIP","floor":13}],"player_experience":275813,"relics_obtained":[{"floor":7.0,"key":"Letter Opener"},{"floor":9.0,"key":"Ancient Tea Set"}],"event_choices":[{"event_name":"Liars Game","player_choice":"disagreed","floor":2.0,"damage_taken":0.0},{"event_name":"Golden Idol","player_choice":"Lose Max HP","floor":3.0,"damage_taken":0.0},{"event_name":"Dead Adventurer","player_choice":"Searched \u00271\u0027 times","floor":11,"damage_taken":0}],"is_beta":false,"boss_relics":[],"items_purged_floors":[10],"is_endless":false,"potions_floor_spawned":[5,13],"killed_by":"Slime Boss","ascension_level":15}