{"gold_per_floor":[213,224,26,26,36,71,221,221,221,221,221,232,288,304,304,304],"floor_reached":16,"playtime":821,"items_purged":[],"score":175,"play_id":"5f9c21d4-6d62-4865-b991-305810b92648","local_time":"20190426015029","is_ascension_mode":true,"campfire_choices":[{"floor":8,"key":"REST"},{"data":"Neutralize","floor":11,"key":"SMITH"},{"floor":15,"key":"REST"}],"neow_cost":"NONE","seed_source_timestamp":95336883496037,"circlet_count":0,"master_deck":["AscendersBane","Defend_G","Defend_G","Defend_G","Defend_G","Defend_G","Strike_G","Strike_G","Strike_G","Strike_G","Strike_G","Survivor","Neutralize+1","Poisoned Stab","Caltrops","Die Die Die","Deflect","Blur","Doppelganger","Doubt","Decay","Leg Sweep+1","Cloak And Dagger+1","Acrobatics+1"],"relics":["Ring of the Snake","Ninja Scroll","Toxic Egg 2","Bag of Preparation"],"potions_floor_usage":[10,16],"damage_taken":[{"damage":0,"enemies":"2 Louse","floor":1,"turns":3},{"damage":0,"enemies":"Small Slimes","floor":2,"turns":3},{"damage":5,"enemies":"Cultist","floor":5,"turns":4},{"damage":40,"enemies":"Gremlin Nob","floor":6,"turns":5},{"damage":8,"enemies":"Blue Slaver","floor":12,"turns":4},{"damage":15,"enemies":"3 Sentries","floor":13,"turns":11},{"damage":0,"enemies":"Exordium Wildlife","floor":14,"turns":4},{"damage":36,"enemies":"Hexaghost","floor":16,"turns":9}],"seed_played":"-2811917535544586765","potions_obtained":[{"floor":5,"key":"Fruit Juice"},{"floor":13,"key":"LiquidBronze"}],"is_trial":false,"path_per_floor":["M","M","$","?","M","E","?","R","T","?","R","M","?","M","R","B"],"character_chosen":"THE_SILENT","items_purchased":["Die Die Die","Deflect"],"campfire_rested":2,"item_purchase_floors":[3,3],"current_hp_per_floor":[59,59,59,59,54,14,14,33,33,38,38,30,15,15,36,0],"gold":304,"neow_bonus":"HUNDRED_GOLD","is_prod":false,"is_daily":false,"chose_seed":false,"campfire_upgraded":1,"win_rate":0,"timestamp":1556236229,"path_taken":["M","M","$","?","M","E","?","R","T","?","R","?","?","M","R","BOSS"],"build_version":"2019-01-23","purchased_purges":0,"victory":false,"max_hp_per_floor":[66,66,66,66,66,66,66,66,66,71,71,71,71,71,71,71],"card_choices":[{"not_picked":["Prepared","Dagger Throw"],"picked":"Poisoned Stab","floor":1},{"not_picked":["Cloak And Dagger","Acrobatics"],"picked":"Caltrops","floor":2},{"not_picked":["Dodge and Roll","Dagger Spray"],"picked":"Blur","floor":5},{"not_picked":["Bane","Riddle With Holes"],"picked":"Doppelganger","floor":6},{"not_picked":["Underhanded Strike","Dodge and Roll+1"],"picked":"Leg Sweep+1","floor":12},{"not_picked":["Sucker Punch","Quick Slash"],"picked":"Cloak And Dagger+1","floor":13},{"not_picked":["Flying Knee","Underhanded Strike"],"picked":"Acrobatics+1","floor":14}],"player_experience":516525,"relics_obtained":[{"floor":6,"key":"Ninja Scroll"},{"floor":9,"key":"Toxic Egg 2"},{"floor":13,"key":"Bag of Preparation"}],"event_choices":[{"damage_healed":0,"gold_gain":0,"player_choice":"Leave","damage_taken":0,"max_hp_gain":0,"max_hp_loss":0,"event_name":"The Cleric","floor":4,"gold_loss":0},{"damage_healed":0,"gold_gain":150,"player_choice":"AGREE","damage_taken":0,"max_hp_gain":0,"max_hp_loss":0,"event_name":"Liars Game","floor":7,"gold_loss":0,"cards_obtained":["Doubt"]},{"damage_healed":0,"gold_gain":0,"player_choice":"Cursed","damage_taken":0,"max_hp_gain":0,"max_hp_loss":0,"event_name":"Wheel of Change","floor":10,"gold_loss":0,"cards_obtained":["Decay"]},{"damage_healed":0,"gold_gain":0,"player_choice":"Searched \u00271\u0027 times","damage_taken":0,"max_hp_gain":0,"max_hp_loss":0,"event_name":"Dead Adventurer","floor":13,"gold_loss":0}],"is_beta":false,"boss_relics":[],"items_purged_floors":[],"is_endless":false,"potions_floor_spawned":[5,13],"killed_by":"Hexaghost","ascension_level":15}