{"gold_per_floor":[109,109,5,5,15,15,46,46,71,96,108,126,140,152,152,229,229,241,254,304,322,247,303,303],"floor_reached":24,"playtime":898,"items_purged":[],"score":606,"play_id":"e357b66b-1643-4606-91a3-051a91cbf542","local_time":"20190223212150","is_ascension_mode":true,"campfire_choices":[{"data":"Zap","floor":6.0,"key":"SMITH"},{"data":"Turbo","floor":8.0,"key":"SMITH"},{"data":"Defragment","floor":15.0,"key":"SMITH"}],"neow_cost":"NONE","seed_source_timestamp":522935982318336,"circlet_count":0,"master_deck":["AscendersBane","Strike_B","Defend_B","Defend_B","Defend_B","Defend_B","Zap+1","Dualcast","Chaos+1","Cold Snap","Steam","Capacitor","Turbo+1","BootSequence","Glacier","Coolheaded","FTL","Compile Driver","Buffer","Cold Snap","Defragment+1","Chill","Echo Form","Skim","White Noise","Capacitor","BootSequence+1","Hologram","Force Field+1","Sweeping Beam","Rainbow","Double Energy+1"],"special_seed":0,"relics":["Cracked Core","NeowsBlessing","Dream Catcher","Bag of Preparation","Prayer Wheel","Black Star","Toxic Egg 2","Tiny Chest"],"potions_floor_usage":[],"damage_taken":[{"damage":0.0,"enemies":"Small Slimes","floor":1.0,"turns":1.0},{"damage":0.0,"enemies":"Cultist","floor":5.0,"turns":1.0},{"damage":0.0,"enemies":"3 Sentries","floor":7.0,"turns":1.0},{"damage":56.0,"enemies":"Gremlin Nob","floor":10.0,"turns":5.0},{"damage":0.0,"enemies":"Jaw Worm","floor":11.0,"turns":3.0},{"damage":2.0,"enemies":"Red Slaver","floor":12.0,"turns":3.0},{"damage":0.0,"enemies":"2 Fungi Beasts","floor":13.0,"turns":2.0},{"damage":0.0,"enemies":"3 Louse","floor":14.0,"turns":5.0},{"damage":0.0,"enemies":"The Guardian","floor":16.0,"turns":9.0},{"damage":0.0,"enemies":"Spheric Guardian","floor":18.0,"turns":5.0},{"damage":7.0,"enemies":"3 Byrds","floor":19.0,"turns":8.0},{"damage":13.0,"enemies":"Cultist and Chosen","floor":21.0,"turns":9.0},{"damage":18.0,"enemies":"Gremlin Leader","floor":23.0,"turns":7.0},{"damage":21,"enemies":"3 Cultists","floor":24,"turns":5}],"seed_played":"4903345946610785453","potions_obtained":[{"floor":1.0,"key":"Dexterity Potion"},{"floor":10.0,"key":"Swift Potion"},{"floor":16.0,"key":"Strength Potion"}],"is_trial":false,"path_per_floor":["M","?","$","?","M","R","E","R","T","E","M","M","M","M","R","B",null,"M","M","?","M","?","E","M"],"character_chosen":"DEFECT","items_purchased":["Cold Snap","Steam"],"campfire_rested":0,"item_purchase_floors":[3,3],"current_hp_per_floor":[64,64,64,64,64,64,64,64,64,8,8,6,6,6,6,6,55,55,48,48,35,35,17,0],"gold":303,"neow_bonus":"THREE_ENEMY_KILL","is_prod":false,"is_daily":false,"chose_seed":false,"campfire_upgraded":3,"win_rate":0,"timestamp":1550928110,"path_taken":["M","?","$","?","?","R","E","R","T","E","M","M","M","M","R","BOSS","M","M","?","?","?","E","?"],"build_version":"2019-01-23","purchased_purges":0,"victory":false,"max_hp_per_floor":[71,71,71,71,71,71,71,71,71,71,71,71,71,71,71,71,71,71,71,71,71,71,71,71],"card_choices":[{"not_picked":["Melter","Reprogram"],"picked":"Chaos","floor":1.0},{"not_picked":["Beam Cell","Lockon"],"picked":"Capacitor","floor":5.0},{"not_picked":["White Noise","Fusion"],"picked":"Turbo","floor":7.0},{"not_picked":["Barrage","Beam Cell"],"picked":"BootSequence","floor":10.0},{"not_picked":["Doom and Gloom","Heatsinks"],"picked":"Glacier","floor":11.0},{"not_picked":["Compile Driver","Steam"],"picked":"Coolheaded","floor":11.0},{"not_picked":["Gash","Steam"],"picked":"FTL","floor":12.0},{"not_picked":["Sweeping Beam","Heatsinks"],"picked":"Compile Driver","floor":12.0},{"not_picked":["Hello World","Beam Cell"],"picked":"Buffer","floor":13.0},{"not_picked":["Leap","Streamline"],"picked":"Cold Snap","floor":13.0},{"not_picked":["Skim","Rebound"],"picked":"Defragment","floor":14.0},{"not_picked":["Fusion","Auto Shields"],"picked":"Chill","floor":14.0},{"not_picked":["Seek","All For One"],"picked":"Echo Form","floor":16.0},{"not_picked":["Coolheaded","Go for the Eyes"],"picked":"Skim","floor":18.0},{"not_picked":["Barrage","Sunder"],"picked":"White Noise","floor":18.0},{"not_picked":["Barrage","Steam Power"],"picked":"Capacitor","floor":19.0},{"not_picked":["BootSequence+1","Redo","Barrage"],"picked":"SKIP","floor":19.0},{"not_picked":["Redo","Barrage"],"picked":"BootSequence+1","floor":19.0},{"not_picked":["Sunder","Sweeping Beam"],"picked":"Hologram","floor":21.0},{"not_picked":["Leap","Meteor Strike"],"picked":"Force Field+1","floor":21.0},{"not_picked":["Static Discharge","Barrage"],"picked":"Double Energy","floor":23.0}],"player_experience":946936,"relics_obtained":[{"floor":7.0,"key":"Dream Catcher"},{"floor":9.0,"key":"Bag of Preparation"},{"floor":10.0,"key":"Prayer Wheel"},{"floor":23.0,"key":"Toxic Egg 2"},{"floor":23.0,"key":"Tiny Chest"}],"event_choices":[{"damage_healed":0.0,"max_hp_gain":0.0,"max_hp_loss":0.0,"gold_gain":0.0,"event_name":"Upgrade Shrine","player_choice":"Upgraded","floor":2.0,"gold_loss":0.0,"damage_taken":0.0,"cards_upgraded":["Chaos"]},{"cards_removed":["Strike_B"],"damage_healed":0.0,"max_hp_gain":0.0,"max_hp_loss":0.0,"gold_gain":0.0,"event_name":"Purifier","player_choice":"Purged","floor":4.0,"gold_loss":0.0,"damage_taken":0.0},{"damage_healed":0.0,"max_hp_gain":0.0,"max_hp_loss":0.0,"gold_gain":50.0,"event_name":"Golden Shrine","player_choice":"Pray","floor":20.0,"gold_loss":0.0,"damage_taken":0.0},{"damage_healed":0.0,"max_hp_gain":0.0,"max_hp_loss":0.0,"gold_gain":0.0,"cards_transformed":["Strike_B","Strike_B"],"event_name":"Designer","player_choice":"Transformed Cards","floor":22.0,"gold_loss":75.0,"damage_taken":0.0,"cards_obtained":["Sweeping Beam","Rainbow"]}],"is_beta":false,"boss_relics":[{"not_picked":["Velvet Choker","Fusion Hammer"],"picked":"Black Star"}],"items_purged_floors":[],"is_endless":false,"potions_floor_spawned":[1,10,12,16,19,21],"killed_by":"3 Cultists","ascension_level":20}