{"gold_per_floor":[113,113,113,24,37,37,37,50,124,167,167,62,62,77,77,77],"floor_reached":16,"playtime":235,"items_purged":["Strike_B"],"score":196,"play_id":"cd33c9cf-f353-42fd-a947-ed6fcd154a94","local_time":"20190218025127","is_ascension_mode":true,"campfire_choices":[{"data":"Beam Cell","floor":6,"key":"SMITH"},{"data":"Sunder","floor":11,"key":"SMITH"},{"data":"Zap","floor":13,"key":"SMITH"},{"data":"Dualcast","floor":15,"key":"SMITH"}],"neow_cost":"NONE","seed_source_timestamp":24783487216125,"circlet_count":0,"master_deck":["AscendersBane","Strike_B","Strike_B","Defend_B","Defend_B","Defend_B","Defend_B","Zap+1","Dualcast+1","Beam Cell+1","Blizzard","BootSequence","Sunder+1","Ball Lightning","Reboot"],"relics":["Cracked Core","NeowsBlessing","Golden Idol","Matryoshka","The Courier"],"potions_floor_usage":[],"damage_taken":[{"damage":0,"enemies":"Jaw Worm","floor":1,"turns":1},{"damage":0,"enemies":"Small Slimes","floor":5,"turns":1},{"damage":0,"enemies":"2 Louse","floor":8,"turns":1},{"damage":34,"enemies":"Lagavulin","floor":10,"turns":8},{"damage":0,"enemies":"Looter","floor":14,"turns":2},{"damage":26,"enemies":"The Guardian","floor":16,"turns":7}],"seed_played":"-3425466221224101078","potions_obtained":[{"floor":1,"key":"Ancient Potion"}],"is_trial":false,"path_per_floor":["M","?","?","$","M","R","?","M","T","E","R","$","R","M","R","B"],"character_chosen":"DEFECT","items_purchased":["Blizzard","Ball Lightning"],"campfire_rested":0,"item_purchase_floors":[4,12],"current_hp_per_floor":[64,64,57,57,57,57,57,57,57,23,23,23,23,23,23,0],"gold":77,"neow_bonus":"THREE_ENEMY_KILL","is_prod":false,"is_daily":false,"chose_seed":false,"campfire_upgraded":4,"win_rate":0,"timestamp":1550429487,"path_taken":["M","?","?","$","M","R","?","M","T","E","R","$","R","M","R","BOSS"],"build_version":"2019-01-23","purchased_purges":1,"victory":false,"max_hp_per_floor":[71,64,64,64,64,64,64,64,64,64,64,64,64,64,64,64],"card_choices":[{"not_picked":["Chill","Melter"],"picked":"Beam Cell","floor":1},{"not_picked":["Barrage","Sweeping Beam","Steam"],"picked":"SKIP","floor":5},{"not_picked":["Rebound","Turbo"],"picked":"BootSequence","floor":8},{"not_picked":["Turbo","Genetic Algorithm"],"picked":"Sunder","floor":10},{"not_picked":["Leap","Barrage"],"picked":"Reboot","floor":14}],"player_experience":813320,"relics_obtained":[{"floor":9,"key":"Matryoshka"},{"floor":10,"key":"The Courier"}],"event_choices":[{"damage_healed":0,"gold_gain":0,"player_choice":"Lose Max HP","damage_taken":0,"relics_obtained":["Golden Idol"],"max_hp_gain":0,"max_hp_loss":7,"event_name":"Golden Idol","floor":2,"gold_loss":0},{"cards_removed":["Strike_B"],"damage_healed":0,"gold_gain":0,"player_choice":"Card Removal","damage_taken":7,"max_hp_gain":0,"max_hp_loss":0,"event_name":"Golden Wing","floor":3,"gold_loss":0},{"damage_healed":0,"gold_gain":0,"player_choice":"Ignored","damage_taken":0,"max_hp_gain":0,"max_hp_loss":0,"event_name":"Liars Game","floor":7,"gold_loss":0}],"is_beta":false,"boss_relics":[],"items_purged_floors":[12],"is_endless":false,"potions_floor_spawned":[1],"killed_by":"The Guardian","ascension_level":20}