{"gold_per_floor":[113,113,113,113,129,129,153,153,153,153,153],"floor_reached":11,"playtime":87,"items_purged":[],"score":122,"play_id":"68e970e9-4aea-4a43-ace5-23bfeccbb8ba","local_time":"20190126221829","is_ascension_mode":true,"campfire_choices":[{"data":"Caltrops","floor":6,"key":"SMITH"},{"data":"Neutralize","floor":8,"key":"SMITH"},{"data":"Footwork","floor":10,"key":"SMITH"}],"neow_cost":"NONE","seed_source_timestamp":49620746339879,"circlet_count":0,"master_deck":["AscendersBane","Defend_G","Defend_G","Defend_G","Defend_G","Defend_G","Strike_G","Strike_G","Strike_G","Strike_G","Survivor","Neutralize+1","Concentrate","Caltrops+1","Footwork+1"],"relics":["Ring of the Snake","NeowsBlessing","Golden Idol"],"potions_floor_usage":[],"damage_taken":[{"damage":0,"enemies":"Small Slimes","floor":1,"turns":1},{"damage":0,"enemies":"2 Louse","floor":5,"turns":1},{"damage":0,"enemies":"Jaw Worm","floor":7,"turns":1},{"damage":0,"enemies":"Large Slime","floor":11,"turns":1}],"seed_played":"-2079944946027752454","potions_obtained":[{"floor":1,"key":"Poison Potion"}],"is_trial":false,"path_per_floor":["M","?","?","?","M","R","M","R","T","R","M"],"character_chosen":"THE_SILENT","items_purchased":[],"campfire_rested":0,"item_purchase_floors":[],"current_hp_per_floor":[59,59,64,64,64,64,64,64,64,64,64],"gold":153,"neow_bonus":"THREE_ENEMY_KILL","is_prod":false,"is_daily":false,"chose_seed":false,"campfire_upgraded":3,"win_rate":0,"timestamp":1548512309,"path_taken":["M","?","?","?","M","R","M","R","T","R","M"],"build_version":"2019-01-23","purchased_purges":0,"victory":false,"max_hp_per_floor":[66,66,71,64,64,64,64,64,64,64,64],"card_choices":[{"not_picked":["Setup","Slice"],"picked":"Concentrate","floor":1},{"not_picked":["Blade Dance","Poisoned Stab","Underhanded Strike"],"picked":"SKIP","floor":5},{"not_picked":["Deflect","Flechettes"],"picked":"Footwork","floor":7}],"player_experience":2298786,"relics_obtained":[],"event_choices":[{"damage_healed":0,"gold_gain":0,"cards_transformed":["Strike_G"],"player_choice":"Change","damage_taken":0,"max_hp_gain":0,"max_hp_loss":0,"event_name":"Living Wall","floor":2,"gold_loss":0,"cards_obtained":["Caltrops"]},{"damage_healed":0,"gold_gain":0,"player_choice":"Donut","damage_taken":0,"max_hp_gain":5,"max_hp_loss":0,"event_name":"Big Fish","floor":3,"gold_loss":0},{"damage_healed":0,"gold_gain":0,"player_choice":"Lose Max HP","damage_taken":0,"relics_obtained":["Golden Idol"],"max_hp_gain":0,"max_hp_loss":7,"event_name":"Golden Idol","floor":4,"gold_loss":0}],"is_beta":false,"boss_relics":[],"items_purged_floors":[],"is_endless":false,"potions_floor_spawned":[1],"killed_by":"Large Slime","ascension_level":20}