{"gold_per_floor":[366,291,16,36,36,36,69,69,69,69,26,26,61,80,80,80],"floor_reached":16,"playtime":391,"items_purged":[],"score":212,"play_id":"c87d6cb4-eb66-4c37-b29f-0854638a116f","local_time":"20190301111736","is_ascension_mode":true,"campfire_choices":[{"data":"Noxious Fumes","floor":6.0,"key":"SMITH"},{"data":"Neutralize","floor":8.0,"key":"SMITH"},{"data":"Dagger Throw","floor":10.0,"key":"SMITH"},{"data":"Predator","floor":15,"key":"SMITH"}],"neow_cost":"PERCENT_DAMAGE","seed_source_timestamp":6059576706081,"circlet_count":0,"master_deck":["AscendersBane","Defend_G","Defend_G","Defend_G","Defend_G","Defend_G","Strike_G","Strike_G","Strike_G","Strike_G","Survivor","Neutralize+1","Dagger Throw+1","Noxious Fumes+1","Reflex","Predator+1","Expertise","Prepared"],"special_seed":0,"relics":["Ring of the Snake","Meat on the Bone","Art of War","Bag of Marbles","Ancient Tea Set"],"potions_floor_usage":[13],"damage_taken":[{"damage":19.0,"enemies":"Jaw Worm","floor":1.0,"turns":8.0},{"damage":1.0,"enemies":"2 Louse","floor":4.0,"turns":3.0},{"damage":17.0,"enemies":"3 Sentries","floor":7.0,"turns":8.0},{"damage":7,"enemies":"Gremlin Nob","floor":13,"turns":3},{"damage":0,"enemies":"Small Slimes","floor":14,"turns":2},{"damage":31,"enemies":"Slime Boss","floor":16,"turns":6}],"seed_played":"-8410143361248152128","potions_obtained":[{"floor":4.0,"key":"Fire Potion"},{"floor":7.0,"key":"Ancient Potion"},{"floor":12.0,"key":"Swift Potion"}],"is_trial":false,"path_per_floor":["M","?","$","M","?","R","E","R","T","R","$","?","E","M","R","B"],"character_chosen":"THE_SILENT","items_purchased":["Meat on the Bone","Predator"],"campfire_rested":0,"item_purchase_floors":[3,11],"current_hp_per_floor":[25,25,25,36,41,41,36,36,36,36,36,36,41,41,41,10],"gold":80,"neow_bonus":"TWO_FIFTY_GOLD","is_prod":false,"is_daily":false,"chose_seed":false,"campfire_upgraded":4,"win_rate":0,"timestamp":1551410256,"path_taken":["M","?","$","M","?","R","E","R","T","R","$","?","E","M","R","BOSS"],"build_version":"2019-01-23","purchased_purges":0,"victory":false,"max_hp_per_floor":[66,66,66,66,71,71,71,71,71,71,71,71,71,71,71,71],"card_choices":[{"not_picked":["Sucker Punch","Flying Knee"],"picked":"Dagger Throw","floor":1.0},{"not_picked":["Flying Knee","Deadly Poison"],"picked":"Noxious Fumes","floor":4.0},{"not_picked":["Acrobatics","Crippling Poison"],"picked":"Reflex","floor":7.0},{"not_picked":["Burst","Poisoned Stab"],"picked":"Expertise","floor":13},{"not_picked":["Eviscerate","Caltrops"],"picked":"Prepared","floor":14}],"player_experience":3253648,"relics_obtained":[{"floor":7.0,"key":"Art of War"},{"floor":9.0,"key":"Bag of Marbles"},{"floor":13,"key":"Ancient Tea Set"}],"event_choices":[{"cards_removed":["Strike_G"],"damage_healed":0.0,"max_hp_gain":0.0,"max_hp_loss":0.0,"gold_gain":0.0,"event_name":"The Cleric","player_choice":"Card Removal","floor":2.0,"gold_loss":75.0,"damage_taken":0.0},{"damage_healed":0.0,"max_hp_gain":5.0,"max_hp_loss":0.0,"gold_gain":0.0,"event_name":"Big Fish","player_choice":"Donut","floor":5.0,"gold_loss":0.0,"damage_taken":0.0},{"damage_healed":0.0,"max_hp_gain":0.0,"max_hp_loss":0.0,"gold_gain":0.0,"event_name":"Lab","player_choice":"Got Potions","floor":12.0,"gold_loss":0.0,"damage_taken":0.0}],"is_beta":false,"boss_relics":[],"items_purged_floors":[],"is_endless":false,"potions_floor_spawned":[4,7],"killed_by":"Slime Boss","ascension_level":20}