{"gold_per_floor":[113,127,52,52,66,66,66,66,116,126,143,143,175,194,194,294,294,312,237,337,356,256,256,256,256,256,269,269],"floor_reached":28,"playtime":1151,"items_purged":["Strike_B","Defend_B"],"score":218,"play_id":"ff17ddf3-a4a9-4074-8893-daf6cd47af4d","local_time":"20190105200241","is_ascension_mode":false,"campfire_choices":[{"data":"Fusion","floor":6,"key":"SMITH"},{"data":"Darkness","floor":8,"key":"SMITH"},{"data":"Zap","floor":12,"key":"SMITH"},{"data":"Reboot","floor":15,"key":"SMITH"},{"data":"Skim","floor":23,"key":"SMITH"},{"data":"Sweeping Beam","floor":25,"key":"SMITH"}],"neow_cost":"NONE","seed_source_timestamp":13838909475624,"circlet_count":0,"master_deck":["Strike_B","Strike_B","Strike_B","Defend_B","Defend_B","Zap+1","Dualcast","Darkness+1","Finisher+1","Fusion+1","Gash","Reboot+1","Skim+1","Machine Learning","FTL","Streamline+1","Sweeping Beam+1","Coolheaded"],"relics":["Cracked Core","Shuriken","Orichalcum","Cables","Coffee Dripper","Ginger","Dodecahedron"],"potions_floor_usage":[20,20,27,27],"damage_taken":[{"damage":0,"enemies":"Small Slimes","floor":1,"turns":3},{"damage":4,"enemies":"Cultist","floor":2,"turns":4},{"damage":0,"enemies":"2 Louse","floor":5,"turns":2},{"damage":4,"enemies":"Looter","floor":10,"turns":4},{"damage":3,"enemies":"3 Louse","floor":11,"turns":4},{"damage":28,"enemies":"3 Sentries","floor":13,"turns":7},{"damage":4,"enemies":"Blue Slaver","floor":14,"turns":3},{"damage":31,"enemies":"The Guardian","floor":16,"turns":9},{"damage":14,"enemies":"Shell Parasite","floor":18,"turns":4},{"damage":30,"enemies":"Colosseum Slavers","floor":20,"turns":3},{"damage":37,"enemies":"Colosseum Nobs","floor":20,"turns":4},{"damage":0,"enemies":"Spheric Guardian","floor":21,"turns":3},{"damage":21,"enemies":"Shelled Parasite and Fungi","floor":27,"turns":3},{"damage":18,"enemies":"Gremlin Leader","floor":28,"turns":1}],"seed_played":"-7564552660017255323","potions_obtained":[{"floor":10,"key":"Energy Potion"},{"floor":11,"key":"Poison Potion"},{"floor":13,"key":"FearPotion"},{"floor":16,"key":"Regen Potion"},{"floor":21,"key":"Swift Potion"},{"floor":27,"key":"SteroidPotion"}],"is_trial":false,"path_per_floor":["M","M","$","?","M","R","T","R","T","M","M","R","E","M","R","B",null,"M","?","?","M","$","R","?","R","T","M","E"],"character_chosen":"DEFECT","items_purchased":[],"campfire_rested":0,"item_purchase_floors":[],"current_hp_per_floor":[82,78,78,78,78,78,78,78,78,74,71,71,43,39,39,8,82,68,68,10,10,10,10,37,37,37,16,0],"gold":269,"neow_bonus":"TEN_PERCENT_HP_BONUS","is_prod":false,"is_daily":false,"chose_seed":false,"campfire_upgraded":6,"win_rate":0,"timestamp":1546714961,"path_taken":["M","M","$","?","?","R","?","R","T","M","M","R","E","M","R","BOSS","M","?","?","M","$","R","?","R","T","M","E"],"build_version":"2019-01-03v4","purchased_purges":2,"victory":false,"max_hp_per_floor":[82,82,82,82,82,82,82,82,82,82,82,82,82,82,82,82,82,82,82,82,82,82,82,82,82,82,82,82],"card_choices":[{"not_picked":["Gash","Hologram"],"picked":"Darkness","floor":1},{"not_picked":["Barrage","Consume"],"picked":"Hologram","floor":2},{"not_picked":["Auto Shields","Hologram"],"picked":"Fusion","floor":5},{"not_picked":["Sweeping Beam","Stack","Reprogram"],"picked":"SKIP","floor":10},{"not_picked":["Stack","Turbo"],"picked":"Gash","floor":11},{"not_picked":["Consume","Beam Cell"],"picked":"Reboot","floor":13},{"not_picked":["Ball Lightning","Stack"],"picked":"Skim","floor":14},{"not_picked":["Biased Cognition","Hyperbeam"],"picked":"Machine Learning","floor":16},{"not_picked":["Go for the Eyes","Cold Snap"],"picked":"FTL","floor":18},{"not_picked":["Glacier","Barrage"],"picked":"Streamline+1","floor":20},{"not_picked":["Hologram","Glacier"],"picked":"Sweeping Beam","floor":21},{"not_picked":["Stack","Beam Cell"],"picked":"Coolheaded","floor":27}],"player_experience":401102,"relics_obtained":[{"floor":7,"key":"Shuriken"},{"floor":9,"key":"Orichalcum"},{"floor":13,"key":"Cables"},{"floor":20,"key":"Ginger"},{"floor":20,"key":"Dodecahedron"}],"event_choices":[{"cards_removed":["Hologram"],"damage_healed":0,"gold_gain":0,"player_choice":"Took Card","damage_taken":0,"max_hp_gain":0,"max_hp_loss":0,"event_name":"NoteForYourself","floor":4,"gold_loss":0,"cards_obtained":["Finisher"]},{"cards_removed":["Defend_B"],"damage_healed":0,"gold_gain":0,"player_choice":"Gave Gold","damage_taken":0,"max_hp_gain":0,"max_hp_loss":0,"event_name":"Beggar","floor":19,"gold_loss":75},{"damage_healed":0,"gold_gain":0,"player_choice":"Fight","damage_taken":0,"max_hp_gain":0,"max_hp_loss":0,"event_name":"Colosseum","floor":20,"gold_loss":0},{"damage_healed":0,"gold_gain":0,"player_choice":"Fought Nobs","damage_taken":0,"max_hp_gain":0,"max_hp_loss":0,"event_name":"Colosseum","floor":20,"gold_loss":0},{"damage_healed":27,"gold_gain":0,"player_choice":"Heal","damage_taken":0,"max_hp_gain":0,"max_hp_loss":0,"event_name":"The Library","floor":24,"gold_loss":0}],"is_beta":false,"boss_relics":[{"not_picked":["Cursed Key","Runic Pyramid"],"picked":"Coffee Dripper"}],"items_purged_floors":[3,22],"is_endless":false,"potions_floor_spawned":[10,11,13,16,21,27],"killed_by":"Gremlin Leader","ascension_level":0}