{"gold_per_floor":[115,115,27,302,142,171,183,226,288,314,354,31,31,41,41,114,114,131,145,145],"floor_reached":20,"playtime":556,"items_purged":["Regret","Strike_G"],"score":580,"play_id":"02771942-99a0-4a7c-91e9-01c490dbc8ac","local_time":"20190405013348","is_ascension_mode":true,"campfire_choices":[{"data":"Catalyst","floor":7.0,"key":"SMITH"},{"data":"Catalyst","floor":13.0,"key":"SMITH"},{"data":"Catalyst","floor":15.0,"key":"SMITH"}],"neow_cost":"NONE","seed_source_timestamp":46890572181273,"circlet_count":0,"master_deck":["AscendersBane","Defend_G+1","Defend_G","Defend_G","Defend_G","Defend_G+1","Strike_G","Strike_G","Strike_G","Strike_G","Survivor","Neutralize","Catalyst+1","Well Laid Plans","Catalyst+1","Bouncing Flask","Backflip","Escape Plan","Noxious Fumes","Catalyst+1","Concentrate","Acrobatics+1","Calculated Gamble"],"special_seed":0,"relics":["Ring of the Snake","NeowsBlessing","MawBank","Vajra","Potion Belt","Smiling Mask","Strange Spoon","Coffee Dripper"],"potions_floor_usage":[],"damage_taken":[{"damage":0.0,"enemies":"Jaw Worm","floor":1.0,"turns":1.0},{"damage":0.0,"enemies":"3 Sentries","floor":6.0,"turns":1.0},{"damage":0.0,"enemies":"Gremlin Nob","floor":8.0,"turns":1.0},{"damage":0.0,"enemies":"2 Louse","floor":10.0,"turns":3.0},{"damage":21.0,"enemies":"3 Sentries","floor":11.0,"turns":14.0},{"damage":0.0,"enemies":"Cultist","floor":14.0,"turns":4.0},{"damage":0.0,"enemies":"Slime Boss","floor":16.0,"turns":6.0},{"damage":13,"enemies":"2 Thieves","floor":18,"turns":4},{"damage":20,"enemies":"Chosen","floor":19,"turns":5},{"damage":0,"enemies":"Sentry and Sphere","floor":20,"turns":1}],"seed_played":"4134120272363657137","potions_obtained":[{"floor":6.0,"key":"Weak Potion"},{"floor":11.0,"key":"Dexterity Potion"},{"floor":14.0,"key":"SteroidPotion"},{"floor":16.0,"key":"SteroidPotion"}],"is_trial":false,"path_per_floor":["M","?","$","?","$","E","R","E","T","M","E","$","R","M","R","B",null,"M","M","M"],"character_chosen":"THE_SILENT","items_purchased":["Well Laid Plans","Catalyst","Catalyst","Strange Spoon"],"campfire_rested":0,"item_purchase_floors":[3,5,12,12],"current_hp_per_floor":[59,39,39,39,39,39,39,39,39,39,18,18,18,18,18,18,54,41,21,21],"gold":145,"neow_bonus":"THREE_ENEMY_KILL","is_prod":false,"is_daily":false,"chose_seed":false,"campfire_upgraded":3,"win_rate":0,"timestamp":1554399228,"path_taken":["M","?","$","?","$","E","R","E","T","?","E","?","R","M","R","BOSS","M","M","M"],"build_version":"2019-01-23","purchased_purges":2,"victory":false,"max_hp_per_floor":[66,66,66,66,66,66,66,66,66,66,66,66,66,66,66,66,66,66,66,66],"card_choices":[{"not_picked":["Dodge and Roll","Calculated Gamble"],"picked":"Catalyst","floor":1.0},{"not_picked":["Predator","Blade Dance"],"picked":"Bouncing Flask","floor":6.0},{"not_picked":["Blade Dance","Dodge and Roll"],"picked":"Backflip","floor":8.0},{"not_picked":["Dagger Spray","Blade Dance"],"picked":"Escape Plan","floor":10.0},{"not_picked":["Backflip","Unload"],"picked":"Noxious Fumes","floor":11.0},{"not_picked":["Expertise","Slice"],"picked":"Concentrate","floor":14.0},{"not_picked":["Bane","Poisoned Stab+1"],"picked":"Acrobatics+1","floor":18},{"not_picked":["Sucker Punch","Footwork"],"picked":"Calculated Gamble","floor":19}],"player_experience":4064256,"relics_obtained":[{"floor":6.0,"key":"MawBank"},{"floor":8.0,"key":"Vajra"},{"floor":9.0,"key":"Potion Belt"},{"floor":11.0,"key":"Smiling Mask"}],"event_choices":[{"damage_healed":0.0,"max_hp_gain":0.0,"max_hp_loss":0.0,"gold_gain":0.0,"event_name":"Shining Light","player_choice":"Entered Light","floor":2.0,"gold_loss":0.0,"damage_taken":20.0,"cards_upgraded":["Defend_G","Defend_G"]},{"damage_healed":0.0,"max_hp_gain":0.0,"max_hp_loss":0.0,"gold_gain":275.0,"event_name":"Golden Shrine","player_choice":"Desecrate","floor":4.0,"gold_loss":0.0,"damage_taken":0.0,"cards_obtained":["Regret"]}],"is_beta":false,"boss_relics":[{"not_picked":["Black Star","Philosopher\u0027s Stone"],"picked":"Coffee Dripper"}],"items_purged_floors":[5,12],"is_endless":false,"potions_floor_spawned":[6,11,14,16],"killed_by":"Sentry and Sphere","ascension_level":20}