{"gold_per_floor":[113,123,143,318,332,332,104,104,129,129,129,29,61,76,76,76],"floor_reached":16,"playtime":339,"items_purged":["Doubt","Defend_B"],"score":160,"play_id":"c60f0cbe-4059-4b18-993e-d185d9c2149d","local_time":"20181026145301","is_ascension_mode":true,"campfire_choices":[{"data":"Zap","floor":6,"key":"SMITH"},{"data":"Capacitor","floor":8,"key":"SMITH"},{"data":"Barrage","floor":15,"key":"SMITH"}],"neow_cost":"NONE","seed_source_timestamp":84728722023344,"circlet_count":0,"master_deck":["Strike_B","Strike_B","Defend_B","Defend_B","Defend_B","Zap+1","Dualcast","AscendersBane","Capacitor+1","Barrage+1","Leap","Loop","Cold Snap"],"relics":["Cracked Core","NeowsBlessing","Juzu Bracelet","Lantern","Ancient Tea Set"],"potions_floor_usage":[5,13,16],"damage_taken":[{"damage":0,"enemies":"Small Slimes","floor":1,"turns":1},{"damage":0,"enemies":"Jaw Worm","floor":2,"turns":1},{"damage":0,"enemies":"Cultist","floor":3,"turns":1},{"damage":16,"enemies":"Lots of Slimes","floor":5,"turns":2},{"damage":11,"enemies":"Lagavulin","floor":13,"turns":7},{"damage":7,"enemies":"Large Slime","floor":14,"turns":6},{"damage":47,"enemies":"Slime Boss","floor":16,"turns":8}],"seed_played":"6062241409736199633","potions_obtained":[{"floor":3,"key":"AttackPotion"},{"floor":5,"key":"Block Potion"},{"floor":13,"key":"Regen Potion"}],"is_trial":false,"path_per_floor":["M","M","M","?","M","R","$","R","T","?","?","$","E","M","R"],"character_chosen":"DEFECT","items_purchased":["Juzu Bracelet"],"campfire_rested":0,"item_purchase_floors":[7],"current_hp_per_floor":[68,68,68,68,52,52,52,52,52,45,45,45,34,27,27,0],"gold":76,"neow_bonus":"THREE_ENEMY_KILL","is_prod":false,"is_daily":false,"chose_seed":false,"campfire_upgraded":3,"win_rate":0,"timestamp":1540536781,"path_taken":["M","M","M","?","?","R","$","R","T","?","?","$","E","M","R","BOSS"],"build_version":"2018-10-25","purchased_purges":2,"victory":false,"max_hp_per_floor":[75,75,75,75,75,75,75,75,75,75,75,75,75,75,75,75],"card_choices":[{"not_picked":["Ball Lightning","Compile Driver"],"picked":"Capacitor","floor":1},{"not_picked":["Rebound","Reinforced Body"],"picked":"Barrage","floor":2},{"not_picked":["Compile Driver","Sweeping Beam","Rebound"],"picked":"SKIP","floor":3},{"not_picked":["Streamline","Rebound"],"picked":"Leap","floor":5},{"not_picked":["Barrage","Go for the Eyes"],"picked":"Cold Snap","floor":13},{"not_picked":["Blizzard","Steam Power","Barrage"],"picked":"SKIP","floor":14}],"player_experience":402448,"relics_obtained":[{"floor":9,"key":"Lantern"},{"floor":13,"key":"Ancient Tea Set"}],"event_choices":[{"damage_healed":0,"gold_gain":175,"player_choice":"AGREE","damage_taken":0,"max_hp_gain":0,"max_hp_loss":0,"event_name":"Liars Game","floor":4,"gold_loss":0,"cards_obtained":["Doubt"]},{"cards_removed":["Strike_B"],"damage_healed":0,"gold_gain":0,"player_choice":"Card Removal","damage_taken":7,"max_hp_gain":0,"max_hp_loss":0,"event_name":"Golden Wing","floor":10,"gold_loss":0},{"damage_healed":0,"gold_gain":0,"cards_transformed":["Strike_B"],"player_choice":"Transformed","damage_taken":0,"max_hp_gain":0,"max_hp_loss":0,"event_name":"Transmorgrifier","floor":11,"gold_loss":0,"cards_obtained":["Loop"]}],"is_beta":false,"boss_relics":[],"items_purged_floors":[7,12],"is_endless":false,"potions_floor_spawned":[3,5,13],"killed_by":"Slime Boss","ascension_level":12}