{"gold_per_floor":[111,37,37,49,49,49,66,66,117,135,135,146,156,168,168,244,244,259,276,286,286,299,299,299],"floor_reached":24,"playtime":725,"items_purged":[],"score":484,"play_id":"055f93d3-18e5-4b81-81a5-5b86369007fd","local_time":"20190401171920","is_ascension_mode":true,"campfire_choices":[{"data":"Catalyst","floor":6.0,"key":"SMITH"},{"data":"Bouncing Flask","floor":8.0,"key":"SMITH"},{"data":"Noxious Fumes","floor":11.0,"key":"SMITH"},{"data":"Acrobatics","floor":15.0,"key":"SMITH"},{"data":"Deadly Poison","floor":23.0,"key":"SMITH"}],"neow_cost":"PERCENT_DAMAGE","seed_source_timestamp":18377891217269,"circlet_count":0,"master_deck":["AscendersBane","Defend_G","Defend_G","Defend_G","Defend_G","Strike_G","Strike_G","Survivor","Neutralize","Catalyst+1","Bouncing Flask+1","Noxious Fumes+1","Tactician","Acrobatics+1","Adrenaline","Deadly Poison+1","Reflex","Grand Finale"],"special_seed":0,"relics":["Ring of the Snake","Anchor","HoveringKite"],"potions_floor_usage":[24],"damage_taken":[{"damage":0.0,"enemies":"Jaw Worm","floor":1.0,"turns":5.0},{"damage":0.0,"enemies":"Cultist","floor":4.0,"turns":3.0},{"damage":0.0,"enemies":"2 Louse","floor":7.0,"turns":4.0},{"damage":21.0,"enemies":"Gremlin Gang","floor":10.0,"turns":5.0},{"damage":0.0,"enemies":"2 Fungi Beasts","floor":12.0,"turns":3.0},{"damage":0.0,"enemies":"Blue Slaver","floor":13.0,"turns":2.0},{"damage":8.0,"enemies":"Exordium Thugs","floor":14.0,"turns":5.0},{"damage":0.0,"enemies":"The Guardian","floor":16.0,"turns":5.0},{"damage":3.0,"enemies":"Spheric Guardian","floor":18.0,"turns":3.0},{"damage":0.0,"enemies":"3 Byrds","floor":19.0,"turns":5.0},{"damage":3.0,"enemies":"Centurion and Healer","floor":20.0,"turns":6.0},{"damage":0.0,"enemies":"Snake Plant","floor":22.0,"turns":3.0},{"damage":1,"enemies":"Slavers","floor":24,"turns":2}],"seed_played":"8612349238807900172","potions_obtained":[{"floor":1.0,"key":"Weak Potion"},{"floor":4.0,"key":"GamblersBrew"},{"floor":14.0,"key":"SkillPotion"},{"floor":20.0,"key":"Poison Potion"}],"is_trial":false,"path_per_floor":["M","$","?","M","$","R","M","R","T","M","R","M","M","M","R","B",null,"M","M","M","?","M","R","E"],"character_chosen":"THE_SILENT","items_purchased":["Bouncing Flask"],"campfire_rested":0,"item_purchase_floors":[2],"current_hp_per_floor":[44,44,44,44,44,44,44,44,44,23,23,23,23,15,15,15,53,50,50,47,47,47,47,46],"gold":299,"neow_bonus":"REMOVE_TWO","is_prod":false,"is_daily":false,"chose_seed":false,"campfire_upgraded":5,"win_rate":0,"timestamp":1554110360,"path_taken":["M","$","?","M","$","R","M","R","T","M","R","M","M","M","R","BOSS","M","M","M","?","?","R","E"],"build_version":"2019-01-23","purchased_purges":0,"victory":false,"max_hp_per_floor":[66,66,66,66,66,66,66,66,66,66,66,66,66,66,66,66,66,66,66,66,66,66,66,66],"card_choices":[{"not_picked":["Blade Dance","Escape Plan"],"picked":"Catalyst","floor":1.0},{"not_picked":["Quick Slash","Dagger Spray","Setup"],"picked":"SKIP","floor":4.0},{"not_picked":["Finisher","Skewer"],"picked":"Noxious Fumes","floor":7.0},{"not_picked":["Masterful Stab","Sucker Punch","Choke"],"picked":"SKIP","floor":10.0},{"not_picked":["Bouncing Flask","Phantasmal Killer","Deflect"],"picked":"SKIP","floor":12.0},{"not_picked":["Dagger Spray","Setup"],"picked":"Tactician","floor":13.0},{"not_picked":["Tactician","Deflect"],"picked":"Acrobatics","floor":14.0},{"not_picked":["Die Die Die","Venomology"],"picked":"Adrenaline","floor":16.0},{"not_picked":["Dodge and Roll","Distraction","Underhanded Strike"],"picked":"SKIP","floor":18.0},{"not_picked":["Deadly Poison","Prepared","Dash"],"picked":"SKIP","floor":19.0},{"not_picked":["Prepared","Dash"],"picked":"Deadly Poison","floor":19.0},{"not_picked":["Cloak And Dagger","Quick Slash","Deflect"],"picked":"SKIP","floor":20.0},{"not_picked":["Dodge and Roll","Poisoned Stab"],"picked":"Grand Finale","floor":22.0}],"player_experience":3981341,"relics_obtained":[{"floor":9.0,"key":"Anchor"}],"event_choices":[{"cards_removed":["Strike_G"],"damage_healed":0.0,"max_hp_gain":0.0,"max_hp_loss":0.0,"gold_gain":0.0,"event_name":"Bonfire Elementals","player_choice":"Offered Basic","floor":3.0,"gold_loss":0.0,"damage_taken":0.0},{"damage_healed":0.0,"max_hp_gain":0.0,"max_hp_loss":0.0,"gold_gain":0.0,"cards_transformed":["Strike_G"],"event_name":"Transmorgrifier","player_choice":"Transformed","floor":21.0,"gold_loss":0.0,"damage_taken":0.0,"cards_obtained":["Reflex"]}],"is_beta":false,"boss_relics":[{"not_picked":["Busted Crown","White Beast Statue"],"picked":"HoveringKite"}],"items_purged_floors":[],"is_endless":false,"potions_floor_spawned":[1,4,14,16,20],"killed_by":"Slavers","ascension_level":20}