{"gold_per_floor":[115,134,59,59,75,93,127,127,127,151,151,170,133,147,147,147],"floor_reached":16,"playtime":580,"items_purged":[],"score":212,"play_id":"67b67e74-0cca-4f2a-8295-a3b9c3e60924","local_time":"20181219215846","is_ascension_mode":true,"campfire_choices":[{"data":"Bash","floor":8,"key":"SMITH"},{"data":"True Grit","floor":11,"key":"SMITH"},{"floor":15,"key":"REST"}],"neow_cost":"NONE","seed_source_timestamp":5828325812678,"circlet_count":0,"master_deck":["AscendersBane","Strike_R","Strike_R","Strike_R","Strike_R","Defend_R","Defend_R","Defend_R","Defend_R","Bash+1","Dropkick","True Grit+1","Rage","Dual Wield"],"relics":["Burning Blood","NeowsBlessing","Golden Idol","Orichalcum"],"potions_floor_usage":[7,12,13],"damage_taken":[{"damage":0,"enemies":"Cultist","floor":1,"turns":1},{"damage":0,"enemies":"Jaw Worm","floor":2,"turns":1},{"damage":0,"enemies":"Small Slimes","floor":5,"turns":1},{"damage":13,"enemies":"Exordium Wildlife","floor":6,"turns":5},{"damage":50,"enemies":"3 Sentries","floor":7,"turns":15},{"damage":7,"enemies":"Blue Slaver","floor":10,"turns":3},{"damage":7,"enemies":"3 Louse","floor":12,"turns":3},{"damage":9,"enemies":"Exordium Thugs","floor":13,"turns":5},{"damage":4,"enemies":"Blue Slaver","floor":14,"turns":4},{"damage":42,"enemies":"The Guardian","floor":16,"turns":11}],"seed_played":"774349852755365149","potions_obtained":[{"floor":6,"key":"Fire Potion"},{"floor":10,"key":"Fire Potion"},{"floor":12,"key":"BloodPotion"},{"floor":14,"key":"Fire Potion"}],"is_trial":false,"path_per_floor":["M","M","?","?","M","M","E","R","T","M","R","M","M","M","R","B"],"character_chosen":"IRONCLAD","items_purchased":[],"campfire_rested":1,"item_purchase_floors":[],"current_hp_per_floor":[74,75,75,68,68,61,17,17,17,16,16,15,18,20,40,0],"gold":147,"neow_bonus":"THREE_ENEMY_KILL","is_prod":false,"is_daily":false,"chose_seed":false,"campfire_upgraded":2,"win_rate":0,"timestamp":1545227926,"path_taken":["M","?","?","?","M","M","E","R","T","?","R","M","M","M","R","BOSS"],"build_version":"2018-12-13","purchased_purges":0,"victory":false,"max_hp_per_floor":[75,75,75,68,68,68,68,68,68,68,68,68,68,68,68,68],"card_choices":[{"not_picked":["Perfected Strike","Shrug It Off"],"picked":"Dropkick","floor":1},{"not_picked":["Heavy Blade","Iron Wave","Anger"],"picked":"SKIP","floor":2},{"not_picked":["Battle Trance","Anger"],"picked":"True Grit","floor":5},{"not_picked":["Twin Strike","Thunderclap"],"picked":"Rage","floor":6},{"not_picked":["Sword Boomerang","Pommel Strike","Flex"],"picked":"SKIP","floor":7},{"not_picked":["Offering","Metallicize"],"picked":"Dual Wield","floor":10},{"not_picked":["Seeing Red","Heavy Blade","Warcry"],"picked":"SKIP","floor":12},{"not_picked":["Thunderclap","Havoc","Disarm"],"picked":"SKIP","floor":13},{"not_picked":["Twin Strike","Heavy Blade","Anger"],"picked":"SKIP","floor":14}],"player_experience":1390055,"relics_obtained":[{"floor":7,"key":"Orichalcum"}],"event_choices":[{"cards_removed":["Strike_R"],"damage_healed":0,"gold_gain":0,"player_choice":"Card Removal","damage_taken":0,"max_hp_gain":0,"max_hp_loss":0,"event_name":"The Cleric","floor":3,"gold_loss":75},{"damage_healed":0,"gold_gain":0,"player_choice":"Lose Max HP","damage_taken":0,"relics_obtained":["Golden Idol"],"max_hp_gain":0,"max_hp_loss":7,"event_name":"Golden Idol","floor":4,"gold_loss":0}],"is_beta":false,"boss_relics":[],"items_purged_floors":[],"is_endless":false,"potions_floor_spawned":[6,10,12,14],"killed_by":"The Guardian","ascension_level":20}