{"gold_per_floor":[111,36,48,123,134,134,134,134,188,88,107,123,48,48],"floor_reached":14,"playtime":284,"items_purged":["Defend_G","Strike_G"],"score":160,"play_id":"8eb29850-da1f-49a9-a19d-a68107fcee60","local_time":"20181227190656","is_ascension_mode":true,"campfire_choices":[{"data":"Neutralize","floor":6,"key":"SMITH"},{"data":"A Thousand Cuts","floor":8,"key":"SMITH"}],"neow_cost":"NONE","seed_source_timestamp":26694830985144,"circlet_count":0,"master_deck":["AscendersBane","Defend_G","Defend_G","Defend_G","Defend_G","Strike_G","Strike_G","Strike_G","Survivor","Neutralize+1","Footwork","Acrobatics","A Thousand Cuts+1","Heel Hook","Predator","Heel Hook"],"relics":["Philosopher\u0027s Stone","PreservedInsect"],"potions_floor_usage":[11],"damage_taken":[{"damage":2,"enemies":"Small Slimes","floor":1,"turns":4},{"damage":0,"enemies":"Cultist","floor":3,"turns":4},{"damage":9,"enemies":"2 Louse","floor":5,"turns":3},{"damage":12,"enemies":"Gremlin Gang","floor":11,"turns":3},{"damage":9,"enemies":"Exordium Thugs","floor":12,"turns":5},{"damage":17,"enemies":"3 Louse","floor":14,"turns":1}],"seed_played":"-8924149043396538524","potions_obtained":[{"floor":1,"key":"Explosive Potion"}],"is_trial":false,"path_per_floor":["M","$","M","?","M","R","?","R","T","$","M","M","$","M"],"character_chosen":"THE_SILENT","items_purchased":["Heel Hook"],"campfire_rested":0,"item_purchase_floors":[13],"current_hp_per_floor":[57,57,57,46,37,37,37,37,37,37,25,16,16,0],"gold":48,"neow_bonus":"BOSS_RELIC","is_prod":false,"is_daily":false,"chose_seed":false,"campfire_upgraded":2,"win_rate":0,"timestamp":1545908816,"path_taken":["M","$","M","?","M","R","?","R","T","$","M","?","?","M"],"build_version":"2018-12-20","purchased_purges":2,"victory":false,"max_hp_per_floor":[66,66,66,66,66,66,66,66,66,66,66,66,66,66],"card_choices":[{"not_picked":["Bouncing Flask","Flying Knee"],"picked":"Footwork","floor":1},{"not_picked":["Eviscerate","Outmaneuver","Sucker Punch"],"picked":"SKIP","floor":3},{"not_picked":["Flying Knee","Cloak And Dagger"],"picked":"Acrobatics","floor":5},{"not_picked":["Prepared","Dagger Throw"],"picked":"Heel Hook","floor":11},{"not_picked":["Riddle With Holes","Blur"],"picked":"Predator","floor":12}],"player_experience":1531160,"relics_obtained":[{"floor":9,"key":"PreservedInsect"}],"event_choices":[{"damage_healed":0,"gold_gain":75,"player_choice":"Gather Gold","damage_taken":11,"max_hp_gain":0,"max_hp_loss":0,"event_name":"World of Goop","floor":4,"gold_loss":0},{"damage_healed":0,"gold_gain":0,"cards_transformed":["Strike_G"],"player_choice":"Transformed","damage_taken":0,"max_hp_gain":0,"max_hp_loss":0,"event_name":"Transmorgrifier","floor":7,"gold_loss":0,"cards_obtained":["A Thousand Cuts"]}],"is_beta":false,"boss_relics":[],"items_purged_floors":[2,10],"is_endless":false,"potions_floor_spawned":[1],"killed_by":"3 Louse","ascension_level":20}