{"path_per_floor":["M","?","M","$","?","R","M","R","T","M","M","E","M","E","R"],"character_chosen":"THE_SILENT","items_purchased":[],"gold_per_floor":[116,116,128,128,128,128,141,141,141,154,170,195,209,238,238,238],"floor_reached":16,"campfire_rested":0,"playtime":563,"item_purchase_floors":[],"current_hp_per_floor":[59,52,52,52,52,52,52,52,52,52,52,52,51,14,14,0],"items_purged":[],"gold":238,"score":192,"play_id":"307967db-8095-4622-97f3-1d2c42373e0d","local_time":"20180602120811","is_prod":false,"is_daily":false,"chose_seed":false,"is_ascension_mode":true,"campfire_upgraded":3,"win_rate":0,"timestamp":1527912491,"campfire_choices":[{"data":"Prepared","floor":6,"key":"SMITH"},{"data":"Neutralize","floor":8,"key":"SMITH"},{"data":"Calculated Gamble","floor":15,"key":"SMITH"}],"path_taken":["M","?","M","$","?","R","M","R","T","M","M","E","M","E","R","BOSS"],"build_version":"2018-05-30v2","seed_source_timestamp":15163556494562,"purchased_purges":0,"victory":false,"master_deck":["Defend_G","Defend_G","Defend_G","Strike_G","Strike_G","Strike_G","Strike_G","Survivor","Neutralize+1","Blur","Dagger Throw","Prepared+1","Flying Knee","Calculated Gamble+1","Deflect","Dash"],"max_hp_per_floor":[70,70,70,70,70,70,70,70,70,70,70,70,70,70,70,70],"relics":["Ring of the Snake","Paper Crane","Bag of Marbles","Regal Pillow"],"card_choices":[{"not_picked":["Bane","PiercingWail"],"picked":"Dagger Throw","floor":1},{"not_picked":["Dodge and Roll","A Thousand Cuts"],"picked":"Prepared","floor":3},{"not_picked":["Acrobatics","Predator"],"picked":"Calculated Gamble","floor":7},{"not_picked":["Sucker Punch","Flying Knee","Bane"],"picked":"SKIP","floor":10},{"not_picked":["Flying Knee","Riddle With Holes"],"picked":"Deflect","floor":11},{"not_picked":["Cloak And Dagger","Choke","Wraith Form v2"],"picked":"SKIP","floor":12},{"not_picked":["PiercingWail","Outmaneuver","Dodge and Roll"],"picked":"SKIP","floor":13},{"not_picked":["Acrobatics","Skewer"],"picked":"Dash","floor":14}],"player_experience":521252,"potions_floor_usage":[12,12,16],"damage_taken":[{"damage":4,"enemies":"Small Slimes","floor":1,"turns":4},{"damage":0,"enemies":"2 Louse","floor":3,"turns":2},{"damage":0,"enemies":"Cultist","floor":7,"turns":3},{"damage":0,"enemies":"Large Slime","floor":10,"turns":7},{"damage":0,"enemies":"Blue Slaver","floor":11,"turns":4},{"damage":0,"enemies":"Lagavulin","floor":12,"turns":10},{"damage":1,"enemies":"Gremlin Gang","floor":13,"turns":5},{"damage":37,"enemies":"Gremlin Nob","floor":14,"turns":5},{"damage":21,"enemies":"Slime Boss","floor":16,"turns":8}],"relics_obtained":[{"floor":9,"key":"Paper Crane"},{"floor":12,"key":"Bag of Marbles"},{"floor":14,"key":"Regal Pillow"}],"event_choices":[{"event_name":"Golden Wing","player_choice":"Card Removal","floor":2,"damage_taken":0},{"event_name":"Living Wall","player_choice":"Change","floor":5,"damage_taken":0}],"boss_relics":[],"items_purged_floors":[],"potions_floor_spawned":[7,10,11,13],"seed_played":"9183308099347160339","killed_by":"Slime Boss","ascension_level":8,"potions_obtained":[{"floor":7,"key":"Dexterity Potion"},{"floor":10,"key":"Explosive Potion"},{"floor":11,"key":"SkillPotion"},{"floor":13,"key":"SmokeBomb"}],"is_trial":false}