{"gold_per_floor":[113,129,18,18,38,38,48,48,48,48,48,80,96,109,109,213,213,231,231,69,69,69,69,69,69,69,69,168,168,168,181,181,279,279,292,292,292,292],"floor_reached":39,"playtime":1421,"items_purged":[],"score":598,"play_id":"9afa9f74-7928-4b1a-b8c9-a919417ddb53","local_time":"20190718000010","is_ascension_mode":false,"campfire_choices":[{"data":"Body Slam","floor":6.0,"key":"SMITH"},{"data":"Bash","floor":8.0,"key":"SMITH"},{"data":"Sword Boomerang","floor":11.0,"key":"SMITH"},{"data":"Dual Wield","floor":15.0,"key":"SMITH"},{"data":"Burning Pact","floor":23,"key":"SMITH"},{"data":"Immolate","floor":25,"key":"SMITH"},{"data":"Dropkick","floor":30,"key":"SMITH"},{"data":"Flash of Steel","floor":32,"key":"SMITH"}],"neow_cost":"PERCENT_DAMAGE","seed_source_timestamp":22689466428570,"circlet_count":0,"master_deck":["Strike_R","Strike_R+1","Defend_R","Defend_R","Defend_R","Defend_R","Bash+1","Seeing Red+1","Rage","Sword Boomerang+1","Body Slam+1","Evolve","Reckless Charge","Metallicize","Feel No Pain","Dual Wield+1","Power Through","Immolate+1","Sever Soul","Dropkick+1","Flash of Steel+1","Burning Pact+1","Necronomicurse","Ghostly","Ghostly","Ghostly","Ghostly","Ghostly","Feed"],"special_seed":0,"relics":["Burning Blood","Gambling Chip","Meat on the Bone","Paper Frog","Runic Pyramid","Necronomicon","Shuriken","Bag of Preparation","Runic Dome"],"potions_floor_usage":[38,38,38],"damage_taken":[{"damage":2.0,"enemies":"Jaw Worm","floor":1.0,"turns":4.0},{"damage":0.0,"enemies":"2 Louse","floor":2.0,"turns":3.0},{"damage":0.0,"enemies":"Small Slimes","floor":5.0,"turns":3.0},{"damage":7.0,"enemies":"2 Fungi Beasts","floor":7.0,"turns":4.0},{"damage":18.0,"enemies":"3 Sentries","floor":12.0,"turns":8.0},{"damage":4.0,"enemies":"Red Slaver","floor":13.0,"turns":4.0},{"damage":11.0,"enemies":"Looter","floor":14.0,"turns":3.0},{"damage":22.0,"enemies":"Hexaghost","floor":16.0,"turns":13.0},{"damage":25,"enemies":"2 Thieves","floor":18,"turns":3},{"damage":0,"enemies":"Shell Parasite","floor":31,"turns":3},{"damage":20,"enemies":"Collector","floor":33,"turns":7},{"damage":0,"enemies":"3 Darklings","floor":35,"turns":2},{"damage":3,"enemies":"Time Eater","floor":38,"turns":7}],"seed_played":"4915904508755338679","potions_obtained":[{"floor":2.0,"key":"Ancient Potion"},{"floor":13.0,"key":"Ancient Potion"},{"floor":14.0,"key":"Dexterity Potion"}],"is_trial":false,"path_per_floor":["M","M","$","?","M","R","M","R","T","?","R","E","M","M","R","B",null,"M","?","$","?","?","R","$","R","T","?","?","?","R","M","R","B",null,"M","?","?","B",null],"character_chosen":"IRONCLAD","items_purchased":["Evolve","Reckless Charge","Dropkick","Flash of Steel"],"campfire_rested":0,"item_purchase_floors":[3,3,20,20],"current_hp_per_floor":[60,66,66,50,56,56,55,55,55,48,48,48,50,57,57,53,80,61,61,61,61,45,45,45,45,45,40,40,40,40,40,40,38,40,40,40,40,40],"gold":292,"neow_bonus":"TRANSFORM_TWO_CARDS","is_prod":false,"is_daily":false,"chose_seed":false,"campfire_upgraded":8,"win_rate":0,"timestamp":1563379210,"path_taken":["M","M","$","?","M","R","M","R","T","?","R","E","M","?","R","BOSS","M","?","$","?","?","R","$","R","T","?","?","?","R","M","R","BOSS","M","?","?","BOSS"],"build_version":"2019-07-05","purchased_purges":0,"victory":true,"max_hp_per_floor":[80,80,80,80,80,80,80,80,80,80,80,80,80,80,80,80,80,80,80,80,80,80,80,80,80,80,40,40,40,40,40,40,40,40,40,40,40,40],"card_choices":[{"not_picked":["Headbutt","Heavy Blade"],"picked":"Sword Boomerang","floor":1.0},{"not_picked":["Twin Strike","Dropkick"],"picked":"Body Slam","floor":2.0},{"not_picked":["Headbutt","Hemokinesis","Metallicize"],"picked":"SKIP","floor":5.0},{"not_picked":["Headbutt","Hemokinesis"],"picked":"Metallicize","floor":5.0},{"not_picked":["Anger","Sentinel"],"picked":"Feel No Pain","floor":7.0},{"not_picked":["Sword Boomerang","Clothesline"],"picked":"Dual Wield","floor":12.0},{"not_picked":["Anger","Whirlwind","Fire Breathing"],"picked":"SKIP","floor":13.0},{"not_picked":["Blood for Blood","Sever Soul"],"picked":"Power Through","floor":14.0},{"not_picked":["Brutality","Demon Form"],"picked":"Immolate","floor":16.0},{"not_picked":["Wild Strike+1","Body Slam"],"picked":"Sever Soul","floor":18},{"not_picked":["Twin Strike","Flex","Sword Boomerang"],"picked":"SKIP","floor":31},{"not_picked":["Immolate","Exhume"],"picked":"Feed","floor":33},{"not_picked":["Havoc+1","Metallicize+1","Shrug It Off+1"],"picked":"SKIP","floor":35}],"player_experience":5770411,"relics_obtained":[{"floor":9.0,"key":"Gambling Chip"},{"floor":12.0,"key":"Paper Frog"},{"floor":22,"key":"Necronomicon"},{"floor":26,"key":"Shuriken"},{"floor":29,"key":"Bag of Preparation"}],"event_choices":[{"damage_healed":0.0,"max_hp_gain":0.0,"max_hp_loss":0.0,"gold_gain":0.0,"event_name":"Shining Light","player_choice":"Entered Light","floor":4.0,"gold_loss":0.0,"damage_taken":16.0,"cards_upgraded":["Strike_R","Seeing Red"]},{"damage_healed":0.0,"max_hp_gain":0.0,"max_hp_loss":0.0,"gold_gain":0.0,"event_name":"Scrap Ooze","player_choice":"Success","floor":10.0,"gold_loss":0.0,"damage_taken":7.0,"relics_obtained":["Meat on the Bone"]},{"cards_removed":["Strike_R"],"damage_healed":0,"gold_gain":0,"player_choice":"Elegance","damage_taken":0,"max_hp_gain":0,"max_hp_loss":0,"event_name":"Back to Basics","floor":19,"gold_loss":0},{"damage_healed":0,"gold_gain":0,"player_choice":"Read","damage_taken":0,"max_hp_gain":0,"max_hp_loss":0,"event_name":"The Library","floor":21,"gold_loss":0,"cards_obtained":["Burning Pact"]},{"damage_healed":0,"gold_gain":0,"player_choice":"Obtained Book","damage_taken":16,"max_hp_gain":0,"max_hp_loss":0,"event_name":"Cursed Tome","floor":22,"gold_loss":0},{"damage_healed":0,"gold_gain":0,"player_choice":"Became a Ghost","damage_taken":0,"max_hp_gain":0,"max_hp_loss":40,"event_name":"Ghosts","floor":27,"gold_loss":0,"cards_obtained":["Ghostly","Ghostly","Ghostly","Ghostly","Ghostly"]},{"damage_healed":0,"gold_gain":99,"player_choice":"Stole From Cult","damage_taken":0,"max_hp_gain":0,"max_hp_loss":0,"event_name":"Nest","floor":28,"gold_loss":0},{"damage_healed":0,"gold_gain":0,"player_choice":"Relic","damage_taken":0,"max_hp_gain":0,"max_hp_loss":0,"event_name":"Wheel of Change","floor":29,"gold_loss":0},{"damage_healed":0,"gold_gain":0,"player_choice":"Ignored","damage_taken":0,"max_hp_gain":0,"max_hp_loss":0,"event_name":"Tomb of Lord Red Mask","floor":36,"gold_loss":0},{"damage_healed":0,"gold_gain":0,"player_choice":"Took Portal","damage_taken":0,"max_hp_gain":0,"max_hp_loss":0,"event_name":"SecretPortal","floor":37,"gold_loss":0}],"is_beta":false,"boss_relics":[{"not_picked":["White Beast Statue","Orrery"],"picked":"Runic Pyramid"},{"not_picked":["Velvet Choker","Calling Bell"],"picked":"Runic Dome"}],"items_purged_floors":[],"is_endless":false,"potions_floor_spawned":[2,13,14,16,33],"ascension_level":0}