{"gold_per_floor":[114,124,138,151,164,164,176,176,202,202,214,227,245,260,260,338,338,355,355,280,295,295,326,326,326],"floor_reached":25,"playtime":1602,"items_purged":[],"score":372,"play_id":"0d855b52-a15e-4f58-8caf-61f2f0a3108e","local_time":"20190803012333","is_ascension_mode":true,"campfire_choices":[{"data":"Iron Wave","floor":6,"key":"SMITH"},{"data":"Iron Wave","floor":8,"key":"SMITH"},{"data":"Pommel Strike","floor":10,"key":"SMITH"},{"data":"Body Slam","floor":15,"key":"SMITH"},{"floor":24,"key":"REST"}],"neow_cost":"NONE","seed_source_timestamp":103775841594314,"circlet_count":0,"master_deck":["AscendersBane","Strike_R","Strike_R","Strike_R","Strike_R","Defend_R","Defend_R","Defend_R","Defend_R","Bash","Deep Breath","Sword Boomerang","Pommel Strike+1","Rage","Iron Wave+1","Iron Wave+1","Heavy Blade","Immolate","Metallicize","Body Slam+1","Barricade","Shrug It Off","RitualDagger","Entrench","Power Through"],"relics":["Burning Blood","Strawberry","Velvet Choker","Torii"],"potions_floor_usage":[16,16,23],"damage_taken":[{"damage":19,"enemies":"Cultist","floor":1,"turns":5},{"damage":8,"enemies":"2 Louse","floor":2,"turns":4},{"damage":10,"enemies":"Small Slimes","floor":3,"turns":3},{"damage":5,"enemies":"Looter","floor":4,"turns":5},{"damage":3,"enemies":"Exordium Wildlife","floor":5,"turns":4},{"damage":7,"enemies":"Large Slime","floor":7,"turns":5},{"damage":4,"enemies":"Blue Slaver","floor":11,"turns":4},{"damage":11,"enemies":"Looter","floor":12,"turns":3},{"damage":8,"enemies":"Lots of Slimes","floor":13,"turns":3},{"damage":5,"enemies":"Red Slaver","floor":14,"turns":3},{"damage":50,"enemies":"Hexaghost","floor":16,"turns":15},{"damage":12,"enemies":"Spheric Guardian","floor":18,"turns":4},{"damage":11,"enemies":"Shell Parasite","floor":21,"turns":5},{"damage":59,"enemies":"Book of Stabbing","floor":23,"turns":7},{"damage":33,"enemies":"Chosen and Byrds","floor":25,"turns":4}],"seed_played":"-5194466849142347569","potions_obtained":[{"floor":1,"key":"EssenceOfSteel"},{"floor":4,"key":"SkillPotion"},{"floor":13,"key":"EssenceOfSteel"},{"floor":21,"key":"Regen Potion"}],"is_trial":false,"path_per_floor":["M","M","M","M","M","R","M","R","T","R","M","M","M","M","R","B",null,"M","?","?","M","?","E","R","M"],"character_chosen":"IRONCLAD","items_purchased":[],"campfire_rested":1,"item_purchase_floors":[],"current_hp_per_floor":[55,53,49,50,53,53,52,52,59,59,61,56,54,55,55,11,64,58,52,52,47,47,9,33,0],"gold":326,"neow_bonus":"RANDOM_COLORLESS","is_prod":false,"is_daily":false,"chose_seed":false,"campfire_upgraded":4,"win_rate":0,"timestamp":1564813413,"path_taken":["M","M","M","M","M","R","M","R","T","R","M","?","?","M","R","BOSS","M","?","?","M","?","E","R","M"],"build_version":"2019-07-17","purchased_purges":0,"victory":false,"max_hp_per_floor":[75,75,75,75,75,75,75,75,82,82,82,82,82,82,82,82,82,82,82,82,82,82,82,82,82],"card_choices":[{"not_picked":["Clothesline","Clash"],"picked":"Sword Boomerang","floor":1},{"not_picked":["Evolve","Reckless Charge"],"picked":"Pommel Strike","floor":2},{"not_picked":["Wild Strike","Clothesline"],"picked":"Rage","floor":3},{"not_picked":["Headbutt","Corruption"],"picked":"Iron Wave","floor":4},{"not_picked":["Havoc","Headbutt"],"picked":"Iron Wave","floor":5},{"not_picked":["Warcry","Armaments"],"picked":"Heavy Blade","floor":7},{"not_picked":["Twin Strike","Ghostly Armor"],"picked":"Immolate","floor":11},{"not_picked":["Havoc","Armaments","Dual Wield"],"picked":"SKIP","floor":12},{"not_picked":["Intimidate","Sever Soul"],"picked":"Metallicize","floor":13},{"not_picked":["Havoc","Anger"],"picked":"Body Slam","floor":14},{"not_picked":["Demon Form","Fiend Fire"],"picked":"Barricade","floor":16},{"not_picked":["Pommel Strike","Headbutt"],"picked":"Shrug It Off","floor":18},{"not_picked":["Reckless Charge","Perfected Strike"],"picked":"Entrench","floor":21},{"not_picked":["Thunderclap","Pommel Strike"],"picked":"Power Through","floor":23}],"player_experience":424746,"relics_obtained":[{"floor":9,"key":"Strawberry"},{"floor":23,"key":"Torii"}],"event_choices":[{"damage_healed":0,"gold_gain":0,"player_choice":"Joined the Cult","damage_taken":6,"max_hp_gain":0,"max_hp_loss":0,"event_name":"Nest","floor":19,"gold_loss":0,"cards_obtained":["RitualDagger"]},{"cards_removed":["Strike_R"],"damage_healed":0,"gold_gain":0,"player_choice":"Gave Gold","damage_taken":0,"max_hp_gain":0,"max_hp_loss":0,"event_name":"Beggar","floor":20,"gold_loss":75},{"damage_healed":0,"gold_gain":0,"player_choice":"Ignored","damage_taken":0,"max_hp_gain":0,"max_hp_loss":0,"event_name":"The Mausoleum","floor":22,"gold_loss":0}],"is_beta":false,"boss_relics":[{"not_picked":["Cursed Key","Busted Crown"],"picked":"Velvet Choker"}],"items_purged_floors":[],"is_endless":false,"potions_floor_spawned":[1,4,12,13,14,21],"killed_by":"Chosen and Byrds","ascension_level":14}