{"gold_per_floor":[111,130,144,160,175,204,204,236,236,236,247,247,247,263,263,362,362,372,372,471,488,223,223,255,255,255,267,282,282,182,182,182,278,278,298,298,258,57,70,70,90,124,173,173,23,123,141,141,141,141],"floor_reached":51,"playtime":5796,"items_purged":["Strike_R","Metamorphosis","Strike_R","Clash"],"score":951,"play_id":"ed353a0f-2f15-4bd4-856e-934f87fabbb3","local_time":"20190718055854","is_ascension_mode":true,"campfire_choices":[{"floor":7.0,"key":"REST"},{"data":"Barricade","floor":10.0,"key":"SMITH"},{"floor":15.0,"key":"REST"},{"data":"Juggernaut","floor":23,"key":"SMITH"},{"data":"Flame Barrier","floor":25,"key":"SMITH"},{"floor":29,"key":"REST"},{"data":"Metallicize","floor":32,"key":"SMITH"},{"floor":40,"key":"REST"},{"data":"Power Through","floor":44,"key":"SMITH"},{"floor":49,"key":"REST"}],"neow_cost":"NONE","seed_source_timestamp":0,"circlet_count":0,"master_deck":["Defend_R","Defend_R","Defend_R","Defend_R","Bash+1","Barricade+1","Infernal Blade","Entrench","Power Through+1","Body Slam+1","Metallicize+1","Juggernaut+1","Iron Wave","Offering","Entrench","Flame Barrier+1","Power Through+1","Carnage+1","Body Slam+1"],"special_seed":0,"relics":["Burning Blood","Ornamental Fan","Self Forming Clay","Matryoshka","Snecko Eye","Singing Bowl","Bag of Marbles","Molten Egg 2","Empty Cage","Whetstone","Strawberry","Bronze Scales","Girya"],"potions_floor_usage":[21,28,28,33,33,42,47,50,50,50],"damage_taken":[{"damage":12.0,"enemies":"Small Slimes","floor":1.0,"turns":5.0},{"damage":3.0,"enemies":"2 Louse","floor":2.0,"turns":3.0},{"damage":0.0,"enemies":"Cultist","floor":3.0,"turns":4.0},{"damage":2.0,"enemies":"Looter","floor":4.0,"turns":4.0},{"damage":6.0,"enemies":"3 Louse","floor":5.0,"turns":3.0},{"damage":61.0,"enemies":"Gremlin Nob","floor":6.0,"turns":5.0},{"damage":9.0,"enemies":"3 Sentries","floor":8.0,"turns":14.0},{"damage":8.0,"enemies":"Lots of Slimes","floor":11.0,"turns":4.0},{"damage":0.0,"enemies":"Large Slime","floor":14.0,"turns":5.0},{"damage":0.0,"enemies":"Slime Boss","floor":16.0,"turns":11.0},{"damage":2,"enemies":"Chosen","floor":18,"turns":5},{"damage":17,"enemies":"2 Thieves","floor":21,"turns":4},{"damage":20,"enemies":"Book of Stabbing","floor":24,"turns":5},{"damage":8,"enemies":"Chosen and Byrds","floor":27,"turns":6},{"damage":26,"enemies":"Centurion and Healer","floor":28,"turns":10},{"damage":37,"enemies":"Collector","floor":33,"turns":12},{"damage":50,"enemies":"3 Darklings","floor":35,"turns":10},{"damage":4,"enemies":"3 Shapes","floor":39,"turns":7},{"damage":0,"enemies":"Spire Growth","floor":41,"turns":4},{"damage":6,"enemies":"Giant Head","floor":42,"turns":5},{"damage":0,"enemies":"Mind Bloom Boss Battle","floor":46,"turns":5},{"damage":49,"enemies":"Transient","floor":47,"turns":5},{"damage":6,"enemies":"Awakened One","floor":50,"turns":8}],"seed_played":"-4644032396050231756","potions_obtained":[{"floor":3.0,"key":"Energy Potion"},{"floor":6.0,"key":"SpeedPotion"},{"floor":8.0,"key":"Strength Potion"},{"floor":11.0,"key":"PowerPotion"},{"floor":16.0,"key":"Regen Potion"},{"floor":18,"key":"AttackPotion"},{"floor":27,"key":"SkillPotion"},{"floor":28,"key":"Dexterity Potion"},{"floor":37,"key":"Energy Potion"},{"floor":37,"key":"EntropicBrew"},{"floor":37,"key":"Fire Potion"},{"floor":46,"key":"SpeedPotion"}],"is_trial":false,"path_per_floor":["M","M","M","M","M","E","R","E","T","R","M","?","?","M","R","B",null,"M","?","?","M","$","R","E","R","T","M","M","R","$","?","R","B",null,"M","?","?","$","M","R","M","E","T","R","$","?","M","?","R","B",null],"character_chosen":"IRONCLAD","items_purchased":["Metamorphosis","Power Through"],"campfire_rested":5,"item_purchase_floors":[22,38],"current_hp_per_floor":[74,77,80,80,80,25,49,46,46,46,44,37,37,43,67,73,80,80,80,80,69,69,69,55,55,55,55,52,77,77,77,77,48,86,44,44,44,44,48,73,79,81,88,88,88,96,53,55,84,84],"gold":141,"neow_bonus":"ONE_RANDOM_RARE_CARD","is_prod":false,"is_daily":false,"chose_seed":false,"campfire_upgraded":5,"win_rate":0,"timestamp":1563447534,"path_taken":["M","M","M","M","M","E","R","E","T","R","M","?","?","?","R","BOSS","M","?","?","M","$","R","E","R","T","M","M","R","$","?","R","BOSS","M","?","?","$","?","R","M","E","T","R","$","?","M","?","R","BOSS"],"build_version":"2019-07-17","purchased_purges":4,"victory":true,"max_hp_per_floor":[80,80,80,80,80,80,80,80,80,80,80,80,80,80,80,80,80,80,80,80,80,80,80,80,80,80,82,84,84,84,84,84,86,86,88,84,84,84,86,86,86,88,95,95,95,97,97,99,99,99],"card_choices":[{"not_picked":["Sword Boomerang","Seeing Red"],"picked":"Infernal Blade","floor":1.0},{"not_picked":["Havoc","Seeing Red"],"picked":"Entrench","floor":2.0},{"not_picked":["Dual Wield","Havoc"],"picked":"Clash","floor":3.0},{"not_picked":["Perfected Strike","Anger"],"picked":"Power Through","floor":4.0},{"not_picked":["Heavy Blade","Battle Trance"],"picked":"Body Slam","floor":5.0},{"not_picked":["Berserk","Warcry"],"picked":"Metallicize","floor":6.0},{"not_picked":["Cleave","Rupture"],"picked":"Juggernaut","floor":8.0},{"not_picked":["Iron Wave","Armaments","Combust"],"picked":"SKIP","floor":11.0},{"not_picked":["Thunderclap","Heavy Blade"],"picked":"Iron Wave","floor":14.0},{"not_picked":["Double Tap","Exhume"],"picked":"Offering","floor":16.0},{"not_picked":["Iron Wave","Shrug It Off","Infernal Blade"],"picked":"SKIP","floor":18},{"not_picked":["Combust+1","Feel No Pain"],"picked":"Entrench","floor":21},{"not_picked":["Impervious","Carnage"],"picked":"Flame Barrier","floor":24},{"not_picked":["Sword Boomerang+1","Thunderclap+1","Headbutt+1"],"picked":"Singing Bowl","floor":27},{"not_picked":["Cleave+1","Sever Soul+1","Second Wind"],"picked":"Singing Bowl","floor":28},{"not_picked":["Brutality","Barricade","Exhume"],"picked":"Singing Bowl","floor":33},{"not_picked":["Havoc+1","Sword Boomerang+1","Cleave+1"],"picked":"Singing Bowl","floor":35},{"not_picked":["True Grit","Pommel Strike+1","Combust"],"picked":"Singing Bowl","floor":39},{"not_picked":["Rupture","Cleave+1"],"picked":"Carnage+1","floor":41},{"not_picked":["Sentinel","Dual Wield+1","Flex+1"],"picked":"Singing Bowl","floor":42},{"not_picked":["Heavy Blade+1","Whirlwind+1","Infernal Blade"],"picked":"Singing Bowl","floor":46},{"not_picked":["Anger+1","Clothesline+1"],"picked":"Body Slam+1","floor":47},{"not_picked":["Dramatic Entrance+1","Forethought","Mayhem"],"picked":"Singing Bowl","floor":48}],"player_experience":215223,"relics_obtained":[{"floor":6.0,"key":"Ornamental Fan"},{"floor":8.0,"key":"Self Forming Clay"},{"floor":9.0,"key":"Matryoshka"},{"floor":24,"key":"Singing Bowl"},{"floor":26,"key":"Bag of Marbles"},{"floor":26,"key":"Molten Egg 2"},{"floor":42,"key":"Whetstone"},{"floor":43,"key":"Strawberry"},{"floor":43,"key":"Bronze Scales"},{"floor":46,"key":"Girya"}],"event_choices":[{"cards_removed":["Strike_R"],"damage_healed":0.0,"max_hp_gain":0.0,"max_hp_loss":0.0,"gold_gain":0.0,"event_name":"Golden Wing","player_choice":"Card Removal","floor":12.0,"gold_loss":0.0,"damage_taken":7.0},{"damage_healed":0.0,"max_hp_gain":0.0,"max_hp_loss":0.0,"gold_gain":0.0,"event_name":"Upgrade Shrine","player_choice":"Upgraded","floor":13.0,"gold_loss":0.0,"damage_taken":0.0,"cards_upgraded":["Power Through"]},{"damage_healed":0,"gold_gain":0,"player_choice":"Ignored","damage_taken":0,"max_hp_gain":0,"max_hp_loss":0,"event_name":"Ghosts","floor":19,"gold_loss":0},{"damage_healed":0,"gold_gain":99,"player_choice":"Stole From Cult","damage_taken":0,"max_hp_gain":0,"max_hp_loss":0,"event_name":"Nest","floor":20,"gold_loss":0},{"damage_healed":0,"gold_gain":0,"player_choice":"Ignored","damage_taken":0,"max_hp_gain":0,"max_hp_loss":0,"event_name":"Vampires","floor":31,"gold_loss":0},{"damage_healed":0,"gold_gain":0,"player_choice":"Max HP","damage_taken":0,"max_hp_gain":0,"max_hp_loss":4,"event_name":"Winding Halls","floor":36,"gold_loss":0},{"damage_healed":0,"gold_gain":0,"player_choice":"Bought 3 Potions","damage_taken":0,"max_hp_gain":0,"max_hp_loss":0,"event_name":"The Woman in Blue","floor":37,"gold_loss":0},{"damage_healed":0,"gold_gain":0,"player_choice":"Fight","damage_taken":0,"max_hp_gain":0,"max_hp_loss":0,"event_name":"MindBloom","floor":46,"gold_loss":0},{"damage_healed":0,"gold_gain":0,"player_choice":"Memory 1","damage_taken":0,"max_hp_gain":0,"max_hp_loss":0,"event_name":"SensoryStone","floor":48,"gold_loss":0}],"is_beta":false,"boss_relics":[{"not_picked":["Calling Bell","Cursed Key"],"picked":"Snecko Eye"},{"not_picked":["Fusion Hammer","Orrery"],"picked":"Empty Cage"}],"items_purged_floors":[22,30,38,45],"is_endless":false,"potions_floor_spawned":[3,6,8,11,16,18,27,28,46],"ascension_level":3}