{"gold_per_floor":[114,126,126,126,126,145,145,189,189,205,228,228,228,266,266,356,356,376,196,217,236,249,249,265,306,306,327,348,348,164,164,164,257,320,341,123,123,123,146,146,146,166,189,214,214,249,249,263,263,263,263,263,263,46,79,79],"floor_reached":57,"playtime":2749,"items_purged":["Barrage","Defend_B"],"score":3178,"play_id":"aeb94bd6-a53a-4ec3-b92f-193278ca3f53","local_time":"20190608174314","is_ascension_mode":true,"campfire_choices":[{"data":"Hyperbeam","floor":7.0,"key":"SMITH"},{"data":"Defragment","floor":12.0,"key":"SMITH"},{"data":"Hologram","floor":15.0,"key":"SMITH"},{"data":"Turbo","floor":23.0,"key":"SMITH"},{"data":"Skim","floor":29.0,"key":"SMITH"},{"data":"Loop","floor":32.0,"key":"SMITH"},{"data":"Recycle","floor":40.0,"key":"SMITH"},{"data":"Heatsinks","floor":45.0,"key":"SMITH"},{"data":"Turbo","floor":47.0,"key":"SMITH"},{"floor":49.0,"key":"RECALL"},{"data":"Capacitor","floor":53,"key":"SMITH"}],"neow_cost":"TEN_PERCENT_HP_LOSS","seed_source_timestamp":17731487699184,"circlet_count":0,"master_deck":["AscendersBane","Defend_B+1","Zap+1","Dualcast+1","Hyperbeam+1","Skim+1","Hologram+1","Reboot","Defragment+1","Coolheaded+1","Thunder Strike+1","Amplify+1","Turbo+1","Heatsinks+1","Loop+1","Skim+1","Seek","Defragment+1","Core Surge","Electrodynamics","Recycle+1","Capacitor+1","Turbo+1","Glacier","Recycle+1"],"special_seed":0,"relics":["Cracked Core","Golden Idol","Matryoshka","Bag of Preparation","Singing Bowl","PreservedInsect","Astrolabe","Strawberry","Whetstone","Art of War","Tiny House","OrangePellets","Lantern","HollowMod:LifeEnderRelic","TheAbacus","Pantograph"],"potions_floor_usage":[56],"damage_taken":[{"damage":0.0,"enemies":"2 Louse","floor":1.0,"turns":1.0},{"damage":0.0,"enemies":"Small Slimes","floor":2.0,"turns":1.0},{"damage":0.0,"enemies":"Jaw Worm","floor":6.0,"turns":3.0},{"damage":15.0,"enemies":"Lagavulin","floor":8.0,"turns":7.0},{"damage":0.0,"enemies":"Exordium Wildlife","floor":10.0,"turns":3.0},{"damage":0.0,"enemies":"Gremlin Gang","floor":11.0,"turns":1.0},{"damage":6.0,"enemies":"3 Sentries","floor":14.0,"turns":4.0},{"damage":9.0,"enemies":"Hexaghost","floor":16.0,"turns":10.0},{"damage":4.0,"enemies":"2 Thieves","floor":18.0,"turns":2.0},{"damage":0.0,"enemies":"Chosen","floor":20.0,"turns":4.0},{"damage":14.0,"enemies":"Snake Plant","floor":21.0,"turns":4.0},{"damage":15.0,"enemies":"Snecko","floor":22.0,"turns":8.0},{"damage":9.0,"enemies":"Shelled Parasite and Fungi","floor":24.0,"turns":6.0},{"damage":0.0,"enemies":"Book of Stabbing","floor":25.0,"turns":3.0},{"damage":0.0,"enemies":"3 Cultists","floor":27.0,"turns":3.0},{"damage":0.0,"enemies":"Snecko","floor":28.0,"turns":4.0},{"damage":12.0,"enemies":"Champ","floor":33.0,"turns":7.0},{"damage":1.0,"enemies":"3 Shapes","floor":35.0,"turns":6.0},{"damage":7.0,"enemies":"3 Darklings","floor":39.0,"turns":3.0},{"damage":0.0,"enemies":"Sphere and 2 Shapes","floor":42.0,"turns":1.0},{"damage":0.0,"enemies":"Spire Growth","floor":44.0,"turns":1.0},{"damage":0.0,"enemies":"Nemesis","floor":46.0,"turns":1.0},{"damage":0.0,"enemies":"HollowMod:SlobberingHusk","floor":48.0,"turns":3.0},{"damage":0,"enemies":"Donu and Deca","floor":50,"turns":3},{"damage":0,"enemies":"Awakened One","floor":51,"turns":4},{"damage":0,"enemies":"Shield and Spear","floor":55,"turns":1},{"damage":0,"enemies":"The Heart","floor":56,"turns":8}],"seed_played":"8747455742991736905","potions_obtained":[{"floor":6.0,"key":"PowerPotion"},{"floor":11.0,"key":"Swift Potion"},{"floor":18.0,"key":"Weak Potion"},{"floor":20.0,"key":"AttackPotion"},{"floor":22.0,"key":"SkillPotion"},{"floor":24.0,"key":"Poison Potion"},{"floor":33.0,"key":"Weak Potion"},{"floor":39.0,"key":"Dexterity Potion"}],"is_trial":false,"path_per_floor":["M","M","?","?","?","M","R","E","T","M","M","R","?","E","R","B",null,"M","$","M","M","M","R","M","E","T","M","M","R","$","?","R","B",null,"M","$","?","$","M","R","?","M","T","M","R","E","R","M","R","B","B",null,"R","$","E","B",null],"character_chosen":"DEFECT","items_purchased":["Turbo","Heatsinks","Core Surge","OrangePellets","TheAbacus"],"campfire_rested":0,"item_purchase_floors":[19,19,30,36,54],"current_hp_per_floor":[64,64,57,38,38,38,38,23,23,23,25,25,25,21,21,14,52,50,50,50,38,25,25,16,23,23,25,25,25,25,25,25,13,70,69,69,69,69,62,62,62,64,64,64,64,64,64,66,66,66,66,84,84,84,84,90],"gold":79,"neow_bonus":"TRANSFORM_TWO_CARDS","is_prod":false,"is_daily":false,"chose_seed":false,"campfire_upgraded":10,"win_rate":0,"timestamp":1559986994,"path_taken":["M","M","?","?","?","M","R","E","T","?","M","R","?","E","R","BOSS","M","$","M","?","M","R","M","E","T","M","M","R","$","?","R","BOSS","M","$","?","$","M","R","?","M","T","M","R","E","R","M","R","BOSS","BOSS","R","$","E","BOSS"],"build_version":"2019-01-23","purchased_purges":2,"victory":true,"max_hp_per_floor":[64,64,64,64,58,58,58,58,58,58,60,60,60,62,62,64,64,66,66,66,68,70,70,70,77,77,79,79,79,79,79,79,79,86,86,86,86,86,86,86,86,88,88,88,88,88,88,90,90,90,90,90,90,90,90,90],"card_choices":[{"not_picked":["Beam Cell","Sweeping Beam"],"picked":"Cold Snap","floor":1.0},{"not_picked":["Compile Driver","Tempest"],"picked":"Skim","floor":2.0},{"not_picked":["Steam","Sunder"],"picked":"Hologram","floor":6.0},{"not_picked":["Doom and Gloom","White Noise"],"picked":"Reboot","floor":8.0},{"not_picked":["Double Energy","Chaos"],"picked":"Defragment","floor":10.0},{"not_picked":["Stack","Coolheaded","Auto Shields"],"picked":"Singing Bowl","floor":11.0},{"not_picked":["Cold Snap","Go for the Eyes","Lockon"],"picked":"Singing Bowl","floor":14.0},{"not_picked":["Amplify","Reboot","Thunder Strike"],"picked":"Singing Bowl","floor":16.0},{"not_picked":["Steam","Gash","Stack"],"picked":"Singing Bowl","floor":18.0},{"not_picked":["Melter+1","Double Energy"],"picked":"Loop","floor":20.0},{"not_picked":["Reinforced Body","White Noise","Rebound"],"picked":"Singing Bowl","floor":21.0},{"not_picked":["Hologram","Streamline","Darkness"],"picked":"Singing Bowl","floor":22.0},{"not_picked":["Rebound","Go for the Eyes"],"picked":"Skim","floor":24.0},{"not_picked":["Storm","Go for the Eyes"],"picked":"Seek","floor":25.0},{"not_picked":["Conserve Battery","Loop","Go for the Eyes"],"picked":"Singing Bowl","floor":27.0},{"not_picked":["Stack","Auto Shields"],"picked":"Defragment+1","floor":28.0},{"not_picked":["Thunder Strike","Buffer"],"picked":"Electrodynamics","floor":33.0},{"not_picked":["Conserve Battery","Rebound","Static Discharge"],"picked":"Singing Bowl","floor":34.0},{"not_picked":["Aggregate","Turbo+1"],"picked":"Recycle","floor":35.0},{"not_picked":["Stack","Cold Snap+1"],"picked":"Capacitor","floor":39.0},{"not_picked":["Coolheaded","Sweeping Beam+1","BootSequence"],"picked":"Singing Bowl","floor":42.0},{"not_picked":["Fusion","Storm"],"picked":"Turbo","floor":44.0},{"not_picked":["Genetic Algorithm","Sunder"],"picked":"Glacier","floor":46.0},{"not_picked":["Steam","Hello World","Self Repair"],"picked":"Singing Bowl","floor":48.0},{"not_picked":["Ball Lightning","Leap"],"picked":"Recycle+1","floor":55}],"player_experience":5095988,"relics_obtained":[{"floor":8.0,"key":"Matryoshka"},{"floor":9.0,"key":"Bag of Preparation"},{"floor":9.0,"key":"Singing Bowl"},{"floor":14.0,"key":"PreservedInsect"},{"floor":25.0,"key":"Strawberry"},{"floor":26.0,"key":"Whetstone"},{"floor":43.0,"key":"Lantern"},{"floor":46.0,"key":"HollowMod:LifeEnderRelic"},{"floor":55,"key":"Pantograph"}],"event_choices":[{"cards_removed":["Strike_B"],"damage_healed":0.0,"max_hp_gain":0.0,"max_hp_loss":0.0,"gold_gain":0.0,"event_name":"Golden Wing","player_choice":"Card Removal","floor":3.0,"gold_loss":0.0,"damage_taken":7.0},{"damage_healed":0.0,"max_hp_gain":0.0,"max_hp_loss":0.0,"gold_gain":0.0,"event_name":"Shining Light","player_choice":"Entered Light","floor":4.0,"gold_loss":0.0,"damage_taken":19.0,"cards_upgraded":["Zap","Defend_B"]},{"damage_healed":0.0,"max_hp_gain":0.0,"max_hp_loss":6.0,"gold_gain":0.0,"event_name":"Golden Idol","player_choice":"Lose Max HP","floor":5.0,"gold_loss":0.0,"damage_taken":0.0,"relics_obtained":["Golden Idol"]},{"damage_healed":0.0,"max_hp_gain":0.0,"max_hp_loss":0.0,"gold_gain":0.0,"event_name":"Upgrade Shrine","player_choice":"Upgraded","floor":13.0,"gold_loss":0.0,"damage_taken":0.0,"cards_upgraded":["Dualcast"]},{"damage_healed":0.0,"max_hp_gain":0.0,"max_hp_loss":0.0,"gold_gain":0.0,"event_name":"WeMeetAgain","player_choice":"Gave Potion","floor":31.0,"gold_loss":0.0,"damage_taken":0.0,"relics_obtained":["Art of War"]},{"cards_removed":["Cold Snap"],"damage_healed":0.0,"max_hp_gain":0.0,"max_hp_loss":0.0,"gold_gain":0.0,"event_name":"Falling","player_choice":"Removed Attack","floor":37.0,"gold_loss":0.0,"damage_taken":0.0},{"damage_healed":0.0,"max_hp_gain":0.0,"max_hp_loss":0.0,"gold_gain":0.0,"event_name":"Tomb of Lord Red Mask","player_choice":"Ignored","floor":41.0,"gold_loss":0.0,"damage_taken":0.0}],"is_beta":false,"boss_relics":[{"not_picked":["Lizard Tail","Ectoplasm"],"picked":"Astrolabe"},{"not_picked":["Pandora\u0027s Box","Calling Bell"],"picked":"Tiny House"}],"items_purged_floors":[19,30],"is_endless":false,"potions_floor_spawned":[6,11,14,18,20,22,24,33,39,42],"ascension_level":20}