{"gold_per_floor":[111,128,53,71,71,105,105,124,124,136,174,42,74,86,86,157,157,171,189,34,49,64,94,94,7,54,70,87,104,104,104,104,183,183,200,211,86,105,105,105,21,56,56,56,56,84,45,58,58,58,58,58,58,15,41,41],"floor_reached":57,"playtime":3981,"items_purged":["Strike_B","Strike_B","Strike_B"],"score":3054,"play_id":"6885673d-949b-4189-a9cb-08986944efaf","local_time":"20190224141515","is_ascension_mode":true,"campfire_choices":[{"data":"Defragment","floor":7.0,"key":"SMITH"},{"data":"Capacitor","floor":10.0,"key":"SMITH"},{"data":"Defragment","floor":15.0,"key":"SMITH"},{"data":"Biased Cognition","floor":24.0,"key":"SMITH"},{"data":"Coolheaded","floor":30.0,"key":"SMITH"},{"data":"Seek","floor":32.0,"key":"SMITH"},{"data":"Fission","floor":40.0,"key":"SMITH"},{"data":"Hologram","floor":44.0,"key":"SMITH"},{"floor":49.0,"key":"RECALL"},{"data":"Apotheosis","floor":53.0,"key":"SMITH"}],"neow_cost":"NONE","seed_source_timestamp":2829732252147,"circlet_count":0,"master_deck":["AscendersBane","Defend_B","Defend_B","Defend_B","Defend_B","Zap","Dualcast","Glacier","Defragment+1","Capacitor+1","Auto Shields","Reboot","Defragment+1","White Noise","Ball Lightning","Biased Cognition+1","Coolheaded+1","Core Surge","Seek+1","Coolheaded+1","Glacier","Fission+1","Hologram+1","Chill","Defragment+1","Buffer+1","Discovery","Apotheosis+1","Transmutation","Hologram","Heatsinks+1","Blizzard","Chill"],"special_seed":0,"relics":["Cracked Core","NeowsBlessing","PreservedInsect","MawBank","Question Card","Art of War","Runic Dome","Frozen Egg 2","Kunai","Cursed Key","Bag of Marbles","Sundial","Boot"],"potions_floor_usage":[56],"damage_taken":[{"damage":0.0,"enemies":"Jaw Worm","floor":1.0,"turns":1.0},{"damage":0.0,"enemies":"Cultist","floor":2.0,"turns":1.0},{"damage":0.0,"enemies":"Small Slimes","floor":4.0,"turns":1.0},{"damage":30.0,"enemies":"3 Sentries","floor":6.0,"turns":15.0},{"damage":0.0,"enemies":"Blue Slaver","floor":8.0,"turns":5.0},{"damage":18.0,"enemies":"Gremlin Nob","floor":11.0,"turns":4.0},{"damage":0.0,"enemies":"3 Sentries","floor":13.0,"turns":9.0},{"damage":2.0,"enemies":"Exordium Wildlife","floor":14.0,"turns":6.0},{"damage":0.0,"enemies":"Hexaghost","floor":16.0,"turns":8.0},{"damage":0.0,"enemies":"Spheric Guardian","floor":18.0,"turns":3.0},{"damage":1.0,"enemies":"Shell Parasite","floor":19.0,"turns":5.0},{"damage":7.0,"enemies":"Cultist and Chosen","floor":21.0,"turns":8.0},{"damage":17.0,"enemies":"Centurion and Healer","floor":22.0,"turns":11.0},{"damage":14.0,"enemies":"Book of Stabbing","floor":23.0,"turns":4.0},{"damage":3.0,"enemies":"Snake Plant","floor":27.0,"turns":4.0},{"damage":0.0,"enemies":"Cultist and Chosen","floor":28.0,"turns":5.0},{"damage":0.0,"enemies":"Chosen and Byrds","floor":29.0,"turns":5.0},{"damage":0.0,"enemies":"Automaton","floor":33.0,"turns":15.0},{"damage":0.0,"enemies":"3 Shapes","floor":35.0,"turns":7.0},{"damage":0.0,"enemies":"Orb Walker","floor":36.0,"turns":4.0},{"damage":0.0,"enemies":"Writhing Mass","floor":38.0,"turns":7.0},{"damage":0.0,"enemies":"Reptomancer","floor":42.0,"turns":7.0},{"damage":0.0,"enemies":"Nemesis","floor":46.0,"turns":5.0},{"damage":0.0,"enemies":"Maw","floor":48.0,"turns":5.0},{"damage":3.0,"enemies":"Awakened One","floor":50.0,"turns":12.0},{"damage":1.0,"enemies":"Donu and Deca","floor":51.0,"turns":12.0},{"damage":0.0,"enemies":"Shield and Spear","floor":55.0,"turns":6.0},{"damage":41,"enemies":"The Heart","floor":56,"turns":13}],"seed_played":"7149682357978102634","potions_obtained":[{"floor":1.0,"key":"SpeedPotion"},{"floor":2.0,"key":"Strength Potion"},{"floor":8.0,"key":"Ancient Potion"},{"floor":19.0,"key":"SpeedPotion"},{"floor":22.0,"key":"Block Potion"},{"floor":28.0,"key":"Swift Potion"},{"floor":42.0,"key":"FearPotion"},{"floor":48.0,"key":"AttackPotion"}],"is_trial":false,"path_per_floor":["M","M","$","M","?","E","R","M","T","R","E","$","E","M","R","B",null,"M","M","$","M","M","E","R","$","T","M","M","M","R","T","R","B",null,"M","M","$","M","?","R","$","E","T","R","?","E","$","M","R","B","B",null,"R","$","E","B",null],"character_chosen":"DEFECT","items_purchased":["Defragment","Swift Potion","Fire Potion","Seek","Defragment+1","Heatsinks+1","Blizzard"],"campfire_rested":0,"item_purchase_floors":[12,12,20,25,41,47,54],"current_hp_per_floor":[64,64,64,64,64,34,34,34,34,34,16,16,16,14,14,14,57,57,56,56,49,32,18,18,18,18,15,15,15,15,15,15,15,57,57,57,57,57,57,57,57,57,57,57,47,47,47,47,47,44,43,64,64,64,64,23],"gold":41,"neow_bonus":"THREE_ENEMY_KILL","is_prod":false,"is_daily":false,"chose_seed":false,"campfire_upgraded":9,"win_rate":0,"timestamp":1550988915,"path_taken":["M","M","$","M","?","E","R","M","T","R","E","$","E","M","R","BOSS","M","M","$","M","M","E","R","$","T","M","M","M","R","?","R","BOSS","M","M","$","M","?","R","$","E","T","R","?","E","?","M","R","BOSS","BOSS","R","$","E","BOSS"],"build_version":"2019-01-23","purchased_purges":3,"victory":true,"max_hp_per_floor":[71,71,71,71,71,71,71,71,71,71,71,71,71,71,71,71,71,71,71,71,71,71,71,71,71,71,71,71,71,71,71,71,71,71,71,71,71,71,71,71,71,71,71,71,71,71,71,71,71,71,71,71,71,71,71,71],"card_choices":[{"not_picked":["Beam Cell","Auto Shields"],"picked":"Glacier","floor":1.0},{"not_picked":["Loop","Conserve Battery"],"picked":"Defragment","floor":2.0},{"not_picked":["Undo","Streamline"],"picked":"Capacitor","floor":4.0},{"not_picked":["Fusion","Beam Cell"],"picked":"Auto Shields","floor":6.0},{"not_picked":["Sweeping Beam","Conserve Battery","Static Discharge"],"picked":"SKIP","floor":8.0},{"not_picked":["Blizzard","Fusion"],"picked":"Reboot","floor":11.0},{"not_picked":["Storm","Double Energy","Glacier"],"picked":"White Noise","floor":13.0},{"not_picked":["Melter","Hello World","Aggregate"],"picked":"Ball Lightning","floor":14.0},{"not_picked":["Echo Form","Seek","Electrodynamics"],"picked":"Biased Cognition","floor":16.0},{"not_picked":["Storm+1","Stack","Steam Power"],"picked":"Coolheaded+1","floor":18.0},{"not_picked":["Conserve Battery","Barrage","Compile Driver","Stack"],"picked":"SKIP","floor":19.0},{"not_picked":["Auto Shields","Conserve Battery","Doom and Gloom","Beam Cell"],"picked":"SKIP","floor":21.0},{"not_picked":["Barrage","Steam Power","Stack","Beam Cell"],"picked":"SKIP","floor":22.0},{"not_picked":["Hologram+1","Compile Driver","Storm"],"picked":"Core Surge","floor":23.0},{"not_picked":["Sweeping Beam","Melter+1","Lockon"],"picked":"Coolheaded","floor":27.0},{"not_picked":["Auto Shields","Doom and Gloom","Static Discharge+1","Scrape"],"picked":"SKIP","floor":28.0},{"not_picked":["Auto Shields","Doom and Gloom","Static Discharge+1","Scrape"],"picked":"SKIP","floor":28.0},{"not_picked":["Barrage","Sweeping Beam","Beam Cell"],"picked":"Glacier","floor":29.0},{"not_picked":["Seek","Core Surge","Electrodynamics+1"],"picked":"Fission","floor":33.0},{"not_picked":["Conserve Battery+1","Fusion","Barrage+1"],"picked":"Hologram","floor":35.0},{"not_picked":["Redo+1","Leap","Conserve Battery","Tempest"],"picked":"SKIP","floor":36.0},{"not_picked":["Rebound","Barrage","Sweeping Beam"],"picked":"Chill","floor":38.0},{"not_picked":["Glacier","Steam+1","Leap"],"picked":"Buffer+1","floor":42.0},{"not_picked":["HandOfGreed","Metamorphosis","Finesse"],"picked":"Discovery","floor":45.0},{"not_picked":["Secret Weapon","Dramatic Entrance","Purity"],"picked":"Apotheosis","floor":45.0},{"not_picked":["Enlightenment","Bandage Up","HandOfGreed"],"picked":"Transmutation","floor":45.0},{"not_picked":["Rip and Tear","Genetic Algorithm+1","Leap"],"picked":"Hologram","floor":46.0},{"not_picked":["Streamline","Cold Snap","Redo","Lockon"],"picked":"SKIP","floor":48.0},{"not_picked":["Ball Lightning+1","Steam","Redo"],"picked":"Chill","floor":55.0}],"player_experience":3087981,"relics_obtained":[{"floor":6.0,"key":"PreservedInsect"},{"floor":9.0,"key":"MawBank"},{"floor":11.0,"key":"Question Card"},{"floor":13.0,"key":"Art of War"},{"floor":23.0,"key":"Frozen Egg 2"},{"floor":31.0,"key":"Kunai"},{"floor":42.0,"key":"Bag of Marbles"},{"floor":46.0,"key":"Sundial"},{"floor":55.0,"key":"Boot"}],"event_choices":[{"cards_removed":["Strike_B"],"damage_healed":0.0,"max_hp_gain":0.0,"max_hp_loss":0.0,"gold_gain":0.0,"event_name":"Bonfire Elementals","player_choice":"Offered Basic","floor":5.0,"gold_loss":0.0,"damage_taken":0.0},{"damage_healed":0.0,"max_hp_gain":0.0,"max_hp_loss":0.0,"gold_gain":0.0,"event_name":"Tomb of Lord Red Mask","player_choice":"Ignored","floor":39.0,"gold_loss":0.0,"damage_taken":0.0},{"damage_healed":0.0,"max_hp_gain":0.0,"max_hp_loss":0.0,"gold_gain":0.0,"event_name":"SensoryStone","player_choice":"Memory 3","floor":45.0,"gold_loss":0.0,"damage_taken":10.0}],"is_beta":false,"boss_relics":[{"not_picked":["Sozu","Astrolabe"],"picked":"Runic Dome"},{"not_picked":["Empty Cage","Inserter"],"picked":"Cursed Key"}],"items_purged_floors":[3,20,37],"is_endless":false,"potions_floor_spawned":[1,2,4,8,13,16,19,22,27,28,29,35,36,42,48],"ascension_level":20}