{"path_per_floor":["M","?","?","?","T","E","R","M","T","M","R","E","M","E","R","B",null,"M","M","?","$","?","E","R","$","T","M","R","M","?","E","R","B",null,"M","$","M","M","M"],"character_chosen":"IRONCLAD","items_purchased":["Dropkick","Omamori"],"gold_per_floor":[20,20,20,20,44,78,78,96,96,112,112,144,164,226,226,325,325,338,349,349,239,239,272,272,172,172,187,187,198,198,229,229,332,332,348,76,90,101,119],"floor_reached":40,"campfire_rested":0,"playtime":1712,"current_hp_per_floor":[80,80,80,80,80,80,80,80,80,80,80,60,56,56,56,47,80,80,80,80,80,80,67,67,67,67,65,65,71,71,65,65,44,80,67,67,73,51,44],"items_purged":["Injury","Strike_R","Strike_R"],"gold":119,"score":444,"play_id":"f89a7f70-f614-4d79-b6e7-be3f06a7dfc2","local_time":"20180315215034","is_prod":false,"is_daily":false,"is_ascension_mode":false,"campfire_upgraded":4,"timestamp":1521147034,"path_taken":["M","?","?","?","?","E","R","M","T","M","R","E","M","E","R","BOSS","M","M","?","$","?","E","R","$","T","M","R","?","?","E","R","BOSS","M","$","M","M","M","E"],"build_version":"2018-03-09","purchased_purges":3,"victory":false,"master_deck":["Strike_R","Strike_R","Bash+1","Entrench+1","Iron Wave","Cleave+1","Ghostly Armor","Double Tap+1","Clash","Dropkick","Cleave+1","Double Tap","Flex+1"],"max_hp_per_floor":[80,80,80,80,80,80,80,80,80,80,80,80,80,80,80,80,80,80,80,80,80,80,80,80,80,80,80,80,80,80,80,80,80,80,80,80,80,80,80],"relics":["Burning Blood","Vajra","Mercury Hourglass","Dead Branch","Art of War","Tiny Chest","Sozu","Bottled Flame","Shovel","Letter Opener","Happy Flower","Magic Flower","Runic Cube","Omamori"],"card_choices":[{"not_picked":["Ghostly Armor","Twin Strike"],"picked":"Entrench"},{"not_picked":["Clothesline","Double Tap"],"picked":"Iron Wave"},{"not_picked":["Clothesline","True Grit"],"picked":"Cleave"},{"not_picked":["Corruption","Twin Strike"],"picked":"Ghostly Armor"},{"not_picked":["Exhume","Berserk"],"picked":"Double Tap"},{"not_picked":["Blood for Blood","Armaments"],"picked":"Clash"},{"not_picked":["Immolate","Juggernaut"],"picked":"Double Tap"},{"not_picked":["Anger","Evolve"],"picked":"Flex"}],"player_experience":146798,"potions_floor_usage":[6,23,23],"damage_taken":[{"damage":6,"enemies":"Cultist","floor":1,"turns":3},{"damage":6,"enemies":"Gremlin Nob","floor":6,"turns":3},{"damage":3,"enemies":"Jaw Worm","floor":8,"turns":3},{"damage":5,"enemies":"2 Louse","floor":10,"turns":2},{"damage":26,"enemies":"Lagavulin","floor":12,"turns":6},{"damage":10,"enemies":"Looter","floor":13,"turns":2},{"damage":6,"enemies":"Gremlin Nob","floor":14,"turns":3},{"damage":15,"enemies":"Slime Boss","floor":16,"turns":7},{"damage":0,"enemies":"3 Byrds","floor":18,"turns":4},{"damage":0,"enemies":"Chosen","floor":19,"turns":3},{"damage":19,"enemies":"Gremlin Leader","floor":23,"turns":4},{"damage":8,"enemies":"Centurion and Healer","floor":27,"turns":3},{"damage":0,"enemies":"Snecko","floor":29,"turns":2},{"damage":12,"enemies":"Book of Stabbing","floor":31,"turns":3},{"damage":30,"enemies":"Collector","floor":33,"turns":6},{"damage":22,"enemies":"3 Shapes","floor":35,"turns":2},{"damage":3,"enemies":"3 Darklings","floor":37,"turns":3},{"damage":31,"enemies":"Sphere and 2 Shapes","floor":38,"turns":4},{"damage":16,"enemies":"Maw","floor":39,"turns":6},{"damage":46,"enemies":"Nemesis","floor":40,"turns":3}],"event_choices":[{"event_name":"Purifier","player_choice":"One Purge","floor":2,"damage_taken":0},{"event_name":"Bonfire Elementals","player_choice":"BASIC","floor":3,"damage_taken":0},{"event_name":"Wheel of Change","player_choice":"Full Heal","floor":4,"damage_taken":0},{"event_name":"Accursed Blacksmith","player_choice":"Forge","floor":20,"damage_taken":0},{"event_name":"Transmorgrifier","player_choice":"Transform","floor":22,"damage_taken":0},{"event_name":"Drug Dealer","player_choice":"Ignored","floor":30,"damage_taken":0}],"boss_relics":[{"not_picked":["Orrery","Calling Bell"],"picked":"Sozu"},{"not_picked":["Eternal Feather","Snecko Eye"],"picked":"Runic Cube"}],"potions_floor_spawned":[1,6,12,16,18,23,31,33,37],"seed_played":"-5045864764122507582","killed_by":"Nemesis","ascension_level":0,"is_trial":false}