{"gold_per_floor":[14,33,45,45,56,56,85,101,101,126,145,145],"floor_reached":12,"playtime":525,"items_purged":[],"score":184,"play_id":"7f15fe1d-9efa-4c03-9815-dab9233c7b37","local_time":"20190801102419","is_ascension_mode":true,"campfire_choices":[],"neow_cost":"NO_GOLD","seed_source_timestamp":0,"circlet_count":0,"master_deck":["AscendersBane","Strike_G","Strike_G","Strike_G","Strike_G","Strike_G","Defend_G","Defend_G","Defend_G","Defend_G","Defend_G","Survivor","Neutralize","Grand Finale","Acrobatics","Noxious Fumes","Well Laid Plans","Backflip"],"special_seed":0,"relics":["Ring of the Snake","Girya","Matryoshka","Orichalcum"],"potions_floor_usage":[11,11],"damage_taken":[{"damage":20.0,"enemies":"Jaw Worm","floor":1.0,"turns":9.0},{"damage":0.0,"enemies":"Small Slimes","floor":2.0,"turns":5.0},{"damage":3.0,"enemies":"Cultist","floor":3.0,"turns":5.0},{"damage":0.0,"enemies":"Blue Slaver","floor":5.0,"turns":3.0},{"damage":15.0,"enemies":"Lagavulin","floor":7.0,"turns":8.0},{"damage":1.0,"enemies":"Red Slaver","floor":8.0,"turns":4.0},{"damage":36.0,"enemies":"Gremlin Nob","floor":10.0,"turns":4.0},{"damage":4,"enemies":"Gremlin Gang","floor":11,"turns":5},{"damage":0,"enemies":"Blue Slaver","floor":12,"turns":2}],"seed_played":"7710006139973574812","potions_obtained":[{"floor":2.0,"key":"Energy Potion"},{"floor":3.0,"key":"SteroidPotion"},{"floor":10.0,"key":"SteroidPotion"}],"is_trial":false,"path_per_floor":["M","M","M","?","M","?","E","M","T","E","M","M"],"character_chosen":"THE_SILENT","items_purchased":[],"campfire_rested":0,"item_purchase_floors":[],"current_hp_per_floor":[39,39,36,58,58,58,43,42,42,6,2,2],"gold":145,"neow_bonus":"THREE_RARE_CARDS","is_prod":false,"is_daily":false,"chose_seed":false,"campfire_upgraded":0,"win_rate":0,"timestamp":1564626259,"path_taken":["M","M","M","?","M","?","E","M","T","E","M","M"],"build_version":"2019-07-17","purchased_purges":0,"victory":false,"max_hp_per_floor":[66,66,66,66,66,66,66,66,66,66,66,66],"card_choices":[{"not_picked":["Glass Knife","Burst"],"picked":"Grand Finale","floor":0.0},{"not_picked":["Dodge and Roll","Cloak And Dagger"],"picked":"Acrobatics","floor":1.0},{"not_picked":["Outmaneuver","Backflip"],"picked":"Noxious Fumes","floor":2.0},{"not_picked":["Leg Sweep","PiercingWail"],"picked":"Well Laid Plans","floor":3.0},{"not_picked":["Dagger Throw","Bane"],"picked":"Backflip","floor":5.0},{"not_picked":["Slice","Riddle With Holes","Backflip"],"picked":"SKIP","floor":7.0},{"not_picked":["Blade Dance","Deflect","Endless Agony"],"picked":"SKIP","floor":8.0},{"not_picked":["Distraction","Heel Hook","Blur"],"picked":"SKIP","floor":10.0},{"not_picked":["Sucker Punch","Outmaneuver","Dagger Spray"],"picked":"SKIP","floor":11}],"player_experience":1711474,"relics_obtained":[{"floor":7.0,"key":"Girya"},{"floor":9.0,"key":"Matryoshka"},{"floor":10.0,"key":"Orichalcum"}],"event_choices":[{"damage_healed":22.0,"max_hp_gain":0.0,"max_hp_loss":0.0,"gold_gain":0.0,"event_name":"Big Fish","player_choice":"Banana","floor":4.0,"gold_loss":0.0,"damage_taken":0.0},{"damage_healed":0.0,"max_hp_gain":0.0,"max_hp_loss":0.0,"gold_gain":0.0,"event_name":"The Cleric","player_choice":"Leave","floor":6.0,"gold_loss":0.0,"damage_taken":0.0}],"is_beta":false,"boss_relics":[],"items_purged_floors":[],"is_endless":false,"potions_floor_spawned":[2,3,10],"killed_by":"Blue Slaver","ascension_level":20}