{"gold_per_floor":[117,128,142,154,42,42,42,42,115,80,80,80,80,110,110,181,181,200,90,108,5,5,85,105,122,177,191,191,141,141,156,156,235,235,245,245,259,209,226,226,256,368,380,417,429,391,391,410,410,410,410,410,410,78,106,106],"floor_reached":57,"playtime":2493,"items_purged":["Strike_G","Strike_G","Strike_G","Defend_G","Defend_G","Defend_G"],"score":2941,"play_id":"f246be66-0b52-4827-a6a7-b1475c72d891","local_time":"20190415193132","is_ascension_mode":true,"campfire_choices":[{"data":"Noxious Fumes","floor":6.0,"key":"SMITH"},{"data":"Bouncing Flask","floor":8.0,"key":"SMITH"},{"data":"Neutralize","floor":11.0,"key":"SMITH"},{"data":"Footwork","floor":13.0,"key":"SMITH"},{"data":"Well Laid Plans","floor":15.0,"key":"SMITH"},{"data":"Catalyst","floor":28.0,"key":"SMITH"},{"data":"Venomology","floor":30.0,"key":"SMITH"},{"data":"Backflip","floor":32.0,"key":"SMITH"},{"data":"Backflip","floor":40.0,"key":"SMITH"},{"data":"Catalyst","floor":45.0,"key":"SMITH"},{"floor":49.0,"key":"RECALL"},{"data":"Calculated Gamble","floor":53,"key":"SMITH"}],"neow_cost":"NONE","seed_source_timestamp":27253769677416,"circlet_count":0,"master_deck":["AscendersBane","Defend_G+1","Defend_G","Survivor","Neutralize+1","Noxious Fumes+1","Bouncing Flask+1","Footwork+1","Well Laid Plans+1","Venomology+1","PiercingWail+1","Backflip+1","Catalyst+1","Acrobatics+1","After Image","Backflip+1","Catalyst+1","Catalyst+1","Calculated Gamble+1","Catalyst+1","Burst"],"special_seed":0,"relics":["Ring of the Snake","NeowsBlessing","Bottled Tornado","Smiling Mask","Velvet Choker","Sundial","Coffee Dripper","MawBank","Calipers","Bag of Preparation","DollysMirror","Pocketwatch"],"potions_floor_usage":[50,51,55,56,56,56],"damage_taken":[{"damage":0.0,"enemies":"2 Louse","floor":1.0,"turns":1.0},{"damage":0.0,"enemies":"Jaw Worm","floor":2.0,"turns":1.0},{"damage":0.0,"enemies":"Small Slimes","floor":3.0,"turns":1.0},{"damage":15.0,"enemies":"Exordium Thugs","floor":4.0,"turns":6.0},{"damage":0.0,"enemies":"Lagavulin","floor":14.0,"turns":6.0},{"damage":51.0,"enemies":"Slime Boss","floor":16.0,"turns":11.0},{"damage":3.0,"enemies":"Shell Parasite","floor":18.0,"turns":6.0},{"damage":0.0,"enemies":"3 Byrds","floor":20.0,"turns":5.0},{"damage":7.0,"enemies":"Centurion and Healer","floor":24.0,"turns":7.0},{"damage":0.0,"enemies":"Snake Plant","floor":25.0,"turns":4.0},{"damage":0.0,"enemies":"Snecko","floor":27.0,"turns":4.0},{"damage":0.0,"enemies":"Cultist and Chosen","floor":31.0,"turns":6.0},{"damage":0.0,"enemies":"Automaton","floor":33.0,"turns":8.0},{"damage":0.0,"enemies":"Orb Walker","floor":35.0,"turns":3.0},{"damage":0.0,"enemies":"3 Shapes","floor":37.0,"turns":4.0},{"damage":0.0,"enemies":"Sphere and 2 Shapes","floor":39.0,"turns":5.0},{"damage":0.0,"enemies":"Nemesis","floor":41.0,"turns":7.0},{"damage":0.0,"enemies":"Mind Bloom Boss Battle","floor":42.0,"turns":4.0},{"damage":1.0,"enemies":"Giant Head","floor":44.0,"turns":5.0},{"damage":0.0,"enemies":"Jaw Worm Horde","floor":48.0,"turns":6.0},{"damage":2,"enemies":"Awakened One","floor":50,"turns":17},{"damage":0,"enemies":"Time Eater","floor":51,"turns":6},{"damage":20,"enemies":"Shield and Spear","floor":55,"turns":7},{"damage":28,"enemies":"The Heart","floor":56,"turns":7}],"seed_played":"8542410123701020663","potions_obtained":[{"floor":1.0,"key":"GamblersBrew"},{"floor":3.0,"key":"Poison Potion"},{"floor":16.0,"key":"GhostInAJar"},{"floor":33.0,"key":"Fire Potion"},{"floor":39.0,"key":"Fire Potion"},{"floor":44.0,"key":"PowerPotion"}],"is_trial":false,"path_per_floor":["M","M","M","M","$","R","?","R","T","?","R","?","R","E","R","B",null,"M","?","M","$","?","T","M","M","T","M","R","$","R","M","R","B",null,"M","?","M","$","M","R","E","?","T","E","R","$","?","M","R","B","B",null,"R","$","E","B",null],"character_chosen":"THE_SILENT","items_purchased":["Footwork","Backflip","DollysMirror","SkillPotion"],"campfire_rested":0,"item_purchase_floors":[5,21,54,54],"current_hp_per_floor":[59,59,59,44,44,44,37,37,37,53,53,58,58,58,58,7,55,52,52,52,52,32,32,40,40,40,40,40,40,40,40,40,40,67,67,67,76,76,76,76,76,76,76,75,75,75,75,75,75,73,73,75,75,75,55,27],"gold":106,"neow_bonus":"THREE_ENEMY_KILL","is_prod":false,"is_daily":false,"chose_seed":false,"campfire_upgraded":11,"win_rate":0,"timestamp":1555327892,"path_taken":["M","M","M","M","$","R","?","R","T","?","R","?","R","E","R","BOSS","M","?","?","$","?","?","?","M","T","M","R","$","R","M","R","BOSS","M","?","?","$","M","R","E","?","T","E","R","$","?","M","R","BOSS","BOSS","R","$","E","BOSS"],"build_version":"2019-01-23","purchased_purges":6,"victory":true,"max_hp_per_floor":[66,66,66,66,66,66,66,66,66,66,66,71,71,71,71,71,71,71,71,71,71,76,76,76,76,76,76,76,76,76,76,76,76,76,76,76,76,76,76,76,76,76,76,76,76,76,76,76,76,76,76,76,76,76,76,76],"card_choices":[{"not_picked":["Quick Slash","Prepared","Slice"],"picked":"SKIP","floor":1.0},{"not_picked":["Infinite Blades","Concentrate"],"picked":"Noxious Fumes","floor":2.0},{"not_picked":["Cloak And Dagger","Poisoned Stab"],"picked":"Bouncing Flask","floor":3.0},{"not_picked":["Prepared","Outmaneuver","Deflect"],"picked":"SKIP","floor":4.0},{"not_picked":["Riddle With Holes","Backflip"],"picked":"Well Laid Plans","floor":14.0},{"not_picked":["Unload","Glass Knife"],"picked":"Venomology","floor":16.0},{"not_picked":["Acrobatics","Dodge and Roll","Blade Dance"],"picked":"SKIP","floor":18.0},{"not_picked":["Terror+1","Sucker Punch"],"picked":"PiercingWail+1","floor":20.0},{"not_picked":["Bane","Outmaneuver"],"picked":"Catalyst","floor":24.0},{"not_picked":["Flying Knee","Prepared","Riddle With Holes"],"picked":"SKIP","floor":25.0},{"not_picked":["Dodge and Roll","Dagger Throw","Quick Slash"],"picked":"SKIP","floor":27.0},{"not_picked":["Dodge and Roll","Escape Plan"],"picked":"Acrobatics+1","floor":31.0},{"not_picked":["Die Die Die","A Thousand Cuts"],"picked":"After Image","floor":33.0},{"not_picked":["Deadly Poison","Cloak And Dagger+1","Deflect"],"picked":"SKIP","floor":35.0},{"not_picked":["PiercingWail","Quick Slash"],"picked":"Backflip","floor":37.0},{"not_picked":["Underhanded Strike","Expertise+1","Deadly Poison+1"],"picked":"SKIP","floor":39.0},{"not_picked":["Distraction","All Out Attack"],"picked":"Catalyst","floor":41.0},{"not_picked":["Flying Knee+1","Noxious Fumes"],"picked":"Catalyst+1","floor":44.0},{"not_picked":["Deflect","Dodge and Roll"],"picked":"Calculated Gamble","floor":48.0},{"not_picked":["All Out Attack","Flying Knee"],"picked":"Burst","floor":55}],"player_experience":4296981,"relics_obtained":[{"floor":9.0,"key":"Bottled Tornado"},{"floor":14.0,"key":"Smiling Mask"},{"floor":23.0,"key":"Sundial"},{"floor":41.0,"key":"MawBank"},{"floor":42.0,"key":"Calipers"},{"floor":44.0,"key":"Bag of Preparation"},{"floor":55,"key":"Pocketwatch"}],"event_choices":[{"cards_removed":["Strike_G"],"damage_healed":0.0,"max_hp_gain":0.0,"max_hp_loss":0.0,"gold_gain":0.0,"event_name":"Golden Wing","player_choice":"Card Removal","floor":7.0,"gold_loss":0.0,"damage_taken":7.0},{"damage_healed":16.0,"max_hp_gain":0.0,"max_hp_loss":0.0,"gold_gain":0.0,"event_name":"The Cleric","player_choice":"Healed","floor":10.0,"gold_loss":35.0,"damage_taken":0.0},{"damage_healed":0.0,"max_hp_gain":5.0,"max_hp_loss":0.0,"gold_gain":0.0,"event_name":"Big Fish","player_choice":"Donut","floor":12.0,"gold_loss":0.0,"damage_taken":0.0},{"cards_removed":["Strike_G"],"damage_healed":0.0,"max_hp_gain":0.0,"max_hp_loss":0.0,"gold_gain":0.0,"event_name":"Designer","player_choice":"Upgrade and Remove","floor":19.0,"gold_loss":110.0,"damage_taken":0.0,"cards_upgraded":["Defend_G"]},{"damage_healed":0.0,"max_hp_gain":5.0,"max_hp_loss":0.0,"gold_gain":0.0,"event_name":"Forgotten Altar","player_choice":"Shed Blood","floor":22.0,"gold_loss":0.0,"damage_taken":25.0},{"damage_healed":0.0,"max_hp_gain":0.0,"max_hp_loss":0.0,"gold_gain":0.0,"event_name":"Lab","player_choice":"Got Potions","floor":36.0,"gold_loss":0.0,"damage_taken":0.0},{"damage_healed":0.0,"max_hp_gain":0.0,"max_hp_loss":0.0,"gold_gain":0.0,"event_name":"MindBloom","player_choice":"Fight","floor":42.0,"gold_loss":0.0,"damage_taken":0.0},{"damage_healed":0.0,"max_hp_gain":0.0,"max_hp_loss":0.0,"gold_gain":0.0,"event_name":"SensoryStone","player_choice":"Memory 1","floor":47.0,"gold_loss":0.0,"damage_taken":0.0}],"is_beta":false,"boss_relics":[{"not_picked":["Fusion Hammer","Philosopher\u0027s Stone"],"picked":"Velvet Choker"},{"not_picked":["Snecko Eye","Lizard Tail"],"picked":"Coffee Dripper"}],"items_purged_floors":[5,21,29,38,46,54],"is_endless":false,"potions_floor_spawned":[1,3,16,18,24,33,35,39,44],"ascension_level":20}