{"gold_per_floor":[115,163,179,179,193,193,224,224,224,224,236,247,247,280,280,355,355,373,221,240,240,155,155,181,181,204,204,204,204,304,333,333,410,410,426,426,426,216,141,141,174,192,237,237,251,285,285,300,300,300,300,300,300,163,190,190],"floor_reached":57,"playtime":2368,"items_purged":["Strike_G","Strike_G","Defend_G","Defend_G+1"],"score":3354,"play_id":"72d8acc9-9e51-4f04-8578-dd23fdb9b253","local_time":"20190404211307","is_ascension_mode":true,"campfire_choices":[{"data":"Catalyst","floor":6.0,"key":"SMITH"},{"data":"Deadly Poison","floor":8.0,"key":"SMITH"},{"data":"Night Terror","floor":10.0,"key":"SMITH"},{"data":"Well Laid Plans","floor":13.0,"key":"SMITH"},{"data":"Neutralize","floor":15.0,"key":"SMITH"},{"data":"Strike_G","floor":23.0,"key":"PURGE"},{"data":"Catalyst","floor":25.0,"key":"SMITH"},{"data":"Strike_G","floor":28.0,"key":"PURGE"},{"data":"Strike_G","floor":32.0,"key":"PURGE"},{"data":"Defend_G","floor":40.0,"key":"PURGE"},{"floor":44.0,"key":"RECALL"},{"data":"Defend_G","floor":49.0,"key":"PURGE"},{"data":"Defend_G+1","floor":53,"key":"PURGE"}],"neow_cost":"PERCENT_DAMAGE","seed_source_timestamp":30753848123627,"circlet_count":0,"master_deck":["AscendersBane","Survivor","Neutralize+1","Well Laid Plans+1","Deadly Poison+1","Night Terror+1","Catalyst+1","Footwork","Adrenaline","PiercingWail","Catalyst+1","Ghostly","Ghostly","Ghostly","J.A.X.","Adrenaline","Acrobatics","Footwork","Night Terror"],"special_seed":0,"relics":["Ring of the Snake","Tough Bandages","War Paint","Happy Flower","Ginger","The Specimen","Runic Pyramid","Peace Pipe","Mummified Hand","Bird Faced Urn","Molten Egg 2","Smiling Mask","Black Star","Bag of Preparation","Centennial Puzzle","Bag of Marbles","Oddly Smooth Stone","Sundial","Incense Burner","Strawberry"],"potions_floor_usage":[56,56],"damage_taken":[{"damage":0.0,"enemies":"Cultist","floor":1.0,"turns":4.0},{"damage":0.0,"enemies":"Small Slimes","floor":3.0,"turns":5.0},{"damage":1.0,"enemies":"Jaw Worm","floor":5.0,"turns":4.0},{"damage":0.0,"enemies":"Lagavulin","floor":7.0,"turns":4.0},{"damage":0.0,"enemies":"Large Slime","floor":11.0,"turns":7.0},{"damage":10.0,"enemies":"3 Louse","floor":12.0,"turns":4.0},{"damage":17.0,"enemies":"Gremlin Nob","floor":14.0,"turns":3.0},{"damage":0.0,"enemies":"Hexaghost","floor":16.0,"turns":5.0},{"damage":0.0,"enemies":"Shell Parasite","floor":18.0,"turns":3.0},{"damage":0.0,"enemies":"Spheric Guardian","floor":20.0,"turns":4.0},{"damage":0.0,"enemies":"Slavers","floor":24.0,"turns":4.0},{"damage":0.0,"enemies":"Colosseum Slavers","floor":30.0,"turns":4.0},{"damage":0.0,"enemies":"Colosseum Nobs","floor":30.0,"turns":5.0},{"damage":0.0,"enemies":"Book of Stabbing","floor":31.0,"turns":5.0},{"damage":0.0,"enemies":"Champ","floor":33.0,"turns":5.0},{"damage":6.0,"enemies":"3 Darklings","floor":35.0,"turns":8.0},{"damage":0.0,"enemies":"Reptomancer","floor":41.0,"turns":3.0},{"damage":0.0,"enemies":"Orb Walker","floor":42.0,"turns":4.0},{"damage":0.0,"enemies":"Writhing Mass","floor":45.0,"turns":3.0},{"damage":1.0,"enemies":"Nemesis","floor":46.0,"turns":3.0},{"damage":2.0,"enemies":"3 Darklings","floor":48.0,"turns":5.0},{"damage":1,"enemies":"Donu and Deca","floor":50,"turns":6},{"damage":0,"enemies":"Time Eater","floor":51,"turns":3},{"damage":3,"enemies":"Shield and Spear","floor":55,"turns":5},{"damage":39,"enemies":"The Heart","floor":56,"turns":6}],"seed_played":"5814639462257743725","potions_obtained":[{"floor":1.0,"key":"Swift Potion"},{"floor":5.0,"key":"Dexterity Potion"},{"floor":12.0,"key":"PowerPotion"},{"floor":20.0,"key":"GamblersBrew"},{"floor":24.0,"key":"Regen Potion"},{"floor":42.0,"key":"Ancient Potion"}],"is_trial":false,"path_per_floor":["M","T","M","?","M","R","E","R","T","R","M","M","R","E","R","B",null,"M","$","M","?","?","R","E","R","T","?","R","?","?","E","R","B",null,"M","?","?","$","$","R","E","M","T","R","M","E","?","M","R","B","B",null,"R","$","E","B",null],"character_chosen":"THE_SILENT","items_purchased":["Catalyst","Bag of Preparation","Acrobatics","Night Terror"],"campfire_rested":0,"item_purchase_floors":[19,38,39,54],"current_hp_per_floor":[44,44,44,44,43,43,43,43,43,43,43,33,33,16,16,16,54,54,54,54,54,54,54,54,54,54,33,33,33,33,33,33,33,33,27,27,27,27,27,27,29,33,33,33,33,33,33,33,33,33,33,33,33,33,37,1],"gold":190,"neow_bonus":"ONE_RARE_RELIC","is_prod":false,"is_daily":false,"chose_seed":false,"campfire_upgraded":6,"win_rate":0,"timestamp":1554383587,"path_taken":["M","?","M","?","M","R","E","R","T","R","M","M","R","E","R","BOSS","M","$","M","?","?","R","E","R","T","?","R","?","?","E","R","BOSS","M","?","?","?","$","R","E","M","T","R","?","E","?","M","R","BOSS","BOSS","R","$","E","BOSS"],"build_version":"2019-01-23","purchased_purges":4,"victory":true,"max_hp_per_floor":[66,66,66,66,66,66,66,66,66,66,66,66,66,66,66,66,66,66,66,66,66,66,66,66,66,66,33,33,33,33,33,33,33,33,33,33,33,33,33,33,33,33,33,33,33,33,33,33,33,33,33,33,33,33,40,40],"card_choices":[{"not_picked":["Infinite Blades","Calculated Gamble"],"picked":"Well Laid Plans","floor":1.0},{"not_picked":["Backstab","Distraction"],"picked":"Deadly Poison","floor":3.0},{"not_picked":["Infinite Blades","Cloak And Dagger"],"picked":"Catalyst","floor":5.0},{"not_picked":["Unload","Flying Knee"],"picked":"Footwork","floor":7.0},{"not_picked":["Masterful Stab","Deadly Poison","Underhanded Strike"],"picked":"SKIP","floor":11.0},{"not_picked":["Sucker Punch","Deflect","Dodge and Roll"],"picked":"SKIP","floor":12.0},{"not_picked":["Terror","A Thousand Cuts","Choke"],"picked":"SKIP","floor":14.0},{"not_picked":["Venomology","Envenom"],"picked":"Adrenaline","floor":16.0},{"not_picked":["Sucker Punch","Eviscerate"],"picked":"PiercingWail","floor":18.0},{"not_picked":["Underhanded Strike","Skewer","Slice"],"picked":"SKIP","floor":20.0},{"not_picked":["Outmaneuver","Choke","Dagger Throw"],"picked":"SKIP","floor":24.0},{"not_picked":["Crippling Poison","Unload+1","Slice+1"],"picked":"SKIP","floor":31.0},{"not_picked":["Grand Finale+1","Corpse Explosion"],"picked":"Adrenaline","floor":33.0},{"not_picked":["Outmaneuver","PiercingWail","Quick Slash+1"],"picked":"SKIP","floor":35.0},{"not_picked":["Prepared","Bouncing Flask","Dagger Throw+1"],"picked":"SKIP","floor":41.0},{"not_picked":["Caltrops","Quick Slash+1","Deflect"],"picked":"SKIP","floor":42.0},{"not_picked":["Quick Slash+1","Dash+1","Dagger Spray+1"],"picked":"SKIP","floor":45.0},{"not_picked":["Terror+1","Well Laid Plans+1"],"picked":"Footwork","floor":46.0},{"not_picked":["Eviscerate+1","Dagger Throw+1","Skewer+1"],"picked":"SKIP","floor":48.0},{"not_picked":["All Out Attack+1","Expertise+1","Bullet Time"],"picked":"SKIP","floor":55}],"player_experience":4053136,"relics_obtained":[{"floor":2.0,"key":"War Paint"},{"floor":7.0,"key":"Happy Flower"},{"floor":9.0,"key":"Ginger"},{"floor":14.0,"key":"The Specimen"},{"floor":24.0,"key":"Mummified Hand"},{"floor":30.0,"key":"Bird Faced Urn"},{"floor":30.0,"key":"Molten Egg 2"},{"floor":31.0,"key":"Smiling Mask"},{"floor":41.0,"key":"Centennial Puzzle"},{"floor":41.0,"key":"Bag of Marbles"},{"floor":43.0,"key":"Oddly Smooth Stone"},{"floor":46.0,"key":"Sundial"},{"floor":46.0,"key":"Incense Burner"},{"floor":55,"key":"Strawberry"}],"event_choices":[{"damage_healed":0.0,"max_hp_gain":0.0,"max_hp_loss":0.0,"gold_gain":0.0,"event_name":"Match and Keep!","player_choice":"2 cards matched","floor":4.0,"gold_loss":0.0,"damage_taken":0.0,"cards_obtained":["Night Terror","Backflip"]},{"damage_healed":0.0,"max_hp_gain":0.0,"max_hp_loss":0.0,"gold_gain":0.0,"event_name":"Vampires","player_choice":"Ignored","floor":21.0,"gold_loss":0.0,"damage_taken":0.0},{"damage_healed":0.0,"max_hp_gain":0.0,"max_hp_loss":0.0,"gold_gain":0.0,"event_name":"Addict","player_choice":"Obtained Relic","floor":22.0,"gold_loss":85.0,"damage_taken":0.0,"relics_obtained":["Peace Pipe"]},{"damage_healed":0.0,"max_hp_gain":0.0,"max_hp_loss":33.0,"gold_gain":0.0,"event_name":"Ghosts","player_choice":"Became a Ghost","floor":27.0,"gold_loss":0.0,"damage_taken":0.0,"cards_obtained":["Ghostly","Ghostly","Ghostly"]},{"damage_healed":0.0,"max_hp_gain":0.0,"max_hp_loss":0.0,"gold_gain":0.0,"event_name":"Drug Dealer","player_choice":"Obtain J.A.X.","floor":29.0,"gold_loss":0.0,"damage_taken":0.0,"cards_obtained":["J.A.X."]},{"damage_healed":0.0,"max_hp_gain":0.0,"max_hp_loss":0.0,"gold_gain":0.0,"event_name":"Colosseum","player_choice":"Fight","floor":30.0,"gold_loss":0.0,"damage_taken":0.0},{"damage_healed":0.0,"max_hp_gain":0.0,"max_hp_loss":0.0,"gold_gain":0.0,"event_name":"Colosseum","player_choice":"Fought Nobs","floor":30.0,"gold_loss":0.0,"damage_taken":0.0},{"cards_removed":["Backflip"],"damage_healed":0.0,"max_hp_gain":0.0,"max_hp_loss":0.0,"gold_gain":0.0,"event_name":"Falling","player_choice":"Removed Skill","floor":36.0,"gold_loss":0.0,"damage_taken":0.0},{"damage_healed":0.0,"max_hp_gain":0.0,"max_hp_loss":0.0,"gold_gain":0.0,"event_name":"Tomb of Lord Red Mask","player_choice":"Ignored","floor":37.0,"gold_loss":0.0,"damage_taken":0.0},{"damage_healed":0.0,"max_hp_gain":0.0,"max_hp_loss":0.0,"gold_gain":0.0,"event_name":"WeMeetAgain","player_choice":"Ignored","floor":47.0,"gold_loss":0.0,"damage_taken":0.0}],"is_beta":false,"boss_relics":[{"not_picked":["Lizard Tail","Fusion Hammer"],"picked":"Runic Pyramid"},{"not_picked":["Eternal Feather","Cursed Key"],"picked":"Black Star"}],"items_purged_floors":[19,38,39,54],"is_endless":false,"potions_floor_spawned":[1,5,12,20,24,30,42],"ascension_level":20}