{"gold_per_floor":[113,130,141,151,151,179,179,179,258,258,278,292,292,326,326,427,427,437,454,283,301,319,319,347,347,424,424,424,424,424,424,424,524,524,534,545,557,657,617,617,617],"floor_reached":41,"playtime":3005,"items_purged":["Strike_R"],"score":505,"play_id":"bf2ef16b-43d6-474e-b965-ab67ca7433c5","local_time":"20190721044533","is_ascension_mode":true,"campfire_choices":[{"data":"Carnage","floor":8,"key":"SMITH"},{"data":"Rampage","floor":10,"key":"SMITH"},{"data":"Berserk","floor":15,"key":"SMITH"},{"data":"Anger","floor":23,"key":"SMITH"},{"data":"Searing Blow+1","floor":25,"key":"SMITH"},{"data":"Rage","floor":27,"key":"SMITH"},{"data":"Searing Blow+2","floor":29,"key":"SMITH"},{"floor":32,"key":"REST"},{"floor":40,"key":"REST"}],"neow_cost":"NONE","seed_source_timestamp":55304915728308,"circlet_count":0,"master_deck":["Strike_R","Defend_R","Defend_R","Defend_R","Defend_R","Bash","Carnage+1","Clash","Rampage+1","Infernal Blade","Rage+1","Shrug It Off","Berserk+1","Demon Form","Bloodletting+1","Fiend Fire+1","Searing Blow+3","Anger+1","Hemokinesis+1","Dark Shackles","Carnage","Barricade","Intimidate+1","RitualDagger","Limit Break","Battle Trance+1","Flame Barrier","Carnage+1"],"relics":["Burning Blood","Dead Branch","Red Skull","Question Card","Self Forming Clay","Astrolabe","Letter Opener","Matryoshka","Philosopher\u0027s Stone","Magic Flower"],"potions_floor_usage":[14,18,24,24,36,38,41,41],"damage_taken":[{"damage":5,"enemies":"Small Slimes","floor":1,"turns":4},{"damage":2,"enemies":"2 Louse","floor":2,"turns":3},{"damage":2,"enemies":"Jaw Worm","floor":3,"turns":2},{"damage":13,"enemies":"Large Slime","floor":4,"turns":5},{"damage":36,"enemies":"3 Sentries","floor":6,"turns":8},{"damage":7,"enemies":"Lots of Slimes","floor":11,"turns":1},{"damage":7,"enemies":"3 Louse","floor":12,"turns":2},{"damage":14,"enemies":"Lagavulin","floor":14,"turns":6},{"damage":10,"enemies":"Slime Boss","floor":16,"turns":8},{"damage":12,"enemies":"Shell Parasite","floor":18,"turns":4},{"damage":7,"enemies":"Chosen","floor":19,"turns":3},{"damage":8,"enemies":"Snecko","floor":21,"turns":2},{"damage":2,"enemies":"Snake Plant","floor":22,"turns":3},{"damage":26,"enemies":"Book of Stabbing","floor":24,"turns":4},{"damage":39,"enemies":"Champ","floor":33,"turns":7},{"damage":10,"enemies":"Orb Walker","floor":35,"turns":2},{"damage":34,"enemies":"3 Shapes","floor":36,"turns":4},{"damage":37,"enemies":"Transient","floor":37,"turns":5},{"damage":20,"enemies":"Mind Bloom Boss Battle","floor":38,"turns":3},{"damage":63,"enemies":"Giant Head","floor":41,"turns":7}],"seed_played":"-5106899713013241525","potions_obtained":[{"floor":3,"key":"Explosive Potion"},{"floor":6,"key":"BloodPotion"},{"floor":11,"key":"Ancient Potion"},{"floor":13,"key":"Energy Potion"},{"floor":14,"key":"Block Potion"},{"floor":19,"key":"Fire Potion"},{"floor":37,"key":"Energy Potion"},{"floor":39,"key":"Regen Potion"},{"floor":39,"key":"GamblersBrew"}],"is_trial":false,"path_per_floor":["M","M","M","M","?","E","?","R","T","R","M","M","?","E","R","B",null,"M","M","$","M","M","R","E","R","T","R","?","R","?","?","R","B",null,"M","M","M","?","?","R","E"],"character_chosen":"IRONCLAD","items_purchased":["Dark Shackles"],"campfire_rested":2,"item_purchase_floors":[20],"current_hp_per_floor":[88,88,88,81,86,56,49,49,49,49,48,47,47,62,62,58,93,87,86,86,84,88,88,68,68,68,68,68,68,62,46,73,40,93,89,61,30,16,16,43,4],"gold":617,"neow_bonus":"TEN_PERCENT_HP_BONUS","is_prod":false,"is_daily":false,"chose_seed":false,"campfire_upgraded":7,"win_rate":0,"timestamp":1563702333,"path_taken":["M","M","M","M","?","E","?","R","T","R","M","?","?","E","R","BOSS","M","?","$","M","M","R","E","R","T","R","?","R","?","?","R","BOSS","M","M","M","?","?","R","E"],"build_version":"2019-07-17","purchased_purges":1,"victory":false,"max_hp_per_floor":[88,88,88,88,93,93,93,93,93,93,93,93,93,93,93,93,93,93,93,93,93,93,93,93,93,93,93,93,93,93,93,93,93,93,93,93,93,93,93,93,93],"card_choices":[{"not_picked":["Armaments","Heavy Blade"],"picked":"Carnage","floor":1},{"not_picked":["Clothesline","Sword Boomerang"],"picked":"Clash","floor":2},{"not_picked":["Burning Pact","True Grit"],"picked":"Rampage","floor":3},{"not_picked":["Sword Boomerang","Sever Soul"],"picked":"Infernal Blade","floor":4},{"not_picked":["Iron Wave","Twin Strike","Havoc"],"picked":"SKIP","floor":6},{"not_picked":["Fire Breathing","Pommel Strike","Reckless Charge"],"picked":"Rage","floor":11},{"not_picked":["Perfected Strike","Wild Strike","Thunderclap"],"picked":"Shrug It Off","floor":12},{"not_picked":["Headbutt","Cleave","Flex"],"picked":"Berserk","floor":14},{"not_picked":["Offering","Double Tap","Feed"],"picked":"Demon Form","floor":16},{"not_picked":["Rage","Iron Wave","Thunderclap"],"picked":"Anger","floor":18},{"not_picked":["Anger","Combust","True Grit"],"picked":"Hemokinesis+1","floor":19},{"not_picked":["Anger","Searing Blow+1","Clothesline"],"picked":"Carnage","floor":21},{"not_picked":["Twin Strike+1","Seeing Red+1","Anger"],"picked":"Barricade","floor":22},{"not_picked":["True Grit","Flex","Clash"],"picked":"Intimidate+1","floor":24},{"not_picked":["Reaper","Demon Form","Offering"],"picked":"Limit Break","floor":33},{"not_picked":["Heavy Blade","Bloodletting","Clash","Wild Strike"],"picked":"SKIP","floor":35},{"not_picked":["Pommel Strike+1","Seeing Red+1","Sever Soul"],"picked":"Battle Trance+1","floor":36},{"not_picked":["Hemokinesis","Entrench","Heavy Blade"],"picked":"Flame Barrier","floor":37},{"not_picked":["Clothesline","Feel No Pain","Pommel Strike+1"],"picked":"Carnage+1","floor":38}],"player_experience":251458,"relics_obtained":[{"floor":6,"key":"Dead Branch"},{"floor":9,"key":"Question Card"},{"floor":14,"key":"Self Forming Clay"},{"floor":24,"key":"Letter Opener"},{"floor":26,"key":"Matryoshka"},{"floor":38,"key":"Magic Flower"}],"event_choices":[{"damage_healed":0,"gold_gain":0,"player_choice":"Donut","damage_taken":0,"max_hp_gain":5,"max_hp_loss":0,"event_name":"Big Fish","floor":5,"gold_loss":0},{"damage_healed":0,"gold_gain":0,"player_choice":"Success","damage_taken":7,"relics_obtained":["Red Skull"],"max_hp_gain":0,"max_hp_loss":0,"event_name":"Scrap Ooze","floor":7,"gold_loss":0},{"damage_healed":0,"gold_gain":0,"player_choice":"Got Potions","damage_taken":0,"max_hp_gain":0,"max_hp_loss":0,"event_name":"Lab","floor":13,"gold_loss":0},{"damage_healed":0,"gold_gain":0,"player_choice":"Ignored","damage_taken":0,"max_hp_gain":0,"max_hp_loss":0,"event_name":"Vampires","floor":28,"gold_loss":0},{"damage_healed":0,"gold_gain":0,"player_choice":"Joined the Cult","damage_taken":6,"max_hp_gain":0,"max_hp_loss":0,"event_name":"Nest","floor":30,"gold_loss":0,"cards_obtained":["RitualDagger"]},{"damage_healed":0,"gold_gain":0,"player_choice":"Obtained Book","damage_taken":16,"max_hp_gain":0,"max_hp_loss":0,"event_name":"Cursed Tome","floor":31,"gold_loss":0},{"damage_healed":0,"gold_gain":0,"player_choice":"Fight","damage_taken":0,"max_hp_gain":0,"max_hp_loss":0,"event_name":"MindBloom","floor":38,"gold_loss":0},{"damage_healed":0,"gold_gain":0,"player_choice":"Bought 3 Potions","damage_taken":0,"max_hp_gain":0,"max_hp_loss":0,"event_name":"The Woman in Blue","floor":39,"gold_loss":0}],"is_beta":false,"boss_relics":[{"not_picked":["Ectoplasm","Runic Dome"],"picked":"Astrolabe"},{"not_picked":["Snecko Eye","Calling Bell"],"picked":"Philosopher\u0027s Stone"}],"items_purged_floors":[20],"is_endless":false,"potions_floor_spawned":[3,6,11,14,16,19,21,37],"killed_by":"Giant Head","ascension_level":4}