{"gold_per_floor":[111,74,88,88,88,118,130,176,270,282,325,337,349,372,384,396],"floor_reached":16,"playtime":587,"items_purged":[],"score":282,"play_id":"d764f65d-95bc-4d02-b02a-2797b0903e23","local_time":"20190124142216","is_ascension_mode":true,"campfire_choices":[{"data":"Poisoned Stab","floor":7,"key":"SMITH"},{"data":"Well Laid Plans","floor":12,"key":"SMITH"},{"data":"Neutralize","floor":15,"key":"SMITH"}],"neow_cost":"NONE","seed_source_timestamp":6250353841517,"circlet_count":0,"master_deck":["AscendersBane","Defend_G","Defend_G","Defend_G","Defend_G","Defend_G","Strike_G","Strike_G","Strike_G","Strike_G","Strike_G","Survivor","Neutralize+1","Well Laid Plans+1","Poisoned Stab+1","Tactician"],"relics":["Ring of the Snake","NeowsBlessing","Juzu Bracelet","MawBank","PreservedInsect","The Courier","Blood Vial","CultistMask"],"potions_floor_usage":[8,16,16],"damage_taken":[{"damage":0,"enemies":"Small Slimes","floor":1,"turns":1},{"damage":0,"enemies":"Cultist","floor":3,"turns":1},{"damage":0,"enemies":"Gremlin Nob","floor":6,"turns":1},{"damage":53,"enemies":"Lagavulin","floor":8,"turns":11},{"damage":19,"enemies":"Gremlin Nob","floor":11,"turns":4},{"damage":0,"enemies":"Jaw Worm","floor":14,"turns":3},{"damage":62,"enemies":"Slime Boss","floor":16,"turns":13}],"seed_played":"6901531241450272145","potions_obtained":[{"floor":3,"key":"Regen Potion"},{"floor":8,"key":"Dexterity Potion"},{"floor":11,"key":"SkillPotion"}],"is_trial":false,"path_per_floor":["M","$","M","?","?","E","R","E","T","?","E","R","?","M","R","B"],"character_chosen":"THE_SILENT","items_purchased":["Well Laid Plans"],"campfire_rested":0,"item_purchase_floors":[2],"current_hp_per_floor":[59,59,59,64,64,64,64,26,26,81,62,62,62,64,64,4],"gold":396,"neow_bonus":"THREE_ENEMY_KILL","is_prod":false,"is_daily":false,"chose_seed":false,"campfire_upgraded":3,"win_rate":0,"timestamp":1548310936,"path_taken":["M","$","M","?","?","E","R","E","T","?","E","R","?","M","R","BOSS"],"build_version":"2019-01-23","purchased_purges":0,"victory":false,"max_hp_per_floor":[66,66,66,71,71,71,71,71,71,81,81,81,81,81,81,81],"card_choices":[{"not_picked":["Poisoned Stab","Blade Dance"],"picked":"Acrobatics","floor":1},{"not_picked":["Blade Dance","PiercingWail","Acrobatics"],"picked":"SKIP","floor":3},{"not_picked":["Quick Slash","Cloak And Dagger"],"picked":"Poisoned Stab","floor":6},{"not_picked":["Dash","PiercingWail"],"picked":"Corpse Explosion","floor":8},{"not_picked":["All Out Attack","Flying Knee","PiercingWail"],"picked":"SKIP","floor":11},{"not_picked":["Setup","Terror"],"picked":"Tactician","floor":14}],"player_experience":2193634,"relics_obtained":[{"floor":6,"key":"MawBank"},{"floor":8,"key":"PreservedInsect"},{"floor":9,"key":"The Courier"},{"floor":11,"key":"Blood Vial"}],"event_choices":[{"damage_healed":0,"gold_gain":0,"player_choice":"Donut","damage_taken":0,"max_hp_gain":5,"max_hp_loss":0,"event_name":"Big Fish","floor":4,"gold_loss":0},{"cards_removed":["Acrobatics"],"damage_healed":0,"gold_gain":0,"player_choice":"Gave Card","damage_taken":0,"relics_obtained":["Juzu Bracelet"],"max_hp_gain":0,"max_hp_loss":0,"event_name":"WeMeetAgain","floor":5,"gold_loss":0},{"cards_removed":["Corpse Explosion"],"damage_healed":45,"gold_gain":0,"player_choice":"Offered Rare","damage_taken":0,"max_hp_gain":10,"max_hp_loss":0,"event_name":"Bonfire Elementals","floor":10,"gold_loss":0},{"damage_healed":0,"gold_gain":0,"player_choice":"Trade","damage_taken":0,"relics_obtained":["CultistMask"],"max_hp_gain":0,"max_hp_loss":0,"event_name":"FaceTrader","floor":13,"gold_loss":0}],"is_beta":false,"boss_relics":[],"items_purged_floors":[],"is_endless":false,"potions_floor_spawned":[3,8,11],"killed_by":"Slime Boss","ascension_level":20}