{"gold_per_floor":[115,32,32,32,47,77,77,90,90,46,46,84,84,123,123,216,216,239,239,255,255,268,268,52,52,52,66,102,142,167,167,167,262,262,286,301,316,649,649],"floor_reached":39,"playtime":1362,"items_purged":[],"score":1084,"play_id":"5e0c5e27-814f-4b10-ab26-3ba410cc22d7","local_time":"20190223231158","is_ascension_mode":true,"campfire_choices":[{"data":"Defragment","floor":11.0,"key":"SMITH"},{"data":"Coolheaded","floor":13.0,"key":"SMITH"},{"data":"Zap","floor":15.0,"key":"SMITH"},{"data":"Dualcast","floor":23.0,"key":"SMITH"},{"data":"Turbo","floor":25.0,"key":"SMITH"},{"data":"Defragment","floor":32.0,"key":"SMITH"}],"neow_cost":"NONE","seed_source_timestamp":529215479857058,"circlet_count":0,"master_deck":["AscendersBane","Zap+1","Dualcast+1","Compile Driver","Self Repair","Coolheaded+1","Glacier","Ball Lightning+1","Defragment+1","Echo Form","Glacier","Electrodynamics","Turbo+1","Seek","Chill","Rainbow","Blizzard","All For One","Redo","Conserve Battery","Coolheaded","Cold Snap","Capacitor","Reinforced Body+1","Defragment+1","Echo Form"],"special_seed":0,"relics":["Cracked Core","NeowsBlessing","Meat on the Bone","Bottled Flame","Gremlin Horn","Vajra","Whetstone","Pandora\u0027s Box","Omamori","Pantograph","Red Mask","Pen Nib","Sozu"],"potions_floor_usage":[39],"damage_taken":[{"damage":0.0,"enemies":"Cultist","floor":1.0,"turns":1.0},{"damage":0.0,"enemies":"Small Slimes","floor":5.0,"turns":1.0},{"damage":0.0,"enemies":"3 Sentries","floor":6.0,"turns":2.0},{"damage":2.0,"enemies":"Jaw Worm","floor":8.0,"turns":5.0},{"damage":20.0,"enemies":"Lagavulin","floor":12.0,"turns":8.0},{"damage":25.0,"enemies":"3 Sentries","floor":14.0,"turns":8.0},{"damage":0.0,"enemies":"Slime Boss","floor":16.0,"turns":15.0},{"damage":4.0,"enemies":"3 Byrds","floor":18.0,"turns":2.0},{"damage":8.0,"enemies":"Spheric Guardian","floor":20.0,"turns":6.0},{"damage":12.0,"enemies":"Centurion and Healer","floor":22.0,"turns":6.0},{"damage":22.0,"enemies":"Chosen and Byrds","floor":27.0,"turns":5.0},{"damage":22.0,"enemies":"Masked Bandits","floor":28.0,"turns":3.0},{"damage":39.0,"enemies":"Book of Stabbing","floor":29.0,"turns":6.0},{"damage":9.0,"enemies":"Snecko","floor":30.0,"turns":5.0},{"damage":0,"enemies":"Champ","floor":33,"turns":12},{"damage":20,"enemies":"Orb Walker","floor":35,"turns":4},{"damage":31,"enemies":"3 Darklings","floor":36,"turns":4},{"damage":8,"enemies":"4 Shapes","floor":37,"turns":4},{"damage":38,"enemies":"Transient","floor":39,"turns":4}],"seed_played":"2404245704558504204","potions_obtained":[{"floor":5.0,"key":"SteroidPotion"},{"floor":12.0,"key":"PowerPotion"},{"floor":30.0,"key":"Poison Potion"}],"is_trial":false,"path_per_floor":["M","$","?","?","M","E","?","M","T","$","R","E","R","E","R","B",null,"M","?","M","?","M","R","$","R","T","M","?","E","M","?","R","B",null,"M","M","M","?","M"],"character_chosen":"DEFECT","items_purchased":["Self Repair","Defragment","Capacitor","Omamori"],"campfire_rested":0,"item_purchase_floors":[2,10,24,24],"current_hp_per_floor":[64,64,64,46,46,46,46,51,51,51,51,50,50,51,51,58,63,59,59,58,58,53,53,53,53,53,57,42,22,39,39,39,64,64,58,46,38,38,0],"gold":649,"neow_bonus":"THREE_ENEMY_KILL","is_prod":false,"is_daily":false,"chose_seed":false,"campfire_upgraded":6,"win_rate":0,"timestamp":1550934718,"path_taken":["M","$","?","?","?","E","?","M","T","?","R","E","R","E","R","BOSS","M","?","M","?","?","R","?","R","T","M","?","E","M","?","R","BOSS","M","M","M","?","M"],"build_version":"2019-01-23","purchased_purges":0,"victory":false,"max_hp_per_floor":[71,71,71,71,71,71,64,64,64,64,64,64,64,64,64,64,64,64,64,64,64,64,64,64,64,64,64,64,64,64,64,64,64,64,64,64,64,64,64],"card_choices":[{"not_picked":["Chill","Steam Power"],"picked":"Compile Driver","floor":1.0},{"not_picked":["Steam","Aggregate"],"picked":"Coolheaded","floor":5.0},{"not_picked":["Sweeping Beam","Consume"],"picked":"Glacier","floor":6.0},{"not_picked":["Go for the Eyes","Genetic Algorithm"],"picked":"Ball Lightning","floor":8.0},{"not_picked":["Steam","Chaos"],"picked":"Echo Form","floor":12.0},{"not_picked":["Leap","Beam Cell"],"picked":"Glacier","floor":14.0},{"not_picked":["Creative AI","Echo Form"],"picked":"Electrodynamics","floor":16.0},{"not_picked":["Stack","Lockon"],"picked":"Conserve Battery","floor":18.0},{"not_picked":["Force Field","Leap"],"picked":"Cold Snap","floor":20.0},{"not_picked":["Rebound","Leap","Barrage"],"picked":"SKIP","floor":22.0},{"not_picked":["White Noise","Streamline+1","Compile Driver"],"picked":"SKIP","floor":27.0},{"not_picked":["Hologram","Blizzard"],"picked":"Reinforced Body+1","floor":29.0},{"not_picked":["Cold Snap","Rainbow"],"picked":"Defragment","floor":30.0},{"not_picked":["Thunder Strike","Reboot"],"picked":"Echo Form","floor":33},{"not_picked":["Compile Driver","Steam","Redo+1"],"picked":"SKIP","floor":35},{"not_picked":["Gash","Conserve Battery","Storm"],"picked":"SKIP","floor":36},{"not_picked":["Storm","Barrage","Steam"],"picked":"SKIP","floor":37}],"player_experience":952185,"relics_obtained":[{"floor":6.0,"key":"Bottled Flame"},{"floor":9.0,"key":"Gremlin Horn"},{"floor":12.0,"key":"Vajra"},{"floor":14.0,"key":"Whetstone"},{"floor":26.0,"key":"Pantograph"},{"floor":28.0,"key":"Red Mask"},{"floor":29.0,"key":"Pen Nib"}],"event_choices":[{"damage_healed":0.0,"max_hp_gain":0.0,"max_hp_loss":0.0,"gold_gain":0.0,"event_name":"The Cleric","player_choice":"Leave","floor":3.0,"gold_loss":0.0,"damage_taken":0.0},{"damage_healed":0.0,"max_hp_gain":0.0,"max_hp_loss":0.0,"gold_gain":0.0,"event_name":"Scrap Ooze","player_choice":"Success","floor":4.0,"gold_loss":0.0,"damage_taken":18.0,"relics_obtained":["Meat on the Bone"]},{"damage_healed":0.0,"max_hp_gain":0.0,"max_hp_loss":7.0,"gold_gain":0.0,"event_name":"Golden Idol","player_choice":"Lose Max HP","floor":7.0,"gold_loss":0.0,"damage_taken":0.0,"relics_obtained":["Golden Idol"]},{"damage_healed":0.0,"max_hp_gain":0.0,"max_hp_loss":0.0,"gold_gain":0.0,"event_name":"The Library","player_choice":"Read","floor":19.0,"gold_loss":0.0,"damage_taken":0.0,"cards_obtained":["Coolheaded"]},{"cards_removed":["Genetic Algorithm"],"damage_healed":0.0,"max_hp_gain":0.0,"max_hp_loss":0.0,"gold_gain":0.0,"event_name":"Purifier","player_choice":"Purged","floor":21.0,"gold_loss":0.0,"damage_taken":0.0},{"damage_healed":0.0,"max_hp_gain":0.0,"max_hp_loss":0.0,"gold_gain":0.0,"event_name":"Masked Bandits","player_choice":"Fought Bandits","floor":28.0,"gold_loss":0.0,"damage_taken":0.0},{"damage_healed":0.0,"max_hp_gain":0.0,"max_hp_loss":0.0,"gold_gain":0.0,"event_name":"Ghosts","player_choice":"Ignored","floor":31.0,"gold_loss":0.0,"damage_taken":0.0},{"damage_healed":0,"gold_gain":333,"player_choice":"Gave Idol","damage_taken":0,"max_hp_gain":0,"max_hp_loss":0,"event_name":"The Moai Head","floor":38,"relics_lost":["Golden Idol"],"gold_loss":0}],"is_beta":false,"boss_relics":[{"not_picked":["FrozenCore","Black Star"],"picked":"Pandora\u0027s Box"},{"not_picked":["Snecko Eye","Fusion Hammer"],"picked":"Sozu"}],"items_purged_floors":[],"is_endless":false,"potions_floor_spawned":[5,12,14,20,28,30,35,36],"killed_by":"Transient","ascension_level":20}