{"gold_per_floor":[362,373,373,22,35,35,0,16,43,13,13],"floor_reached":11,"playtime":301,"items_purged":["Strike_B"],"score":130,"play_id":"be154ad6-926f-4307-b270-de278e51de4c","local_time":"20190707114219","is_ascension_mode":true,"campfire_choices":[{"data":"Zap","floor":6,"key":"SMITH"}],"neow_cost":"PERCENT_DAMAGE","seed_source_timestamp":10252577653351,"circlet_count":0,"master_deck":["AscendersBane","Strike_B","Strike_B","Strike_B+1","Defend_B","Defend_B","Defend_B","Defend_B","Zap+1","Dualcast","Conserve Battery+1","Capacitor","White Noise","Coolheaded","Cold Snap","Capacitor","Turbo"],"relics":["Cracked Core","Oddly Smooth Stone"],"potions_floor_usage":[],"damage_taken":[{"damage":3,"enemies":"Small Slimes","floor":1,"turns":3},{"damage":9,"enemies":"Jaw Worm","floor":2,"turns":4},{"damage":0,"enemies":"Cultist","floor":5,"turns":4},{"damage":4,"enemies":"2 Fungi Beasts","floor":8,"turns":5},{"damage":4,"enemies":"Exordium Thugs","floor":10,"turns":5}],"seed_played":"945417715296871344","potions_obtained":[{"floor":1,"key":"Dexterity Potion"},{"floor":8,"key":"FocusPotion"}],"is_trial":false,"path_per_floor":["M","M","?","$","M","R","?","M","T","M","?"],"character_chosen":"DEFECT","items_purchased":["Capacitor","White Noise","Coolheaded","Cold Snap"],"campfire_rested":0,"item_purchase_floors":[4,4,4,4],"current_hp_per_floor":[43,34,13,13,13,13,30,26,26,22,0],"gold":13,"neow_bonus":"TWO_FIFTY_GOLD","is_prod":false,"is_daily":false,"chose_seed":false,"campfire_upgraded":1,"win_rate":0,"timestamp":1562470939,"path_taken":["M","M","?","$","M","R","?","?","T","M","?"],"build_version":"2019-07-05","purchased_purges":1,"victory":false,"max_hp_per_floor":[71,71,71,71,71,71,71,71,71,71,71],"card_choices":[{"not_picked":["Fusion","Steam","Gash"],"picked":"SKIP","floor":1},{"not_picked":["Go for the Eyes","Rebound"],"picked":"Conserve Battery","floor":2},{"not_picked":["Sweeping Beam","Barrage"],"picked":"Capacitor","floor":5},{"not_picked":["Static Discharge","Steam"],"picked":"Turbo","floor":8},{"not_picked":["Force Field","Go for the Eyes","Capacitor"],"picked":"SKIP","floor":10}],"player_experience":5707060,"relics_obtained":[{"floor":9,"key":"Oddly Smooth Stone"}],"event_choices":[{"damage_healed":0,"gold_gain":0,"player_choice":"Entered Light","damage_taken":21,"max_hp_gain":0,"max_hp_loss":0,"event_name":"Shining Light","floor":3,"gold_loss":0,"cards_upgraded":["Conserve Battery","Strike_B"]},{"damage_healed":17,"gold_gain":0,"player_choice":"Healed","damage_taken":0,"max_hp_gain":0,"max_hp_loss":0,"event_name":"The Cleric","floor":7,"gold_loss":35}],"is_beta":false,"boss_relics":[],"items_purged_floors":[4],"is_endless":false,"potions_floor_spawned":[1,8],"ascension_level":20}