{"gold_per_floor":[112,112,187,197,47,76,94,94,94,113,130,149,299,40,40,114,114,133,148,148,161,161,161,171,171],"floor_reached":25,"playtime":652,"items_purged":["Strike_B","Doubt"],"score":403,"play_id":"f911895a-7b63-4a87-8aa4-a862d5db2ff8","local_time":"20190306170209","is_ascension_mode":true,"campfire_choices":[{"data":"Zap","floor":8,"key":"SMITH"},{"data":"Consume","floor":15,"key":"SMITH"},{"data":"Turbo","floor":23,"key":"SMITH"}],"neow_cost":"NONE","seed_source_timestamp":339012013759167,"circlet_count":0,"master_deck":["AscendersBane","Defend_B","Defend_B","Defend_B","Zap+1","Dualcast","Glacier","Ball Lightning","Recycle","Turbo+1","Cold Snap","Creative AI","Heatsinks","Consume+1","Capacitor","Echo Form","Streamline+1","Core Surge+1","Coolheaded","Loop","Decay"],"relics":["Cracked Core","NeowsBlessing","Calipers","Matryoshka","Astrolabe","Art of War"],"potions_floor_usage":[11,16,16],"damage_taken":[{"damage":0,"enemies":"Small Slimes","floor":1,"turns":1},{"damage":0,"enemies":"2 Louse","floor":4,"turns":1},{"damage":0,"enemies":"3 Sentries","floor":6,"turns":2},{"damage":1,"enemies":"Jaw Worm","floor":7,"turns":4},{"damage":0,"enemies":"Looter","floor":10,"turns":3},{"damage":7,"enemies":"Exordium Wildlife","floor":11,"turns":7},{"damage":15,"enemies":"3 Louse","floor":12,"turns":3},{"damage":29,"enemies":"Slime Boss","floor":16,"turns":5},{"damage":0,"enemies":"Spheric Guardian","floor":18,"turns":5},{"damage":12,"enemies":"Chosen","floor":19,"turns":4},{"damage":17,"enemies":"Centurion and Healer","floor":21,"turns":10},{"damage":24,"enemies":"Snecko","floor":24,"turns":5},{"damage":0,"enemies":"3 Cultists","floor":25,"turns":2}],"seed_played":"-555645132516533202","potions_obtained":[{"floor":7,"key":"Swift Potion"},{"floor":10,"key":"Fire Potion"},{"floor":11,"key":"EssenceOfSteel"},{"floor":18,"key":"Dexterity Potion"},{"floor":24,"key":"LiquidBronze"}],"is_trial":false,"path_per_floor":["M","?","?","M","$","E","M","R","T","M","M","M","?","$","R","B",null,"M","M","?","M","?","R","M","M"],"character_chosen":"DEFECT","items_purchased":["Recycle","Consume","Capacitor"],"campfire_rested":0,"item_purchase_floors":[5,14,14],"current_hp_per_floor":[64,64,53,53,53,53,52,52,52,52,45,30,30,30,30,1,54,54,42,42,25,25,25,1,1],"gold":171,"neow_bonus":"THREE_ENEMY_KILL","is_prod":false,"is_daily":false,"chose_seed":false,"campfire_upgraded":3,"win_rate":0,"timestamp":1551862929,"path_taken":["M","?","?","M","$","E","M","R","T","M","?","M","?","$","R","BOSS","M","M","?","M","?","R","?","M"],"build_version":"2019-01-23","purchased_purges":2,"victory":false,"max_hp_per_floor":[71,71,71,71,71,71,71,71,71,71,71,71,71,71,71,71,71,71,71,71,71,71,71,71,71],"card_choices":[{"not_picked":["Gash","Static Discharge"],"picked":"Glacier","floor":1},{"not_picked":["Sweeping Beam","Barrage","Redo"],"picked":"SKIP","floor":4},{"not_picked":["Streamline","Lockon"],"picked":"Turbo","floor":6},{"not_picked":["Chill","Redo"],"picked":"Cold Snap","floor":7},{"not_picked":["Steam","Gash"],"picked":"Creative AI","floor":10},{"not_picked":["Melter","Barrage","Steam"],"picked":"SKIP","floor":11},{"not_picked":["Redo","Chaos"],"picked":"Heatsinks","floor":12},{"not_picked":["Creative AI","Core Surge"],"picked":"Echo Form","floor":16},{"not_picked":["Compile Driver","Barrage"],"picked":"Coolheaded","floor":18},{"not_picked":["Conserve Battery","Go for the Eyes"],"picked":"Loop","floor":19},{"not_picked":["Redo","Static Discharge+1","Capacitor"],"picked":"SKIP","floor":21},{"not_picked":["Cold Snap","Go for the Eyes","Redo"],"picked":"SKIP","floor":24}],"player_experience":1138156,"relics_obtained":[{"floor":6,"key":"Calipers"},{"floor":9,"key":"Matryoshka"}],"event_choices":[{"damage_healed":0,"gold_gain":0,"cards_transformed":["Strike_B"],"player_choice":"Change","damage_taken":0,"max_hp_gain":0,"max_hp_loss":0,"event_name":"Living Wall","floor":2,"gold_loss":0,"cards_obtained":["Ball Lightning"]},{"damage_healed":0,"gold_gain":75,"player_choice":"Gather Gold","damage_taken":11,"max_hp_gain":0,"max_hp_loss":0,"event_name":"World of Goop","floor":3,"gold_loss":0},{"damage_healed":0,"gold_gain":150,"player_choice":"AGREE","damage_taken":0,"max_hp_gain":0,"max_hp_loss":0,"event_name":"Liars Game","floor":13,"gold_loss":0,"cards_obtained":["Doubt"]},{"damage_healed":0,"gold_gain":0,"player_choice":"Smashed Altar","damage_taken":0,"max_hp_gain":0,"max_hp_loss":0,"event_name":"Forgotten Altar","floor":20,"gold_loss":0,"cards_obtained":["Decay"]},{"cards_removed":["Darkness"],"damage_healed":0,"gold_gain":0,"player_choice":"Gave Card","damage_taken":0,"relics_obtained":["Art of War"],"max_hp_gain":0,"max_hp_loss":0,"event_name":"WeMeetAgain","floor":22,"gold_loss":0}],"is_beta":false,"boss_relics":[{"not_picked":["Busted Crown","Eternal Feather"],"picked":"Astrolabe"}],"items_purged_floors":[5,14],"is_endless":false,"potions_floor_spawned":[7,10,11,18,24],"killed_by":"3 Cultists","ascension_level":15}