{"gold_per_floor":[109,66,76,2,2,30,46,46,71,71,88,116,127,161,161,233,233,153,153,169,444,444,444,444,444,444,473,473,361,361,371,371,445,445,456,56,0,19,64,64,95,95,121,121,154,154,54,89,89,89,89,89,89,5,35,35],"floor_reached":57,"playtime":3005,"items_purged":["Strike_G","Strike_G"],"score":3446,"play_id":"c6b8a7b4-9d4f-4db8-9cf7-af0a4a8453da","local_time":"20190103141617","is_ascension_mode":true,"campfire_choices":[{"data":"Catalyst","floor":8.0,"key":"SMITH"},{"data":"Noxious Fumes","floor":10.0,"key":"SMITH"},{"floor":15.0,"key":"REST"},{"data":"Noxious Fumes","floor":23.0,"key":"SMITH"},{"data":"Noxious Fumes","floor":25.0,"key":"SMITH"},{"data":"Footwork","floor":30.0,"key":"SMITH"},{"data":"Footwork","floor":32.0,"key":"SMITH"},{"data":"Ghostly","floor":40.0,"key":"SMITH"},{"data":"Ghostly","floor":42.0,"key":"SMITH"},{"floor":44.0,"key":"RECALL"},{"data":"Corpse Explosion","floor":49.0,"key":"SMITH"},{"data":"Neutralize","floor":53.0,"key":"SMITH"}],"neow_cost":"NONE","seed_source_timestamp":5345579656410,"circlet_count":0,"master_deck":["AscendersBane","Defend_G","Defend_G","Defend_G","Defend_G","Defend_G","Survivor","Neutralize+1","Noxious Fumes+1","Footwork+1","Noxious Fumes+1","Noxious Fumes+1","Catalyst+1","Blur","Corpse Explosion+1","Footwork+1","Flechettes+1","Backflip","Ghostly+1","Ghostly+1","Ghostly+1","Footwork+1","Adrenaline","Footwork+1","Adrenaline","Backflip+1","Well Laid Plans+1"],"special_seed":0,"relics":["Ring of the Snake","NeowsBlessing","Omamori","Juzu Bracelet","Art of War","The Specimen","Astrolabe","Lantern","Frozen Egg 2","Orichalcum","Runic Dome","Gambling Chip","Red Mask","Bag of Marbles","Bag of Preparation","War Paint","Unceasing Top","Ancient Tea Set","Tingsha"],"potions_floor_usage":[],"damage_taken":[{"damage":0.0,"enemies":"Small Slimes","floor":1.0,"turns":1.0},{"damage":0.0,"enemies":"Jaw Worm","floor":3.0,"turns":1.0},{"damage":0.0,"enemies":"Gremlin Nob","floor":6.0,"turns":1.0},{"damage":0.0,"enemies":"Cultist","floor":7.0,"turns":4.0},{"damage":6.0,"enemies":"Large Slime","floor":11.0,"turns":4.0},{"damage":23.0,"enemies":"3 Sentries","floor":12.0,"turns":7.0},{"damage":20.0,"enemies":"Exordium Wildlife","floor":13.0,"turns":5.0},{"damage":8.0,"enemies":"Lagavulin","floor":14.0,"turns":6.0},{"damage":17.0,"enemies":"Slime Boss","floor":16.0,"turns":8.0},{"damage":13.0,"enemies":"2 Thieves","floor":18.0,"turns":4.0},{"damage":2.0,"enemies":"Chosen","floor":20.0,"turns":7.0},{"damage":11.0,"enemies":"Gremlin Leader","floor":27.0,"turns":6.0},{"damage":1.0,"enemies":"Snake Plant","floor":31.0,"turns":6.0},{"damage":0.0,"enemies":"Collector","floor":33.0,"turns":7.0},{"damage":14.0,"enemies":"3 Darklings","floor":35.0,"turns":4.0},{"damage":0.0,"enemies":"3 Shapes","floor":38.0,"turns":3.0},{"damage":0.0,"enemies":"Nemesis","floor":41.0,"turns":7.0},{"damage":0.0,"enemies":"Reptomancer","floor":45.0,"turns":5.0},{"damage":0.0,"enemies":"Nemesis","floor":48.0,"turns":9.0},{"damage":0.0,"enemies":"Awakened One","floor":50.0,"turns":17.0},{"damage":0.0,"enemies":"Time Eater","floor":51.0,"turns":10.0},{"damage":0.0,"enemies":"Shield and Spear","floor":55.0,"turns":5.0},{"damage":0,"enemies":"The Heart","floor":56,"turns":12}],"seed_played":"-107153296409902112","potions_obtained":[{"floor":3.0,"key":"Swift Potion"},{"floor":13.0,"key":"EssenceOfSteel"},{"floor":16.0,"key":"Energy Potion"},{"floor":31.0,"key":"SkillPotion"},{"floor":33.0,"key":"Regen Potion"},{"floor":45.0,"key":"AttackPotion"}],"is_trial":false,"path_per_floor":["M","$","M","$","?","E","M","R","T","R","M","E","M","E","R","B",null,"M","?","M","?","?","R","?","R","T","E","T","$","R","M","R","B",null,"M","$","?","M","T","R","E","R","T","R","E","?","$","E","R","B","B",null,"R","$","E","B",null],"character_chosen":"THE_SILENT","items_purchased":["Footwork","Noxious Fumes","Footwork+1","Well Laid Plans+1","Gambling Chip","GhostInAJar"],"campfire_rested":1,"item_purchase_floors":[2,4,29,36,36,54],"current_hp_per_floor":[59,59,59,59,64,64,64,64,64,64,58,35,15,7,28,11,56,43,35,33,33,33,33,33,33,33,22,22,22,22,21,21,21,32,28,28,28,28,28,28,28,28,28,28,28,28,28,28,28,28,28,33,33,33,33,33],"gold":35,"neow_bonus":"THREE_ENEMY_KILL","is_prod":false,"is_daily":false,"chose_seed":false,"campfire_upgraded":10,"win_rate":0,"timestamp":1546496177,"path_taken":["M","$","M","$","?","E","M","R","T","R","M","E","M","E","R","BOSS","M","?","M","?","?","R","?","R","T","E","?","?","R","M","R","BOSS","M","$","?","M","?","R","E","R","T","R","E","?","$","E","R","BOSS","BOSS","R","$","E","BOSS"],"build_version":"2018-12-20","purchased_purges":2,"victory":true,"max_hp_per_floor":[66,66,66,66,71,71,71,71,71,71,71,71,71,71,71,71,71,71,35,35,35,35,35,35,35,35,35,35,35,35,35,35,35,35,35,35,35,35,35,35,35,35,35,35,35,35,35,35,35,35,35,35,35,35,35,35],"card_choices":[{"not_picked":["Blade Dance","Dagger Spray"],"picked":"Noxious Fumes","floor":1.0},{"not_picked":["Tactician","Expertise"],"picked":"Noxious Fumes","floor":3.0},{"not_picked":["Predator","Dagger Throw","Dodge and Roll"],"picked":"SKIP","floor":6.0},{"not_picked":["Poisoned Stab","PiercingWail"],"picked":"Catalyst","floor":7.0},{"not_picked":["Prepared","Cloak And Dagger","Slice"],"picked":"SKIP","floor":11.0},{"not_picked":["Blade Dance","Deadly Poison"],"picked":"Blur","floor":12.0},{"not_picked":["Blade Dance","Cloak And Dagger","Underhanded Strike"],"picked":"SKIP","floor":13.0},{"not_picked":["Flying Knee","Setup","Dagger Throw"],"picked":"SKIP","floor":14.0},{"not_picked":["A Thousand Cuts","Grand Finale"],"picked":"Corpse Explosion","floor":16.0},{"not_picked":["Dagger Throw","Dodge and Roll"],"picked":"Backflip","floor":18.0},{"not_picked":["Deadly Poison","Cloak And Dagger","Predator"],"picked":"SKIP","floor":20.0},{"not_picked":["Terror","Distraction"],"picked":"Adrenaline","floor":27.0},{"not_picked":["Sucker Punch+1","Slice","Blade Dance"],"picked":"SKIP","floor":31.0},{"not_picked":["Die Die Die","Bullet Time"],"picked":"Adrenaline","floor":33.0},{"not_picked":["Acrobatics","Underhanded Strike+1"],"picked":"Backflip","floor":35.0},{"not_picked":["Poisoned Stab","Predator","Finisher+1"],"picked":"SKIP","floor":38.0},{"not_picked":["Dagger Spray+1","Heel Hook","Predator+1"],"picked":"SKIP","floor":41.0},{"not_picked":["Dodge and Roll","Deadly Poison","Phantasmal Killer"],"picked":"SKIP","floor":45.0},{"not_picked":["Dagger Throw","Quick Slash","Endless Agony+1"],"picked":"SKIP","floor":48.0},{"not_picked":["Setup","PiercingWail","Riddle With Holes"],"picked":"SKIP","floor":55.0}],"player_experience":1687405,"relics_obtained":[{"floor":6.0,"key":"Omamori"},{"floor":9.0,"key":"Juzu Bracelet"},{"floor":12.0,"key":"Art of War"},{"floor":14.0,"key":"The Specimen"},{"floor":26.0,"key":"Frozen Egg 2"},{"floor":27.0,"key":"Orichalcum"},{"floor":39.0,"key":"Bag of Marbles"},{"floor":41.0,"key":"Bag of Preparation"},{"floor":43.0,"key":"War Paint"},{"floor":45.0,"key":"Unceasing Top"},{"floor":48.0,"key":"Ancient Tea Set"},{"floor":55.0,"key":"Tingsha"}],"event_choices":[{"damage_healed":0.0,"max_hp_gain":5.0,"max_hp_loss":0.0,"gold_gain":0.0,"event_name":"Big Fish","player_choice":"Donut","floor":5.0,"gold_loss":0.0,"damage_taken":0.0},{"damage_healed":0.0,"max_hp_gain":0.0,"max_hp_loss":36.0,"gold_gain":0.0,"event_name":"Ghosts","player_choice":"Became a Ghost","floor":19.0,"gold_loss":0.0,"damage_taken":0.0,"cards_obtained":["Ghostly","Ghostly","Ghostly"]},{"damage_healed":0.0,"max_hp_gain":0.0,"max_hp_loss":0.0,"gold_gain":275.0,"event_name":"Golden Shrine","player_choice":"Desecrate","floor":21.0,"gold_loss":0.0,"damage_taken":0.0,"cards_obtained":["Regret"]},{"damage_healed":0.0,"max_hp_gain":0.0,"max_hp_loss":0.0,"gold_gain":0.0,"event_name":"The Library","player_choice":"Read","floor":22.0,"gold_loss":0.0,"damage_taken":0.0,"cards_obtained":["Footwork"]},{"damage_healed":0.0,"max_hp_gain":0.0,"max_hp_loss":0.0,"gold_gain":0.0,"event_name":"The Mausoleum","player_choice":"Opened","floor":24.0,"gold_loss":0.0,"damage_taken":0.0,"relics_obtained":["Lantern"],"cards_obtained":["Writhe"]},{"damage_healed":0.0,"max_hp_gain":0.0,"max_hp_loss":0.0,"gold_gain":0.0,"event_name":"Tomb of Lord Red Mask","player_choice":"Paid","floor":37.0,"gold_loss":56.0,"damage_taken":0.0,"relics_obtained":["Red Mask"]},{"cards_removed":["Flying Knee"],"damage_healed":0.0,"max_hp_gain":0.0,"max_hp_loss":0.0,"gold_gain":0.0,"event_name":"Falling","player_choice":"Removed Attack","floor":46.0,"gold_loss":0.0,"damage_taken":0.0}],"is_beta":false,"boss_relics":[{"not_picked":["Empty Cage","Tiny House"],"picked":"Astrolabe"},{"not_picked":["WristBlade","Sozu"],"picked":"Runic Dome"}],"items_purged_floors":[29,47],"is_endless":false,"potions_floor_spawned":[3,13,16,20,31,33,45],"ascension_level":20}