{"path_per_floor":["M","?","?","$","T","?","R","M","T","M","?","R","E","M","R","B",null,"M","?","M","M","$","R","M","M","T","R","M","R","$","M","R","B",null,"M","$","?","$","M","?","M","?","T","?","R","E","R","E","R"],"character_chosen":"THE_SILENT","items_purchased":["Regal Pillow","Terror"],"gold_per_floor":[110,110,110,35,35,35,35,45,45,64,93,93,126,136,136,241,241,261,261,275,289,89,89,104,120,120,120,136,136,11,27,27,131,131,146,96,96,96,109,109,125,125,148,148,148,213,213,240,240,240],"floor_reached":50,"campfire_rested":4,"playtime":1707,"current_hp_per_floor":[60,60,60,60,60,42,42,42,56,50,50,50,45,45,45,32,71,64,48,42,4,4,45,23,12,12,53,40,40,40,3,44,37,76,76,76,65,65,65,65,65,65,65,65,65,55,55,51,89,0],"items_purged":["Defend_G","Strike_G","Defend_G","Noxious Fumes"],"gold":240,"score":697,"play_id":"c8341b0b-f90b-4e02-9880-46c3848df338","local_time":"20180410182424","is_prod":false,"is_daily":false,"is_ascension_mode":true,"campfire_upgraded":3,"timestamp":1523355864,"path_taken":["M","?","?","$","?","?","R","M","T","M","?","R","E","M","R","BOSS","M","?","M","M","$","R","M","M","T","R","?","R","$","M","R","BOSS","M","$","?","$","M","?","?","?","T","?","R","E","R","E","R","BOSS"],"build_version":"2018-04-05v2","purchased_purges":5,"victory":false,"master_deck":["Survivor","Neutralize+1","Grand Finale","Dagger Throw","Quick Slash","Slice","Acrobatics","Adrenaline","Slice","Prepared+1","Calculated Gamble","Terror","Adrenaline","Deflect+1","Madness","Madness+1","Slice+1","Deflect+1"],"max_hp_per_floor":[70,70,70,70,70,70,70,70,84,84,84,84,84,84,84,84,84,84,89,89,89,89,89,89,89,89,89,89,89,89,89,89,89,89,89,89,89,89,89,89,89,89,89,89,89,89,89,89,89,89],"relics":["Ring of the Snake","Girya","Smiling Mask","Mango","Odd Mushroom","Prayer Wheel","White Beast Statue","Regal Pillow","Calipers","Pandora\u0027s Box","Juzu Bracelet","Tiny Chest","Shuriken"],"card_choices":[{"not_picked":["Prepared","Flying Knee"],"picked":"Dagger Throw","floor":1},{"not_picked":["Dagger Spray","Caltrops"],"picked":"Quick Slash","floor":8},{"not_picked":["Sucker Punch","Blur"],"picked":"Backflip","floor":10},{"not_picked":["Cloak And Dagger","Flechettes"],"picked":"Slice","floor":11},{"not_picked":["Dagger Throw","Deadly Poison"],"picked":"Acrobatics","floor":13},{"not_picked":["Bullet Time","Doppelganger"],"picked":"Adrenaline","floor":16},{"not_picked":["Acrobatics","Dagger Throw"],"picked":"Slice","floor":20},{"not_picked":["Backflip","Tactician"],"picked":"Prepared","floor":21},{"not_picked":["Underhanded Strike","Quick Slash"],"picked":"Calculated Gamble","floor":28},{"not_picked":["Wraith Form","Doppelganger"],"picked":"Adrenaline","floor":33},{"not_picked":["Sucker Punch","Underhanded Strike"],"picked":"Deflect","floor":35},{"not_picked":["Dagger Throw","Malaise"],"picked":"Slice","floor":39},{"not_picked":["Noxious Fumes","Corpse Explosion"],"picked":"Deflect","floor":46}],"player_experience":394421,"potions_floor_usage":[16,21,24,25,25,31,31,50,50],"damage_taken":[{"damage":3,"enemies":"Cultist","floor":1,"turns":6},{"damage":0,"enemies":"Small Slimes","floor":8,"turns":2},{"damage":6,"enemies":"2 Louse","floor":10,"turns":3},{"damage":0,"enemies":"The Mushroom Lair","floor":11,"turns":2},{"damage":5,"enemies":"3 Sentries","floor":13,"turns":7},{"damage":0,"enemies":"2 Fungi Beasts","floor":14,"turns":2},{"damage":13,"enemies":"Hexaghost","floor":16,"turns":7},{"damage":7,"enemies":"3 Byrds","floor":18,"turns":5},{"damage":6,"enemies":"Shell Parasite","floor":20,"turns":4},{"damage":38,"enemies":"Snecko","floor":21,"turns":7},{"damage":22,"enemies":"Slaver and Parasite","floor":24,"turns":5},{"damage":11,"enemies":"Snake Plant","floor":25,"turns":5},{"damage":13,"enemies":"Centurion and Healer","floor":28,"turns":4},{"damage":37,"enemies":"Slaver and Parasite","floor":31,"turns":6},{"damage":7,"enemies":"Champ","floor":33,"turns":5},{"damage":0,"enemies":"3 Shapes","floor":35,"turns":1},{"damage":0,"enemies":"3 Darklings","floor":39,"turns":1},{"damage":0,"enemies":"4 Shapes","floor":41,"turns":1},{"damage":10,"enemies":"Nemesis","floor":46,"turns":3},{"damage":4,"enemies":"2 Orb Walkers","floor":48,"turns":3},{"damage":90,"enemies":"Awakened One","floor":50,"turns":9}],"event_choices":[{"event_name":"Bonfire Elementals","player_choice":"BASIC","floor":2,"damage_taken":0},{"event_name":"Living Wall","player_choice":"Change","floor":3,"damage_taken":0},{"event_name":"Scrap Ooze","player_choice":"success","floor":6,"damage_taken":18},{"event_name":"Mushrooms","player_choice":"Fought Mushrooms","floor":11,"damage_taken":0},{"event_name":"Forgotten Altar","player_choice":"Shed Blood","floor":19,"damage_taken":0},{"event_name":"Winding Halls","player_choice":"Embrace Madness","floor":37,"damage_taken":0},{"event_name":"Tomb of Lord Red Mask","player_choice":"Ignored","floor":40,"damage_taken":0},{"event_name":"Match and Keep!","player_choice":"0 cards matched","floor":44,"damage_taken":0}],"boss_relics":[{"not_picked":["Snecko Eye","Calling Bell"],"picked":"White Beast Statue"},{"not_picked":["Eternal Feather","Tiny House"],"picked":"Pandora\u0027s Box"}],"potions_floor_spawned":[11,14,16,18,20,21,24,25,28,31,33,35,39,41,46,48],"seed_played":"506288869400035700","killed_by":"Awakened One","ascension_level":7,"is_trial":false}