{"gold_per_floor":[17,29,49,61,80,80,97,97,124,169,195,207,219,231,243,352,364,395,422,434,13,0,0,35,46,72,86,100,100,7,17,17,122,122,134,152,152,162,162,162,174,5,86,111,111,61,61,77,77,77],"floor_reached":51,"playtime":2781,"items_purged":["Strike_B","Zap"],"score":801,"play_id":"7cad1563-ad5a-4f92-9db8-30e609ba6f18","local_time":"20190614165027","is_ascension_mode":false,"campfire_choices":[{"data":"Darkness","floor":6.0,"key":"SMITH"},{"data":"Dualcast","floor":8.0,"key":"SMITH"},{"data":"Coolheaded","floor":12.0,"key":"SMITH"},{"data":"Capacitor","floor":15.0,"key":"SMITH"},{"data":"Strike_B","floor":23.0,"key":"PURGE"},{"data":"Skim","floor":29.0,"key":"SMITH"},{"data":"Biased Cognition","floor":32.0,"key":"SMITH"},{"data":"Impatience","floor":40.0,"key":"SMITH"},{"data":"Defend_B","floor":45.0,"key":"PURGE"},{"data":"Ball Lightning","floor":49.0,"key":"PURGE"}],"neow_cost":"NO_GOLD","seed_source_timestamp":20257597887637,"circlet_count":0,"master_deck":["Dualcast+1","Turbo","Capacitor+1","Coolheaded+1","Darkness+1","Compile Driver","Biased Cognition+1","Coolheaded","Redo+1","Skim+1","Turbo+1","Rainbow","Loop","Panacea","Coolheaded+1","Amplify","Self Repair+1","All For One+1","Multi-Cast+1","Heatsinks","Storm+1","Self Repair+1","Impatience+1","Recycle","Apotheosis","Undo+1","Fission"],"special_seed":0,"relics":["Cracked Core","MawBank","Kunai","Coffee Dripper","Peace Pipe","Smiling Mask","Pen Nib","Astrolabe","Gremlin Horn","Lantern"],"potions_floor_usage":[50,50],"damage_taken":[{"damage":1.0,"enemies":"Cultist","floor":1.0,"turns":3.0},{"damage":1.0,"enemies":"2 Louse","floor":2.0,"turns":3.0},{"damage":3.0,"enemies":"Small Slimes","floor":3.0,"turns":3.0},{"damage":20.0,"enemies":"Exordium Wildlife","floor":4.0,"turns":6.0},{"damage":0.0,"enemies":"Blue Slaver","floor":5.0,"turns":4.0},{"damage":8.0,"enemies":"Looter","floor":7.0,"turns":4.0},{"damage":28.0,"enemies":"Gremlin Nob","floor":10.0,"turns":4.0},{"damage":6.0,"enemies":"2 Fungi Beasts","floor":11.0,"turns":3.0},{"damage":3.0,"enemies":"Hexaghost","floor":16.0,"turns":9.0},{"damage":5.0,"enemies":"Chosen","floor":18.0,"turns":3.0},{"damage":0.0,"enemies":"2 Thieves","floor":19.0,"turns":3.0},{"damage":9.0,"enemies":"Gremlin Leader","floor":24.0,"turns":5.0},{"damage":10.0,"enemies":"Snake Plant","floor":25.0,"turns":3.0},{"damage":3.0,"enemies":"Sentry and Sphere","floor":27.0,"turns":4.0},{"damage":1.0,"enemies":"Centurion and Healer","floor":28.0,"turns":4.0},{"damage":5.0,"enemies":"Cultist and Chosen","floor":31.0,"turns":4.0},{"damage":0.0,"enemies":"Automaton","floor":33.0,"turns":6.0},{"damage":14.0,"enemies":"3 Shapes","floor":35.0,"turns":4.0},{"damage":21.0,"enemies":"3 Darklings","floor":36.0,"turns":6.0},{"damage":12.0,"enemies":"Jaw Worm Horde","floor":38.0,"turns":3.0},{"damage":10.0,"enemies":"Sphere and 2 Shapes","floor":41.0,"turns":3.0},{"damage":14.0,"enemies":"Giant Head","floor":44.0,"turns":6.0},{"damage":0.0,"enemies":"Transient","floor":48.0,"turns":5.0},{"damage":0,"enemies":"Awakened One","floor":50,"turns":4}],"seed_played":"1810814085465391059","potions_obtained":[{"floor":5.0,"key":"Dexterity Potion"},{"floor":7.0,"key":"Regen Potion"},{"floor":10.0,"key":"Explosive Potion"},{"floor":11.0,"key":"Fire Potion"},{"floor":19.0,"key":"Ancient Potion"},{"floor":27.0,"key":"Dexterity Potion"},{"floor":33.0,"key":"Strength Potion"},{"floor":35.0,"key":"AttackPotion"},{"floor":38.0,"key":"GamblersBrew"},{"floor":48.0,"key":"Ancient Potion"}],"is_trial":false,"path_per_floor":["M","M","M","M","M","R","M","R","T","E","M","R","?","?","R","B",null,"M","M","?","$","?","R","E","M","T","M","M","R","$","M","R","B",null,"M","M","?","M","?","R","M","$","T","E","R","$","?","M","R","B",null],"character_chosen":"DEFECT","items_purchased":["Peace Pipe","Weak Potion","Panacea","Apotheosis"],"campfire_rested":0,"item_purchase_floors":[21,21,30,42],"current_hp_per_floor":[74,73,70,50,50,50,42,42,42,14,13,13,13,13,13,10,75,70,70,70,70,70,70,61,51,51,48,47,47,47,42,42,42,75,71,60,60,58,58,58,75,75,75,75,75,75,71,71,71,71],"gold":77,"neow_bonus":"REMOVE_TWO","is_prod":false,"is_daily":false,"chose_seed":false,"campfire_upgraded":7,"win_rate":0,"timestamp":1560502227,"path_taken":["M","M","?","M","M","R","M","R","T","E","M","R","?","?","R","BOSS","M","M","?","$","?","R","E","M","T","M","M","R","$","M","R","BOSS","M","M","?","M","?","R","M","?","T","E","R","$","?","M","R","BOSS"],"build_version":"2019-01-23","purchased_purges":2,"victory":true,"max_hp_per_floor":[75,75,75,75,75,75,75,75,75,75,75,75,75,75,75,75,75,75,75,75,75,75,75,75,75,75,75,75,75,75,75,75,75,75,75,75,75,75,75,75,75,75,75,75,75,75,71,71,71,71],"card_choices":[{"not_picked":["Sweeping Beam","Go for the Eyes"],"picked":"Turbo","floor":1.0},{"not_picked":["Seek","Beam Cell"],"picked":"Ball Lightning","floor":2.0},{"not_picked":["Force Field","Barrage"],"picked":"Capacitor","floor":3.0},{"not_picked":["Hologram","Force Field"],"picked":"Coolheaded","floor":4.0},{"not_picked":["Blizzard","White Noise"],"picked":"Darkness","floor":5.0},{"not_picked":["Rebound","Barrage"],"picked":"Compile Driver","floor":7.0},{"not_picked":["All For One","Streamline","Darkness"],"picked":"SKIP","floor":10.0},{"not_picked":["Gash","Leap","Cold Snap"],"picked":"SKIP","floor":11.0},{"not_picked":["Gash","Leap"],"picked":"Cold Snap","floor":11.0},{"not_picked":["Echo Form","All For One"],"picked":"Biased Cognition","floor":16.0},{"not_picked":["Auto Shields","Steam"],"picked":"Coolheaded","floor":18.0},{"not_picked":["Sweeping Beam+1","Steam"],"picked":"Redo+1","floor":19.0},{"not_picked":["Heatsinks","Hello World"],"picked":"Turbo+1","floor":24.0},{"not_picked":["Steam Power","Leap"],"picked":"Rainbow","floor":25.0},{"not_picked":["Stack+1","Coolheaded"],"picked":"Loop","floor":27.0},{"not_picked":["Leap","Streamline","Beam Cell"],"picked":"SKIP","floor":28.0},{"not_picked":["BootSequence+1","Leap"],"picked":"Coolheaded+1","floor":31.0},{"not_picked":["Reboot","Hyperbeam"],"picked":"Amplify","floor":33.0},{"not_picked":["Go for the Eyes+1","Darkness"],"picked":"Heatsinks","floor":35.0},{"not_picked":["Steam","Redo+1"],"picked":"Storm+1","floor":36.0},{"not_picked":["Ball Lightning+1","Cold Snap+1"],"picked":"Self Repair+1","floor":38.0},{"not_picked":["Trip","Discovery"],"picked":"Impatience","floor":39.0},{"not_picked":["Sunder+1","Gash"],"picked":"Recycle","floor":41.0},{"not_picked":["Redo+1","Lockon+1"],"picked":"Undo+1","floor":44.0},{"not_picked":["Turbo","Ball Lightning"],"picked":"Fission","floor":48.0}],"player_experience":5198287,"relics_obtained":[{"floor":9.0,"key":"MawBank"},{"floor":10.0,"key":"Kunai"},{"floor":24.0,"key":"Smiling Mask"},{"floor":26.0,"key":"Pen Nib"},{"floor":43.0,"key":"Gremlin Horn"},{"floor":44.0,"key":"Lantern"}],"event_choices":[{"damage_healed":0.0,"max_hp_gain":0.0,"max_hp_loss":0.0,"gold_gain":0.0,"event_name":"Dead Adventurer","player_choice":"Searched \u00270\u0027 times","floor":13.0,"gold_loss":0.0,"damage_taken":0.0},{"damage_healed":0.0,"max_hp_gain":0.0,"max_hp_loss":0.0,"gold_gain":0.0,"event_name":"Liars Game","player_choice":"Ignored","floor":14.0,"gold_loss":0.0,"damage_taken":0.0},{"damage_healed":0.0,"max_hp_gain":0.0,"max_hp_loss":0.0,"gold_gain":0.0,"event_name":"The Library","player_choice":"Read","floor":20.0,"gold_loss":0.0,"damage_taken":0.0,"cards_obtained":["Skim"]},{"damage_healed":0.0,"max_hp_gain":0.0,"max_hp_loss":0.0,"gold_gain":0.0,"event_name":"Masked Bandits","player_choice":"Paid Fearfully","floor":22.0,"gold_loss":13.0,"damage_taken":0.0},{"cards_removed":["Cold Snap"],"damage_healed":0.0,"max_hp_gain":0.0,"max_hp_loss":0.0,"gold_gain":0.0,"event_name":"Falling","player_choice":"Removed Attack","floor":37.0,"gold_loss":0.0,"damage_taken":0.0},{"damage_healed":0.0,"max_hp_gain":0.0,"max_hp_loss":0.0,"gold_gain":0.0,"event_name":"SensoryStone","player_choice":"Memory 1","floor":39.0,"gold_loss":0.0,"damage_taken":0.0},{"damage_healed":0.0,"max_hp_gain":0.0,"max_hp_loss":4.0,"gold_gain":0.0,"event_name":"Winding Halls","player_choice":"Max HP","floor":47.0,"gold_loss":0.0,"damage_taken":0.0}],"is_beta":false,"boss_relics":[{"not_picked":["Orrery","FrozenCore"],"picked":"Coffee Dripper"},{"not_picked":["Busted Crown","White Beast Statue"],"picked":"Astrolabe"}],"items_purged_floors":[21,46],"is_endless":false,"potions_floor_spawned":[5,7,10,11,19,27,33,35,36,38,48],"ascension_level":0}