{"gold_per_floor":[118,118,118,193,212,212,28,28,82,113,125,137,37,56,56,56],"floor_reached":16,"playtime":277,"items_purged":["Strike_B","Strike_B"],"score":200,"play_id":"37c65313-9424-44f7-984a-7f471d3de96f","local_time":"20190120101807","is_ascension_mode":true,"campfire_choices":[{"data":"Streamline","floor":6,"key":"SMITH"},{"data":"Hologram","floor":8,"key":"SMITH"},{"data":"Recycle","floor":15,"key":"SMITH"}],"neow_cost":"NONE","seed_source_timestamp":3625795028882,"circlet_count":0,"master_deck":["AscendersBane","Strike_B","Strike_B","Defend_B","Defend_B","Defend_B","Defend_B","Zap","Dualcast","Streamline+1","Recycle+1","Hologram+1","FTL"],"special_seed":0,"relics":["White Beast Statue","Ancient Tea Set","Pen Nib"],"potions_floor_usage":[5,10,16,16],"damage_taken":[{"damage":1.0,"enemies":"Cultist","floor":1.0,"turns":4.0},{"damage":7,"enemies":"Jaw Worm","floor":5,"turns":3},{"damage":6,"enemies":"Lagavulin","floor":10,"turns":5},{"damage":0,"enemies":"2 Louse","floor":11,"turns":2},{"damage":3,"enemies":"Blue Slaver","floor":12,"turns":3},{"damage":0,"enemies":"Looter","floor":14,"turns":1},{"damage":31,"enemies":"The Guardian","floor":16,"turns":4}],"seed_played":"-8090999127836530747","potions_obtained":[{"floor":1.0,"key":"SkillPotion"},{"floor":5,"key":"Dexterity Potion"},{"floor":10,"key":"SpeedPotion"},{"floor":11,"key":"FocusPotion"},{"floor":12,"key":"PowerPotion"}],"is_trial":false,"path_per_floor":["M","?","T","?","M","R","$","R","T","E","M","M","$","M","R","B"],"character_chosen":"DEFECT","items_purchased":["Recycle","Hologram"],"campfire_rested":0,"item_purchase_floors":[7,7],"current_hp_per_floor":[63,68,68,57,50,50,50,50,50,44,44,41,41,41,41,10],"gold":56,"neow_bonus":"BOSS_RELIC","is_prod":false,"is_daily":false,"chose_seed":false,"campfire_upgraded":3,"win_rate":0,"timestamp":1547950687,"path_taken":["M","?","?","?","M","R","?","R","T","E","?","M","$","M","R","BOSS"],"build_version":"2019-01-17v2","purchased_purges":2,"victory":false,"max_hp_per_floor":[71,76,76,76,76,76,76,76,76,76,76,76,76,76,76,76],"card_choices":[{"not_picked":["Barrage","Sweeping Beam"],"picked":"Streamline","floor":1.0},{"not_picked":["BootSequence","Go for the Eyes","Steam"],"picked":"SKIP","floor":5},{"not_picked":["Double Energy","Redo","Blizzard"],"picked":"SKIP","floor":10},{"not_picked":["BootSequence","Steam Power"],"picked":"FTL","floor":11},{"not_picked":["BootSequence","Conserve Battery","Aggregate"],"picked":"SKIP","floor":12},{"not_picked":["Conserve Battery","Stack","Leap"],"picked":"SKIP","floor":14}],"player_experience":2054236,"relics_obtained":[{"floor":9,"key":"Ancient Tea Set"},{"floor":10,"key":"Pen Nib"}],"event_choices":[{"damage_healed":0.0,"max_hp_gain":5.0,"max_hp_loss":0.0,"gold_gain":0.0,"event_name":"Big Fish","player_choice":"Donut","floor":2.0,"gold_loss":0.0,"damage_taken":0.0},{"damage_healed":0.0,"max_hp_gain":0.0,"max_hp_loss":0.0,"gold_gain":75.0,"event_name":"World of Goop","player_choice":"Gather Gold","floor":4.0,"gold_loss":0.0,"damage_taken":11.0}],"is_beta":false,"boss_relics":[],"items_purged_floors":[7,13],"is_endless":false,"potions_floor_spawned":[1,5,10,11,12,14],"killed_by":"The Guardian","ascension_level":20}