{"gold_per_floor":[116,116,132,152,1,1,1,51,123,138,138,38,38,114,114,191,191],"floor_reached":17,"playtime":408,"items_purged":["Strike_B","Strike_B"],"score":286,"play_id":"9a8f1a9d-f664-4f54-9b47-9e33cfb16333","local_time":"20190223232251","is_ascension_mode":true,"campfire_choices":[{"data":"Dualcast","floor":6.0,"key":"SMITH"},{"data":"Darkness","floor":11,"key":"SMITH"},{"data":"Capacitor","floor":15,"key":"SMITH"}],"neow_cost":"TEN_PERCENT_HP_LOSS","seed_source_timestamp":3932660818293,"circlet_count":0,"master_deck":["AscendersBane","Strike_B","Strike_B","Defend_B","Defend_B","Defend_B","Defend_B+1","Zap","Dualcast+1","Echo Form","Auto Shields","Seek","Double Energy","Ball Lightning+1","Capacitor+1","Darkness+1","Fission"],"special_seed":0,"relics":["Cracked Core","Pantograph"],"potions_floor_usage":[],"damage_taken":[{"damage":4.0,"enemies":"Jaw Worm","floor":1.0,"turns":3.0},{"damage":7.0,"enemies":"Cultist","floor":3.0,"turns":4.0},{"damage":0.0,"enemies":"2 Louse","floor":4.0,"turns":3.0},{"damage":0,"enemies":"Looter","floor":10,"turns":3},{"damage":32,"enemies":"The Guardian","floor":16,"turns":10}],"seed_played":"2511921556100374805","potions_obtained":[{"floor":1.0,"key":"AttackPotion"},{"floor":4.0,"key":"Regen Potion"}],"is_trial":false,"path_per_floor":["M","?","M","M","$","R","?","?","T","M","R","$","?","T","R","B",null],"character_chosen":"DEFECT","items_purchased":["Capacitor"],"campfire_rested":0,"item_purchase_floors":[5],"current_hp_per_floor":[60,60,53,53,53,53,34,28,28,28,28,28,28,28,28,21,21],"gold":191,"neow_bonus":"THREE_RARE_CARDS","is_prod":false,"is_daily":false,"chose_seed":false,"campfire_upgraded":3,"win_rate":0,"timestamp":1550935371,"path_taken":["M","?","M","?","$","R","?","?","T","?","R","?","?","?","R","BOSS"],"build_version":"2019-01-23","purchased_purges":2,"victory":false,"max_hp_per_floor":[64,64,64,64,64,64,64,64,64,64,64,64,64,64,64,64,64],"card_choices":[{"not_picked":["Seek","All For One"],"picked":"Echo Form","floor":0.0},{"not_picked":["Streamline","Doom and Gloom"],"picked":"Auto Shields","floor":1.0},{"not_picked":["Redo","Beam Cell","Compile Driver"],"picked":"SKIP","floor":3.0},{"not_picked":["Barrage","Beam Cell"],"picked":"Ball Lightning","floor":4.0},{"not_picked":["Go for the Eyes","Streamline"],"picked":"Darkness","floor":10},{"not_picked":["Meteor Strike","Thunder Strike"],"picked":"Fission","floor":16}],"player_experience":3083818,"relics_obtained":[{"floor":9,"key":"Pantograph"}],"event_choices":[{"damage_healed":0.0,"max_hp_gain":0.0,"max_hp_loss":0.0,"gold_gain":0.0,"event_name":"Match and Keep!","player_choice":"2 cards matched","floor":2.0,"gold_loss":0.0,"damage_taken":0.0,"cards_obtained":["Seek","Double Energy"]},{"damage_healed":0.0,"max_hp_gain":0.0,"max_hp_loss":0.0,"gold_gain":0.0,"event_name":"Shining Light","player_choice":"Entered Light","floor":7.0,"gold_loss":0.0,"damage_taken":19.0,"cards_upgraded":["Defend_B","Ball Lightning"]},{"damage_healed":0,"gold_gain":50,"player_choice":"Touch","damage_taken":6,"max_hp_gain":0,"max_hp_loss":0,"event_name":"FaceTrader","floor":8,"gold_loss":0},{"damage_healed":0,"gold_gain":0,"player_choice":"Ignored","damage_taken":0,"max_hp_gain":0,"max_hp_loss":0,"event_name":"Liars Game","floor":13,"gold_loss":0}],"is_beta":false,"boss_relics":[],"items_purged_floors":[5,12],"is_endless":false,"potions_floor_spawned":[1,4,10],"ascension_level":20}