{"gold_per_floor":[119,194,194,29,100,100,115,115,165,176,192,192,222,242,242,316,316,328,140,190,190,0,0,29,29,29,47,47,47,47],"floor_reached":30,"playtime":774,"items_purged":["Strike_R","Strike_R"],"score":488,"play_id":"d6a368d1-fe97-4b01-a7f4-e1ab3069574b","local_time":"20190807172559","is_ascension_mode":true,"campfire_choices":[{"data":"Rampage","floor":6.0,"key":"SMITH"},{"data":"Bash","floor":8.0,"key":"SMITH"},{"data":"Shrug It Off","floor":12.0,"key":"SMITH"},{"data":"Armaments","floor":15.0,"key":"SMITH"},{"data":"Berserk","floor":23.0,"key":"SMITH"}],"neow_cost":"TEN_PERCENT_HP_LOSS","seed_source_timestamp":104386183698230,"circlet_count":0,"master_deck":["AscendersBane","Strike_R","Defend_R","Defend_R","Defend_R","Defend_R","Bash+1","Rampage+1","True Grit","Shrug It Off+1","Burning Pact","Armaments+1","Berserk+1","Feel No Pain","Body Slam","Evolve"],"special_seed":0,"relics":["Burning Blood","Self Forming Clay","Oddly Smooth Stone","Kunai","Orrery","Smiling Mask","Shuriken"],"potions_floor_usage":[],"damage_taken":[{"damage":11.0,"enemies":"Small Slimes","floor":1.0,"turns":6.0},{"damage":14.0,"enemies":"Jaw Worm","floor":7.0,"turns":4.0},{"damage":6.0,"enemies":"Cultist","floor":10.0,"turns":3.0},{"damage":6.0,"enemies":"Exordium Wildlife","floor":11.0,"turns":5.0},{"damage":19.0,"enemies":"Lagavulin","floor":13.0,"turns":8.0},{"damage":6.0,"enemies":"3 Louse","floor":14.0,"turns":6.0},{"damage":18.0,"enemies":"The Guardian","floor":16.0,"turns":11.0},{"damage":6.0,"enemies":"Spheric Guardian","floor":18.0,"turns":7.0},{"damage":29.0,"enemies":"Book of Stabbing","floor":24.0,"turns":7.0},{"damage":17.0,"enemies":"Shell Parasite","floor":27.0,"turns":10.0},{"damage":12.0,"enemies":"Colosseum Slavers","floor":28.0,"turns":7.0},{"damage":41,"enemies":"Cultist and Chosen","floor":30,"turns":3}],"seed_played":"-5759829688188441839","potions_obtained":[{"floor":10.0,"key":"Strength Potion"},{"floor":13.0,"key":"Dexterity Potion"},{"floor":16.0,"key":"SkillPotion"},{"floor":24.0,"key":"SteroidPotion"}],"is_trial":false,"path_per_floor":["M","?","?","$","T","R","M","R","T","M","M","R","E","M","R","B",null,"M","$","?","?","?","R","E","$","T","M","?","$","M"],"character_chosen":"IRONCLAD","items_purchased":["Rampage","Evolve"],"campfire_rested":0,"item_purchase_floors":[4,19],"current_hp_per_floor":[63,52,68,68,68,68,60,60,60,60,60,60,47,47,47,35,60,60,60,60,60,60,60,37,37,37,26,20,20,0],"gold":47,"neow_bonus":"REMOVE_TWO","is_prod":false,"is_daily":false,"chose_seed":false,"campfire_upgraded":5,"win_rate":0,"timestamp":1565166359,"path_taken":["M","?","?","$","?","R","M","R","T","?","M","R","E","M","R","BOSS","M","$","?","?","?","R","E","?","T","M","?","$","M"],"build_version":"2019-07-17","purchased_purges":2,"victory":false,"max_hp_per_floor":[68,68,68,68,68,68,68,68,68,68,68,68,68,68,68,68,68,68,68,68,68,68,68,68,68,68,68,68,68,68],"card_choices":[{"not_picked":["Headbutt","Spot Weakness","Intimidate"],"picked":"SKIP","floor":1.0},{"not_picked":["Headbutt","Spot Weakness","Intimidate"],"picked":"SKIP","floor":1.0},{"not_picked":["Wild Strike","Pummel","Flex"],"picked":"SKIP","floor":7.0},{"not_picked":["Twin Strike","Iron Wave"],"picked":"True Grit","floor":10.0},{"not_picked":["Corruption","Iron Wave"],"picked":"Shrug It Off","floor":11.0},{"not_picked":["Dropkick","Flex"],"picked":"Burning Pact","floor":13.0},{"not_picked":["Warcry","Havoc"],"picked":"Armaments","floor":14.0},{"not_picked":["Brutality","Bludgeon"],"picked":"Berserk","floor":16.0},{"not_picked":["Headbutt","Pommel Strike"],"picked":"Feel No Pain","floor":17.0},{"not_picked":["Sword Boomerang","Thunderclap"],"picked":"Body Slam","floor":17.0},{"not_picked":["Intimidate","Anger","Iron Wave"],"picked":"SKIP","floor":18.0},{"not_picked":["Sword Boomerang","Reckless Charge+1","Evolve"],"picked":"SKIP","floor":24.0},{"not_picked":["Clothesline","Anger+1","Infernal Blade"],"picked":"SKIP","floor":27.0}],"player_experience":803766,"relics_obtained":[{"floor":5.0,"key":"Self Forming Clay"},{"floor":9.0,"key":"Oddly Smooth Stone"},{"floor":13.0,"key":"Kunai"},{"floor":24.0,"key":"Smiling Mask"},{"floor":26.0,"key":"Shuriken"}],"event_choices":[{"damage_healed":0.0,"max_hp_gain":0.0,"max_hp_loss":0.0,"gold_gain":75.0,"event_name":"World of Goop","player_choice":"Gather Gold","floor":2.0,"gold_loss":0.0,"damage_taken":11.0},{"damage_healed":22.0,"max_hp_gain":0.0,"max_hp_loss":0.0,"gold_gain":0.0,"event_name":"Big Fish","player_choice":"Banana","floor":3.0,"gold_loss":0.0,"damage_taken":0.0},{"damage_healed":0.0,"max_hp_gain":0.0,"max_hp_loss":0.0,"gold_gain":50.0,"event_name":"Nest","player_choice":"Stole From Cult","floor":20.0,"gold_loss":0.0,"damage_taken":0.0},{"damage_healed":0.0,"max_hp_gain":0.0,"max_hp_loss":0.0,"gold_gain":0.0,"event_name":"The Mausoleum","player_choice":"Ignored","floor":21.0,"gold_loss":0.0,"damage_taken":0.0},{"damage_healed":0.0,"max_hp_gain":0.0,"max_hp_loss":0.0,"gold_gain":0.0,"event_name":"Masked Bandits","player_choice":"Paid Fearfully","floor":22.0,"gold_loss":190.0,"damage_taken":0.0},{"damage_healed":0.0,"max_hp_gain":0.0,"max_hp_loss":0.0,"gold_gain":0.0,"event_name":"Colosseum","player_choice":"Fight","floor":28.0,"gold_loss":0.0,"damage_taken":0.0},{"damage_healed":0.0,"max_hp_gain":0.0,"max_hp_loss":0.0,"gold_gain":0.0,"event_name":"Colosseum","player_choice":"Fled From Nobs","floor":28.0,"gold_loss":0.0,"damage_taken":0.0}],"is_beta":false,"boss_relics":[{"not_picked":["Philosopher\u0027s Stone","Runic Pyramid"],"picked":"Orrery"}],"items_purged_floors":[4,19],"is_endless":false,"potions_floor_spawned":[10,13,16,24,28],"killed_by":"Cultist and Chosen","ascension_level":20}