{"gold_per_floor":[18,29,47,63,21,47,47,47,47,47,69,100,118,137,137,137],"floor_reached":16,"playtime":428,"items_purged":[],"score":224,"play_id":"387ed4fe-ece4-437f-8bfd-5070a443ecd5","local_time":"20190210214111","is_ascension_mode":true,"campfire_choices":[{"data":"Bludgeon","floor":7.0,"key":"SMITH"},{"data":"True Grit","floor":10.0,"key":"SMITH"},{"data":"Perfected Strike","floor":15.0,"key":"SMITH"}],"neow_cost":"NO_GOLD","seed_source_timestamp":1140048970990330,"circlet_count":0,"master_deck":["AscendersBane","Strike_R","Strike_R","Strike_R","Strike_R","Strike_R","Defend_R","Defend_R","Defend_R","Defend_R","Bash","Bludgeon+1","True Grit+1","Battle Trance","Feel No Pain","Evolve","Shrug It Off","Perfected Strike+1","Pommel Strike"],"special_seed":0,"relics":["Burning Blood","Lantern","Centennial Puzzle","Odd Mushroom","Kunai"],"potions_floor_usage":[],"damage_taken":[{"damage":0.0,"enemies":"Cultist","floor":1.0,"turns":3.0},{"damage":19.0,"enemies":"Jaw Worm","floor":2.0,"turns":5.0},{"damage":0.0,"enemies":"Small Slimes","floor":3.0,"turns":3.0},{"damage":31.0,"enemies":"Exordium Wildlife","floor":4.0,"turns":7.0},{"damage":35.0,"enemies":"Lagavulin","floor":6.0,"turns":7.0},{"damage":33.0,"enemies":"The Mushroom Lair","floor":11.0,"turns":6.0},{"damage":3.0,"enemies":"3 Sentries","floor":12.0,"turns":6.0},{"damage":0.0,"enemies":"Large Slime","floor":13.0,"turns":2.0},{"damage":0.0,"enemies":"Blue Slaver","floor":14.0,"turns":1.0},{"damage":0,"enemies":"Slime Boss","floor":16,"turns":3}],"seed_played":"3259536699275909297","potions_obtained":[{"floor":2.0,"key":"Regen Potion"},{"floor":4.0,"key":"BloodPotion"},{"floor":11.0,"key":"SneckoOil"},{"floor":12.0,"key":"Weak Potion"}],"is_trial":false,"path_per_floor":["M","M","M","M","$","E","R","?","T","R","?","E","M","M","R","B"],"character_chosen":"IRONCLAD","items_purchased":["Evolve"],"campfire_rested":0,"item_purchase_floors":[5],"current_hp_per_floor":[74,61,67,42,42,35,35,35,35,35,8,11,17,23,23,23],"gold":137,"neow_bonus":"THREE_RARE_CARDS","is_prod":false,"is_daily":false,"chose_seed":false,"campfire_upgraded":3,"win_rate":0,"timestamp":1549806071,"path_taken":["M","M","?","M","$","E","R","?","T","R","?","E","M","M","R","BOSS"],"build_version":"2019-01-23","purchased_purges":0,"victory":false,"max_hp_per_floor":[75,75,75,75,75,75,75,75,75,75,75,75,75,75,75,75],"card_choices":[{"not_picked":["Barricade","Demon Form"],"picked":"Bludgeon","floor":0.0},{"not_picked":["Cleave","Anger"],"picked":"True Grit","floor":1.0},{"not_picked":["Rage","Immolate"],"picked":"Battle Trance","floor":2.0},{"not_picked":["Anger","Shrug It Off"],"picked":"Feel No Pain","floor":3.0},{"not_picked":["Anger","Wild Strike","Feel No Pain"],"picked":"SKIP","floor":4.0},{"not_picked":["Dual Wield","Twin Strike","Pummel"],"picked":"SKIP","floor":6.0},{"not_picked":["Pummel","Reckless Charge"],"picked":"Shrug It Off","floor":11.0},{"not_picked":["Clothesline","Sentinel"],"picked":"Perfected Strike","floor":12.0},{"not_picked":["Clothesline","Cleave","Iron Wave"],"picked":"SKIP","floor":13.0},{"not_picked":["Pummel","Clash"],"picked":"Pommel Strike","floor":14.0}],"player_experience":716765,"relics_obtained":[{"floor":6.0,"key":"Lantern"},{"floor":9.0,"key":"Centennial Puzzle"},{"floor":11.0,"key":"Odd Mushroom"},{"floor":12.0,"key":"Kunai"}],"event_choices":[{"damage_healed":0.0,"max_hp_gain":0.0,"max_hp_loss":0.0,"gold_gain":0.0,"event_name":"Liars Game","player_choice":"Ignored","floor":8.0,"gold_loss":0.0,"damage_taken":0.0},{"damage_healed":0.0,"max_hp_gain":0.0,"max_hp_loss":0.0,"gold_gain":0.0,"event_name":"Mushrooms","player_choice":"Fought Mushrooms","floor":11.0,"gold_loss":0.0,"damage_taken":0.0}],"is_beta":false,"boss_relics":[],"items_purged_floors":[],"is_endless":false,"potions_floor_spawned":[2,4,11,12],"killed_by":"Slime Boss","ascension_level":20}