{"gold_per_floor":[110,26,26,45,62,11,11,11,11,11,22,22,22,33,33,108,108,125,125,50,50,10,10,29,29,29,29,44,44],"floor_reached":29,"playtime":657,"items_purged":[],"score":422,"play_id":"b4977e6e-9ae3-4d8c-a020-e266f3413524","local_time":"20190216162245","is_ascension_mode":true,"campfire_choices":[{"data":"Defragment","floor":7.0,"key":"SMITH"},{"data":"Streamline","floor":10.0,"key":"SMITH"},{"data":"Coolheaded","floor":12.0,"key":"SMITH"},{"data":"Dualcast","floor":15.0,"key":"SMITH"},{"data":"Defragment","floor":23.0,"key":"SMITH"},{"data":"Zap","floor":25.0,"key":"SMITH"},{"data":"Strike_B","floor":27.0,"key":"PURGE"}],"neow_cost":"PERCENT_DAMAGE","seed_source_timestamp":335384757822721,"circlet_count":0,"master_deck":["AscendersBane","Strike_B","Strike_B","Defend_B","Defend_B","Defend_B","Defend_B","Zap+1","Dualcast+1","Cold Snap","Defragment+1","Streamline+1","Coolheaded+1","Echo Form","Electrodynamics","Defragment+1"],"special_seed":0,"relics":["Cracked Core","Peace Pipe","Gambling Chip","Coffee Dripper","Anchor"],"potions_floor_usage":[],"damage_taken":[{"damage":13.0,"enemies":"Small Slimes","floor":1.0,"turns":4.0},{"damage":0.0,"enemies":"Cultist","floor":4.0,"turns":3.0},{"damage":7.0,"enemies":"Jaw Worm","floor":5.0,"turns":3.0},{"damage":2.0,"enemies":"Looter","floor":11.0,"turns":3.0},{"damage":1.0,"enemies":"Large Slime","floor":14.0,"turns":6.0},{"damage":2.0,"enemies":"The Guardian","floor":16.0,"turns":10.0},{"damage":10.0,"enemies":"3 Byrds","floor":18.0,"turns":2.0},{"damage":23.0,"enemies":"Colosseum Slavers","floor":19.0,"turns":3.0},{"damage":19.0,"enemies":"2 Thieves","floor":24.0,"turns":4.0},{"damage":10.0,"enemies":"Chosen and Byrds","floor":28.0,"turns":6.0},{"damage":38,"enemies":"Shelled Parasite and Fungi","floor":29,"turns":3}],"seed_played":"-637236256788248135","potions_obtained":[{"floor":11.0,"key":"SkillPotion"},{"floor":14.0,"key":"Fire Potion"},{"floor":24.0,"key":"Regen Potion"}],"is_trial":false,"path_per_floor":["M","$","?","M","M","$","R","$","T","R","M","R","?","M","R","B",null,"M","?","?","?","$","R","M","R","T","R","M","M"],"character_chosen":"DEFECT","items_purchased":["Defragment","Coolheaded","Defragment"],"campfire_rested":0,"item_purchase_floors":[2,6,22],"current_hp_per_floor":[33,33,33,33,26,26,26,26,26,26,24,24,24,23,23,21,59,49,26,26,26,26,26,7,7,7,7,12,0],"gold":44,"neow_bonus":"ONE_RARE_RELIC","is_prod":false,"is_daily":false,"chose_seed":false,"campfire_upgraded":6,"win_rate":0,"timestamp":1550305365,"path_taken":["M","$","?","M","M","$","R","$","T","R","M","R","?","?","R","BOSS","M","?","?","?","$","R","M","R","T","R","M","?"],"build_version":"2019-01-23","purchased_purges":0,"victory":false,"max_hp_per_floor":[71,71,71,71,71,71,71,71,71,71,71,71,71,71,71,71,71,71,71,71,71,71,71,71,71,71,71,71,71],"card_choices":[{"not_picked":["Go for the Eyes","Chill"],"picked":"Cold Snap","floor":1.0},{"not_picked":["Gash","Redo","Stack"],"picked":"SKIP","floor":4.0},{"not_picked":["Gash","Beam Cell"],"picked":"Streamline","floor":5.0},{"not_picked":["Double Energy","Steam","Sweeping Beam"],"picked":"SKIP","floor":11.0},{"not_picked":["Tempest","Turbo","Streamline"],"picked":"SKIP","floor":14.0},{"not_picked":["Machine Learning","Core Surge"],"picked":"Electrodynamics","floor":16.0},{"not_picked":["Aggregate","Rebound","Turbo"],"picked":"SKIP","floor":18.0},{"not_picked":["Sweeping Beam","Sunder","Rip and Tear"],"picked":"SKIP","floor":24.0},{"not_picked":["Ball Lightning","Sweeping Beam","Chill"],"picked":"SKIP","floor":28.0}],"player_experience":786617,"relics_obtained":[{"floor":9.0,"key":"Gambling Chip"},{"floor":26.0,"key":"Anchor"}],"event_choices":[{"damage_healed":0.0,"max_hp_gain":0.0,"max_hp_loss":0.0,"gold_gain":0.0,"event_name":"Liars Game","player_choice":"Ignored","floor":3.0,"gold_loss":0.0,"damage_taken":0.0},{"damage_healed":0.0,"max_hp_gain":0.0,"max_hp_loss":0.0,"gold_gain":0.0,"event_name":"Match and Keep!","player_choice":"1 cards matched","floor":13.0,"gold_loss":0.0,"damage_taken":0.0,"cards_obtained":["Echo Form"]},{"damage_healed":0.0,"max_hp_gain":0.0,"max_hp_loss":0.0,"gold_gain":0.0,"event_name":"Colosseum","player_choice":"Fight","floor":19.0,"gold_loss":0.0,"damage_taken":0.0},{"damage_healed":0.0,"max_hp_gain":0.0,"max_hp_loss":0.0,"gold_gain":0.0,"event_name":"Colosseum","player_choice":"Fled From Nobs","floor":19.0,"gold_loss":0.0,"damage_taken":0.0},{"cards_removed":["Strike_B"],"damage_healed":0.0,"max_hp_gain":0.0,"max_hp_loss":0.0,"gold_gain":0.0,"event_name":"Beggar","player_choice":"Gave Gold","floor":20.0,"gold_loss":75.0,"damage_taken":0.0},{"damage_healed":0.0,"max_hp_gain":0.0,"max_hp_loss":0.0,"gold_gain":0.0,"event_name":"N\u0027loth","player_choice":"Ignored","floor":21.0,"gold_loss":0.0,"damage_taken":0.0}],"is_beta":false,"boss_relics":[{"not_picked":["White Beast Statue","Ectoplasm"],"picked":"Coffee Dripper"}],"items_purged_floors":[],"is_endless":false,"potions_floor_spawned":[11,14,24],"killed_by":"Shelled Parasite and Fungi","ascension_level":20}