{"gold_per_floor":[112,112,130,80,42,75,75,108,108,142,142,158,169,189,189,189],"floor_reached":16,"playtime":400,"items_purged":[],"score":174,"play_id":"46a23cd7-3281-45bf-91c9-de30a5e1643d","local_time":"20190310124051","is_ascension_mode":true,"campfire_choices":[{"data":"Dash","floor":7,"key":"SMITH"},{"data":"Concentrate","floor":11,"key":"SMITH"},{"data":"Reflex","floor":15,"key":"SMITH"}],"neow_cost":"NONE","seed_source_timestamp":690763386444522,"circlet_count":0,"master_deck":["Defend_G","Defend_G","Defend_G","Defend_G","Defend_G","Strike_G","Strike_G","Strike_G","Strike_G","Survivor","Neutralize","Concentrate+1","Flechettes","Dash+1","Heel Hook","Reflex+1","PiercingWail"],"relics":["Ring of the Snake","NeowsBlessing","StoneCalendar","Kunai","The Courier","Gremlin Horn","Orichalcum"],"potions_floor_usage":[],"damage_taken":[{"damage":0,"enemies":"2 Louse","floor":1,"turns":1},{"damage":0,"enemies":"Jaw Worm","floor":3,"turns":1},{"damage":0,"enemies":"Lagavulin","floor":6,"turns":1},{"damage":11,"enemies":"3 Sentries","floor":8,"turns":7},{"damage":12,"enemies":"Lagavulin","floor":10,"turns":7},{"damage":0,"enemies":"Small Slimes","floor":12,"turns":4},{"damage":2,"enemies":"Looter","floor":13,"turns":3},{"damage":7,"enemies":"Exordium Thugs","floor":14,"turns":5},{"damage":39,"enemies":"The Guardian","floor":16,"turns":14}],"seed_played":"-6550409948989471327","potions_obtained":[{"floor":1,"key":"Weak Potion"},{"floor":10,"key":"EssenceOfSteel"},{"floor":12,"key":"Weak Potion"}],"is_trial":false,"path_per_floor":["M","?","M","?","$","E","R","E","T","E","R","M","M","M","R","B"],"character_chosen":"THE_SILENT","items_purchased":["Flechettes"],"campfire_rested":0,"item_purchase_floors":[5],"current_hp_per_floor":[70,67,67,67,67,67,67,56,56,44,44,44,42,35,35,0],"gold":189,"neow_bonus":"THREE_ENEMY_KILL","is_prod":false,"is_daily":false,"chose_seed":false,"campfire_upgraded":3,"win_rate":0,"timestamp":1552189251,"path_taken":["M","?","M","?","$","E","R","E","T","E","R","M","M","?","R","BOSS"],"build_version":"2019-01-23","purchased_purges":0,"victory":false,"max_hp_per_floor":[70,70,70,70,70,70,70,70,70,70,70,70,70,70,70,70],"card_choices":[{"not_picked":["Underhanded Strike","Dodge and Roll","Quick Slash"],"picked":"SKIP","floor":1},{"not_picked":["Dash","Deflect"],"picked":"Concentrate","floor":3},{"not_picked":["Outmaneuver","Endless Agony"],"picked":"Dash","floor":6},{"not_picked":["Slice","Dagger Throw"],"picked":"Heel Hook","floor":8},{"not_picked":["Poisoned Stab","Slice","Crippling Poison"],"picked":"SKIP","floor":10},{"not_picked":["Bouncing Flask","Accuracy"],"picked":"Reflex","floor":12},{"not_picked":["Infinite Blades","Eviscerate"],"picked":"PiercingWail","floor":13},{"not_picked":["Unload","All Out Attack","PiercingWail"],"picked":"SKIP","floor":14}],"player_experience":47823,"relics_obtained":[{"floor":6,"key":"Kunai"},{"floor":8,"key":"The Courier"},{"floor":9,"key":"Gremlin Horn"},{"floor":10,"key":"Orichalcum"}],"event_choices":[{"damage_healed":0,"gold_gain":0,"player_choice":"Success","damage_taken":3,"relics_obtained":["StoneCalendar"],"max_hp_gain":0,"max_hp_loss":0,"event_name":"Scrap Ooze","floor":2,"gold_loss":0},{"cards_removed":["Strike_G"],"damage_healed":0,"gold_gain":0,"player_choice":"Card Removal","damage_taken":0,"max_hp_gain":0,"max_hp_loss":0,"event_name":"The Cleric","floor":4,"gold_loss":50}],"is_beta":false,"boss_relics":[],"items_purged_floors":[],"is_endless":false,"potions_floor_spawned":[1,10,12],"killed_by":"The Guardian","ascension_level":4}