{"gold_per_floor":[116,128,141,157,167,167,179,179,203,203,128,128,203,224,224,224],"floor_reached":16,"playtime":317,"items_purged":["Strike_G"],"score":188,"play_id":"643d161b-ba04-491c-87dc-a1fd0862adbb","local_time":"20190106191339","is_ascension_mode":true,"campfire_choices":[{"data":"Catalyst","floor":6,"key":"SMITH"},{"data":"Deadly Poison","floor":10,"key":"SMITH"},{"data":"Neutralize","floor":12,"key":"SMITH"},{"data":"Leg Sweep","floor":15,"key":"SMITH"}],"neow_cost":"NONE","seed_source_timestamp":28225113680061,"circlet_count":0,"master_deck":["AscendersBane","Defend_G","Defend_G","Defend_G","Defend_G","Defend_G","Strike_G","Strike_G","Strike_G","Strike_G","Survivor","Neutralize+1","Catalyst+1","Deadly Poison+1","Leg Sweep+1","Backflip"],"relics":["Ring of the Snake","NeowsBlessing","Golden Idol","PreservedInsect"],"potions_floor_usage":[],"damage_taken":[{"damage":0,"enemies":"2 Louse","floor":1,"turns":1},{"damage":0,"enemies":"Jaw Worm","floor":2,"turns":1},{"damage":0,"enemies":"Small Slimes","floor":3,"turns":1},{"damage":9,"enemies":"Red Slaver","floor":4,"turns":4},{"damage":10,"enemies":"Gremlin Gang","floor":5,"turns":8},{"damage":0,"enemies":"Exordium Thugs","floor":7,"turns":6},{"damage":0,"enemies":"Exordium Wildlife","floor":14,"turns":4},{"damage":28,"enemies":"Slime Boss","floor":16,"turns":7}],"seed_played":"-4232147449427059097","potions_obtained":[{"floor":1,"key":"Ancient Potion"},{"floor":5,"key":"FearPotion"}],"is_trial":false,"path_per_floor":["M","M","M","M","M","R","M","?","T","R","$","R","?","M","R","B"],"character_chosen":"THE_SILENT","items_purchased":[],"campfire_rested":0,"item_purchase_floors":[],"current_hp_per_floor":[59,59,59,50,40,40,40,40,40,40,40,40,29,29,29,1],"gold":224,"neow_bonus":"THREE_ENEMY_KILL","is_prod":false,"is_daily":false,"chose_seed":false,"campfire_upgraded":4,"win_rate":0,"timestamp":1546773219,"path_taken":["M","M","M","M","M","R","M","?","T","R","$","R","?","M","R","BOSS"],"build_version":"2019-01-03v4","purchased_purges":1,"victory":false,"max_hp_per_floor":[66,66,66,66,66,66,66,60,60,60,60,60,60,60,60,60],"card_choices":[{"not_picked":["Sucker Punch","Backflip"],"picked":"Catalyst","floor":1},{"not_picked":["Escape Plan","Dagger Spray"],"picked":"Deadly Poison","floor":2},{"not_picked":["Deflect","Dagger Throw","Poisoned Stab"],"picked":"SKIP","floor":3},{"not_picked":["Flying Knee","Deflect"],"picked":"Leg Sweep","floor":4},{"not_picked":["All Out Attack","Distraction"],"picked":"Backflip","floor":5},{"not_picked":["Terror","Dagger Throw","Dagger Spray"],"picked":"SKIP","floor":7},{"not_picked":["Sucker Punch","Caltrops","Bane"],"picked":"SKIP","floor":14}],"player_experience":1789938,"relics_obtained":[{"floor":9,"key":"PreservedInsect"}],"event_choices":[{"damage_healed":0,"gold_gain":0,"player_choice":"Lose Max HP","damage_taken":0,"relics_obtained":["Golden Idol"],"max_hp_gain":0,"max_hp_loss":6,"event_name":"Golden Idol","floor":8,"gold_loss":0},{"damage_healed":0,"gold_gain":75,"player_choice":"Gather Gold","damage_taken":11,"max_hp_gain":0,"max_hp_loss":0,"event_name":"World of Goop","floor":13,"gold_loss":0}],"is_beta":false,"boss_relics":[],"items_purged_floors":[11],"is_endless":false,"potions_floor_spawned":[1,5,7],"killed_by":"Slime Boss","ascension_level":20}