{"gold_per_floor":[112,130,140,153,203,203,128,155,206,223,94,94,104,120,120,197,197,207,207,2,17,67,67,92,92,115,30,45,56,83,97,97,169,169,187,187,202,222,72,72],"floor_reached":40,"playtime":1527,"items_purged":["Strike_G","Strike_G","Normality","Strike_G+1"],"score":1010,"play_id":"492c7c30-c8fc-4877-9ec0-26084c127a36","local_time":"20190201210129","is_ascension_mode":true,"campfire_choices":[{"data":"Deadly Poison","floor":6.0,"key":"SMITH"},{"data":"Blade Dance","floor":12.0,"key":"SMITH"},{"data":"Cloak And Dagger","floor":15.0,"key":"SMITH"},{"data":"Acrobatics","floor":23.0,"key":"SMITH"},{"data":"Neutralize","floor":25.0,"key":"SMITH"},{"data":"Calculated Gamble","floor":32.0,"key":"SMITH"}],"neow_cost":"TEN_PERCENT_HP_LOSS","seed_source_timestamp":25406227865112,"circlet_count":0,"master_deck":["AscendersBane","Defend_G+1","Defend_G+1","Defend_G+1","Defend_G+1","Strike_G+1","Survivor+1","Neutralize+1","Cloak And Dagger+1","Deadly Poison+1","Escape Plan+1","Endless Agony+1","Blade Dance+1","Acrobatics+1","Parasite","Parasite","Accuracy+1","Calculated Gamble+1","After Image+1","Blade Dance+1","After Image+1","Dagger Spray+1"],"special_seed":0,"relics":["Ring of the Snake","Shuriken","Lantern","Calling Bell","Vajra","Meat on the Bone","Ginger","Snake Skull","Omamori","Black Star","Mark of the Bloom"],"potions_floor_usage":[],"damage_taken":[{"damage":0.0,"enemies":"Cultist","floor":1.0,"turns":5.0},{"damage":0.0,"enemies":"Small Slimes","floor":2.0,"turns":4.0},{"damage":2.0,"enemies":"Jaw Worm","floor":3.0,"turns":4.0},{"damage":0.0,"enemies":"Red Slaver","floor":4.0,"turns":5.0},{"damage":17.0,"enemies":"Lagavulin","floor":8.0,"turns":5.0},{"damage":4.0,"enemies":"Exordium Wildlife","floor":10.0,"turns":5.0},{"damage":1.0,"enemies":"2 Fungi Beasts","floor":13.0,"turns":3.0},{"damage":11.0,"enemies":"Looter","floor":14.0,"turns":3.0},{"damage":0.0,"enemies":"Hexaghost","floor":16.0,"turns":7.0},{"damage":19.0,"enemies":"2 Thieves","floor":18.0,"turns":5.0},{"damage":33.0,"enemies":"Chosen","floor":21.0,"turns":4.0},{"damage":14.0,"enemies":"Slavers","floor":24.0,"turns":6.0},{"damage":2.0,"enemies":"Snecko","floor":28.0,"turns":4.0},{"damage":12.0,"enemies":"Centurion and Healer","floor":29.0,"turns":7.0},{"damage":0.0,"enemies":"Gremlin Leader","floor":30.0,"turns":6.0},{"damage":26.0,"enemies":"Cultist and Chosen","floor":31.0,"turns":6.0},{"damage":6.0,"enemies":"Champ","floor":33.0,"turns":8.0},{"damage":0.0,"enemies":"3 Shapes","floor":35.0,"turns":8.0},{"damage":21.0,"enemies":"3 Darklings","floor":37.0,"turns":4.0},{"damage":5.0,"enemies":"4 Shapes","floor":38.0,"turns":7.0},{"damage":0,"enemies":"Giant Head","floor":40,"turns":2}],"seed_played":"-5136143885218651146","potions_obtained":[{"floor":2.0,"key":"AttackPotion"},{"floor":3.0,"key":"Energy Potion"},{"floor":8.0,"key":"Energy Potion"},{"floor":14.0,"key":"Fruit Juice"},{"floor":21.0,"key":"Explosive Potion"},{"floor":28.0,"key":"Dexterity Potion"},{"floor":33.0,"key":"LiquidBronze"},{"floor":37.0,"key":"GhostInAJar"},{"floor":38.0,"key":"Energy Potion"}],"is_trial":false,"path_per_floor":["M","M","M","M","?","R","$","E","T","M","$","R","M","M","R","B",null,"M","?","$","M","?","R","E","R","T","$","M","M","E","M","R","B",null,"M","?","M","M","$","E"],"character_chosen":"THE_SILENT","items_purchased":["Blade Dance","Accuracy","GhostInAJar"],"campfire_rested":0,"item_purchase_floors":[11,20,27],"current_hp_per_floor":[59,59,57,57,51,51,51,34,34,30,30,30,29,23,23,23,55,36,36,36,15,15,15,13,13,13,13,23,23,35,21,21,27,56,56,56,35,30,30,30],"gold":72,"neow_bonus":"REMOVE_TWO","is_prod":false,"is_daily":false,"chose_seed":false,"campfire_upgraded":6,"win_rate":0,"timestamp":1549026089,"path_taken":["M","M","M","M","?","R","$","E","T","M","$","R","M","M","R","BOSS","M","?","$","M","?","R","E","R","T","?","M","?","E","M","R","BOSS","M","?","M","M","$","E"],"build_version":"2019-01-23","purchased_purges":4,"victory":false,"max_hp_per_floor":[60,60,60,60,60,60,60,60,60,60,60,60,60,65,65,65,65,65,65,65,65,65,65,65,65,65,65,65,65,65,65,65,65,65,65,65,65,65,65,65],"card_choices":[{"not_picked":["Backflip","Concentrate"],"picked":"Cloak And Dagger","floor":1.0},{"not_picked":["Masterful Stab","Acrobatics"],"picked":"Deadly Poison","floor":2.0},{"not_picked":["Dagger Spray","Terror"],"picked":"Escape Plan","floor":3.0},{"not_picked":["Flying Knee","Dagger Throw","Finisher"],"picked":"SKIP","floor":4.0},{"not_picked":["Choke","Reflex","Glass Knife"],"picked":"SKIP","floor":8.0},{"not_picked":["Bane","Underhanded Strike"],"picked":"Endless Agony","floor":10.0},{"not_picked":["Eviscerate","Deadly Poison"],"picked":"Acrobatics","floor":13.0},{"not_picked":["Dash","Masterful Stab","Bane"],"picked":"SKIP","floor":14.0},{"not_picked":["Deadly Poison","Leg Sweep+1","Slice"],"picked":"SKIP","floor":18.0},{"not_picked":["Choke","Escape Plan","Sucker Punch"],"picked":"SKIP","floor":21.0},{"not_picked":["Choke","Escape Plan","Sucker Punch"],"picked":"SKIP","floor":21.0},{"not_picked":["Flying Knee","PiercingWail","Quick Slash"],"picked":"SKIP","floor":24.0},{"not_picked":["Flechettes+1","Dagger Spray","Quick Slash"],"picked":"SKIP","floor":28.0},{"not_picked":["Prepared","Backstab"],"picked":"Calculated Gamble","floor":29.0},{"not_picked":["Eviscerate","Acrobatics+1"],"picked":"After Image","floor":30.0},{"not_picked":["Underhanded Strike","Quick Slash+1"],"picked":"Blade Dance+1","floor":31.0},{"not_picked":["Grand Finale","Phantasmal Killer"],"picked":"After Image","floor":33.0},{"not_picked":["Dagger Throw","Flying Knee","Dodge and Roll"],"picked":"SKIP","floor":35.0},{"not_picked":["Dagger Spray+1","Distraction","Deadly Poison"],"picked":"SKIP","floor":37.0},{"not_picked":["Distraction","Deadly Poison"],"picked":"Dagger Spray+1","floor":37.0},{"not_picked":["Accuracy","Deadly Poison","Slice"],"picked":"SKIP","floor":38.0}],"player_experience":1404333,"relics_obtained":[{"floor":8.0,"key":"Shuriken"},{"floor":9.0,"key":"Lantern"},{"floor":17.0,"key":"Vajra"},{"floor":17.0,"key":"Meat on the Bone"},{"floor":17.0,"key":"Ginger"},{"floor":24.0,"key":"Snake Skull"},{"floor":30.0,"key":"Omamori"}],"event_choices":[{"damage_healed":0.0,"max_hp_gain":0.0,"max_hp_loss":0.0,"gold_gain":50.0,"event_name":"FaceTrader","player_choice":"Touch","floor":5.0,"gold_loss":0.0,"damage_taken":6.0},{"damage_healed":0.0,"max_hp_gain":0.0,"max_hp_loss":0.0,"gold_gain":0.0,"event_name":"Vampires","player_choice":"Ignored","floor":19.0,"gold_loss":0.0,"damage_taken":0.0},{"damage_healed":0.0,"max_hp_gain":0.0,"max_hp_loss":0.0,"gold_gain":50.0,"event_name":"Nest","player_choice":"Stole From Cult","floor":22.0,"gold_loss":0.0,"damage_taken":0.0},{"damage_healed":0.0,"max_hp_gain":0.0,"max_hp_loss":0.0,"gold_gain":0.0,"event_name":"MindBloom","player_choice":"Upgrade","floor":36.0,"gold_loss":0.0,"damage_taken":0.0,"cards_upgraded":["Defend_G","Defend_G","Defend_G","Defend_G","Strike_G","Strike_G","Survivor","Escape Plan","Endless Agony","Accuracy","After Image","After Image"],"relics_obtained":["Mark of the Bloom"]}],"is_beta":true,"boss_relics":[{"not_picked":["Eternal Feather","Ectoplasm"],"picked":"Calling Bell"},{"not_picked":["White Beast Statue","Velvet Choker"],"picked":"Black Star"}],"items_purged_floors":[7,11,20,39],"is_endless":false,"potions_floor_spawned":[2,3,8,14,21,28,29,30,33,37,38],"killed_by":"Giant Head","ascension_level":20}