{"gold_per_floor":[112,112,112,38,56,56,70,101,127,158,230,230,250,125,125,125],"floor_reached":16,"playtime":311,"items_purged":["Clash"],"score":172,"play_id":"3d449247-f05e-4186-a4d2-db55c85137f7","local_time":"20190212135950","is_ascension_mode":true,"campfire_choices":[{"data":"Whirlwind","floor":6,"key":"SMITH"},{"floor":12,"key":"REST"},{"data":"True Grit","floor":15,"key":"SMITH"}],"neow_cost":"PERCENT_DAMAGE","seed_source_timestamp":1285496044087039,"circlet_count":0,"master_deck":["AscendersBane","Strike_R","Strike_R","Defend_R","Defend_R","Defend_R","Defend_R","Bash","Headbutt","Uppercut","Inflame","Whirlwind+1","Power Through","True Grit+1"],"relics":["Burning Blood","Golden Idol","Boot","Oddly Smooth Stone","Odd Mushroom","Shuriken"],"potions_floor_usage":[8,16],"damage_taken":[{"damage":0,"enemies":"2 Louse","floor":1,"turns":2},{"damage":7,"enemies":"Small Slimes","floor":5,"turns":2},{"damage":4,"enemies":"Jaw Worm","floor":7,"turns":3},{"damage":48,"enemies":"Gremlin Nob","floor":8,"turns":5},{"damage":15,"enemies":"The Mushroom Lair","floor":10,"turns":3},{"damage":10,"enemies":"Gremlin Gang","floor":13,"turns":2},{"damage":28,"enemies":"Hexaghost","floor":16,"turns":9}],"seed_played":"-156160277706025819","potions_obtained":[{"floor":5,"key":"Ancient Potion"},{"floor":7,"key":"Regen Potion"},{"floor":10,"key":"PowerPotion"}],"is_trial":false,"path_per_floor":["M","?","?","$","M","R","M","E","T","?","T","R","M","$","R","B"],"character_chosen":"IRONCLAD","items_purchased":["Inflame","True Grit"],"campfire_rested":1,"item_purchase_floors":[4,14],"current_hp_per_floor":[56,56,56,56,55,55,57,20,20,11,11,31,27,27,27,0],"gold":125,"neow_bonus":"TRANSFORM_TWO_CARDS","is_prod":false,"is_daily":false,"chose_seed":false,"campfire_upgraded":2,"win_rate":0,"timestamp":1549951190,"path_taken":["M","?","?","$","M","R","M","E","T","?","?","R","M","$","R","BOSS"],"build_version":"2019-01-23","purchased_purges":1,"victory":false,"max_hp_per_floor":[75,75,68,68,68,68,68,68,68,68,68,68,68,68,68,68],"card_choices":[{"not_picked":["Warcry","Sever Soul"],"picked":"Uppercut","floor":1},{"not_picked":["Perfected Strike","Flex"],"picked":"Whirlwind","floor":5},{"not_picked":["Pommel Strike","Wild Strike","Armaments"],"picked":"SKIP","floor":7},{"not_picked":["Clothesline","Anger","Corruption"],"picked":"SKIP","floor":8},{"not_picked":["Intimidate","Corruption"],"picked":"Power Through","floor":10},{"not_picked":["Blood for Blood","Perfected Strike","Pommel Strike"],"picked":"SKIP","floor":13}],"player_experience":732959,"relics_obtained":[{"floor":8,"key":"Boot"},{"floor":9,"key":"Oddly Smooth Stone"},{"floor":10,"key":"Odd Mushroom"},{"floor":11,"key":"Shuriken"}],"event_choices":[{"cards_removed":["Strike_R"],"damage_healed":0,"gold_gain":0,"player_choice":"Forget","damage_taken":0,"max_hp_gain":0,"max_hp_loss":0,"event_name":"Living Wall","floor":2,"gold_loss":0},{"damage_healed":0,"gold_gain":0,"player_choice":"Lose Max HP","damage_taken":0,"relics_obtained":["Golden Idol"],"max_hp_gain":0,"max_hp_loss":7,"event_name":"Golden Idol","floor":3,"gold_loss":0},{"damage_healed":0,"gold_gain":0,"player_choice":"Fought Mushrooms","damage_taken":0,"max_hp_gain":0,"max_hp_loss":0,"event_name":"Mushrooms","floor":10,"gold_loss":0}],"is_beta":false,"boss_relics":[],"items_purged_floors":[14],"is_endless":false,"potions_floor_spawned":[5,7,10],"killed_by":"Hexaghost","ascension_level":15}