{"gold_per_floor":[113,51,66,66,86,86,130,130,130,130,161,199,18,18,18,18],"floor_reached":16,"playtime":328,"items_purged":[],"score":207,"play_id":"a6df61cb-07f8-4560-b5d1-5963131cc55e","local_time":"20180924012723","is_ascension_mode":true,"campfire_choices":[{"data":"Whirlwind","floor":6,"key":"SMITH"},{"data":"Entrench","floor":8,"key":"SMITH"},{"data":"Second Wind","floor":15,"key":"SMITH"}],"neow_cost":"NONE","seed_source_timestamp":219458415018300,"circlet_count":0,"master_deck":["Strike_R","Strike_R","Strike_R","Strike_R","Defend_R","Defend_R","Defend_R","Defend_R","Bash","AscendersBane","Second Wind+1","Entrench+1","Whirlwind+1","Spot Weakness","Headbutt"],"relics":["Burning Blood","Potion Belt","Sundial","Golden Idol","Bag of Marbles","Blood Vial","Pear","Odd Mushroom","Lantern"],"potions_floor_usage":[3,7,11],"damage_taken":[{"damage":7,"enemies":"Cultist","floor":1,"turns":4},{"damage":5,"enemies":"Small Slimes","floor":3,"turns":3},{"damage":9,"enemies":"2 Louse","floor":5,"turns":3},{"damage":20,"enemies":"3 Sentries","floor":7,"turns":4},{"damage":37,"enemies":"Gremlin Nob","floor":11,"turns":5},{"damage":0,"enemies":"The Mushroom Lair","floor":12,"turns":1},{"damage":39,"enemies":"Hexaghost","floor":16,"turns":8}],"seed_played":"8665115861754687737","potions_obtained":[{"floor":1,"key":"AttackPotion"},{"floor":3,"key":"LiquidBronze"},{"floor":7,"key":"Weak Potion"}],"is_trial":false,"path_per_floor":["M","?","M","?","M","R","E","R","T","?","E","?","$","?","R"],"character_chosen":"IRONCLAD","items_purchased":["Lantern"],"campfire_rested":0,"item_purchase_floors":[13],"current_hp_per_floor":[67,67,68,68,65,65,51,51,51,51,32,40,40,33,33,0],"gold":18,"neow_bonus":"RANDOM_COMMON_RELIC","is_prod":false,"is_daily":false,"chose_seed":false,"campfire_upgraded":3,"win_rate":0,"timestamp":1537723643,"path_taken":["M","?","M","?","M","R","E","R","T","?","E","?","?","?","R","BOSS"],"build_version":"2018-09-20","purchased_purges":0,"victory":false,"max_hp_per_floor":[75,75,75,68,68,68,68,68,68,68,78,78,78,78,78,78],"card_choices":[{"not_picked":["Clash","Power Through"],"picked":"Second Wind","floor":1},{"not_picked":["Reckless Charge","Perfected Strike"],"picked":"Entrench","floor":3},{"not_picked":["Entrench","Hemokinesis"],"picked":"Whirlwind","floor":5},{"not_picked":["Fire Breathing","Second Wind","Entrench"],"picked":"SKIP","floor":7},{"not_picked":["Warcry","Havoc"],"picked":"Spot Weakness","floor":11},{"not_picked":["Reckless Charge","Perfected Strike"],"picked":"Headbutt","floor":12}],"player_experience":115922,"relics_obtained":[{"floor":7,"key":"Bag of Marbles"},{"floor":9,"key":"Blood Vial"},{"floor":11,"key":"Pear"},{"floor":12,"key":"Odd Mushroom"}],"event_choices":[{"event_name":"WeMeetAgain","player_choice":"Gold","floor":2,"damage_taken":0},{"event_name":"Golden Idol","player_choice":"Lose Max HP","floor":4,"damage_taken":0},{"event_name":"Liars Game","player_choice":"disagreed","floor":10,"damage_taken":0},{"event_name":"Mushrooms","player_choice":"Fought Mushrooms","floor":12,"damage_taken":0},{"event_name":"Golden Wing","player_choice":"Card Removal","floor":14,"damage_taken":0}],"is_beta":false,"boss_relics":[],"items_purged_floors":[],"is_endless":false,"potions_floor_spawned":[1,3,7],"killed_by":"Hexaghost","ascension_level":19}