{"path_per_floor":["M","?","M","M","M","R","M","M","T","M","?","R","$","M","R","B",null,"M","?","?","M"],"character_chosen":"THE_SILENT","items_purchased":["Noxious Fumes","Regal Pillow","Omamori"],"gold_per_floor":[116,291,311,326,343,343,356,366,366,376,376,376,46,61,61,162,162,182,182,182,199],"floor_reached":22,"campfire_rested":1,"playtime":1115,"current_hp_per_floor":[66,66,66,62,47,47,47,53,53,37,37,37,37,28,64,25,70,36,36,20,8],"items_purged":[],"gold":199,"score":180,"play_id":"3069a6c9-3f3f-4ad9-87bb-acf059ee18b2","is_prod":false,"is_daily":false,"is_ascension_mode":false,"campfire_upgraded":2,"path_taken":["M","?","?","M","M","R","M","M","T","M","?","R","?","M","R","BOSS","M","?","?","M","M"],"build_version":"2018-02-15-PROD1","purchased_purges":0,"victory":false,"master_deck":["Defend_G","Defend_G","Defend_G","Defend_G","Defend_G","Strike_G","Strike_G","Strike_G","Strike_G","Strike_G","Survivor","Neutralize","Doubt","Prepared","Caltrops","Endless Agony+1","Phantasmal Killer+1","Blade Dance","Terror","Regret","Noxious Fumes","Prepared","Bullet Time","Choke","Poisoned Stab+1"],"max_hp_per_floor":[70,70,70,70,70,70,70,70,70,70,70,70,70,70,70,70,70,70,70,70,70],"relics":["Ring of the Snake","Lantern","Bag of Preparation","Regal Pillow","Omamori","Cursed Key","Necronomicon"],"card_choices":[{"not_picked":["Dagger Spray","Deflect"],"picked":"Prepared"},{"not_picked":["Leg Sweep","Dagger Spray"],"picked":"Caltrops"},{"not_picked":["Backstab","Sucker Punch"],"picked":"Endless Agony"},{"not_picked":["Expertise","Deflect"],"picked":"Phantasmal Killer"},{"not_picked":["Flying Knee","Deflect"],"picked":"Blade Dance"},{"not_picked":["Dodge and Roll","Poisoned Stab"],"picked":"Terror"},{"not_picked":["Flying Knee","Poisoned Stab"],"picked":"Prepared"},{"not_picked":["Glass Knife","Unload"],"picked":"Bullet Time"},{"not_picked":["Masterful Stab","Dodge and Roll"],"picked":"Choke"},{"not_picked":["Terror","Dagger Throw"],"picked":"Poisoned Stab"}],"player_experience":72608,"potions_floor_usage":[8,21],"damage_taken":[{"damage":4,"enemies":"Jaw Worm","floor":1,"turns":6},{"damage":0,"enemies":"Small Slimes","floor":3,"turns":5},{"damage":4,"enemies":"Cultist","floor":4,"turns":5},{"damage":15,"enemies":"Lots of Slimes","floor":5,"turns":7},{"damage":0,"enemies":"Looter","floor":7,"turns":3},{"damage":6,"enemies":"Blue Slaver","floor":8,"turns":6},{"damage":16,"enemies":"Exordium Wildlife","floor":10,"turns":7},{"damage":9,"enemies":"Looter","floor":14,"turns":4},{"damage":39,"enemies":"Slime Boss","floor":16,"turns":10},{"damage":34,"enemies":"Shell Parasite","floor":18,"turns":7},{"damage":18,"enemies":"2 Thieves","floor":21,"turns":4},{"damage":11,"enemies":"Centurion and Healer","floor":22,"turns":2}],"event_choices":[{"event_name":"Liars Game","player_choice":"agreed","floor":2,"damage_taken":0},{"event_name":"Big Fish","player_choice":"Box","floor":11,"damage_taken":0},{"event_name":"Vampires","player_choice":"Ignored","floor":19,"damage_taken":0},{"event_name":"Cursed Tome","player_choice":"Obtained Book","floor":20,"damage_taken":0}],"boss_relics":[{"not_picked":["Tiny House","White Beast Statue"],"picked":"Cursed Key"}],"potions_floor_spawned":[1,5,8,18],"seed_played":"-4465855178654936972","killed_by":"Centurion and Healer","ascension_level":0,"is_trial":false}