{"gold_per_floor":[16,16,16,41,66,66,86,86,86,129,57,77,77,101,101,230,230,243,216,59,59,75,90,109,109,161,173,206,236,248,273,285,428,440,465,498,526,1537,880,880,38,38,61,81,96,96,96,96,96,96],"floor_reached":51,"playtime":1523,"items_purged":["Normality","Normality"],"score":703,"play_id":"b859a697-9d97-4e64-9f19-ada999f28716","local_time":"20190618232538","is_ascension_mode":false,"campfire_choices":[{"data":"Dualcast","floor":6,"key":"SMITH"},{"data":"Beam Cell","floor":8,"key":"SMITH"},{"data":"Zap","floor":13,"key":"SMITH"},{"data":"Reinforced Body","floor":15,"key":"SMITH"},{"data":"Sweeping Beam","floor":25,"key":"SMITH"},{"data":"Undo","floor":27,"key":"SMITH"},{"data":"BootSequence","floor":30,"key":"SMITH"},{"data":"Glacier","floor":32,"key":"SMITH"},{"data":"Panacea","floor":40,"key":"SMITH"},{"data":"Chill","floor":42,"key":"SMITH"},{"data":"Core Surge","floor":47,"key":"SMITH"},{"data":"Ball Lightning","floor":49,"key":"SMITH"}],"neow_cost":"NO_GOLD","seed_source_timestamp":47101179631898,"circlet_count":0,"master_deck":["Strike_B","Strike_B","Strike_B","Defend_B","Defend_B","Defend_B","Zap+1","Dualcast+1","Beam Cell+1","Sweeping Beam+1","Ball Lightning+1","Reinforced Body+1","Glacier+1","Undo+1","Self Repair+1","Storm+1","Core Surge+1","BootSequence+1","Defragment+1","Electrodynamics+1","Shame","Biased Cognition+1","Self Repair+1","Creative AI+1","Panacea+1","Chill+1","Coolheaded+1"],"relics":["Cracked Core","Frozen Egg 2","Golden Idol","Darkstone Periapt","Regal Pillow","Philosopher\u0027s Stone","Emotion Chip","MawBank","Coffee Dripper","Runic Capacitor","Art of War","Pen Nib","Turnip","Oddly Smooth Stone","Sling","Ancient Tea Set"],"potions_floor_usage":[50,50,50,50,50],"damage_taken":[{"damage":0,"enemies":"Small Slimes","floor":1,"turns":3},{"damage":1,"enemies":"2 Louse","floor":4,"turns":2},{"damage":0,"enemies":"Jaw Worm","floor":5,"turns":2},{"damage":4,"enemies":"Gremlin Gang","floor":7,"turns":3},{"damage":3,"enemies":"Gremlin Nob","floor":10,"turns":4},{"damage":0,"enemies":"Exordium Wildlife","floor":12,"turns":3},{"damage":2,"enemies":"Large Slime","floor":14,"turns":4},{"damage":25,"enemies":"The Guardian","floor":16,"turns":10},{"damage":5,"enemies":"3 Byrds","floor":18,"turns":4},{"damage":13,"enemies":"2 Thieves","floor":19,"turns":5},{"damage":16,"enemies":"Snecko","floor":22,"turns":3},{"damage":0,"enemies":"Shelled Parasite and Fungi","floor":23,"turns":2},{"damage":0,"enemies":"3 Cultists","floor":24,"turns":2},{"damage":4,"enemies":"Centurion and Healer","floor":28,"turns":5},{"damage":9,"enemies":"Cultist and Chosen","floor":29,"turns":3},{"damage":11,"enemies":"Snake Plant","floor":31,"turns":2},{"damage":49,"enemies":"Champ","floor":33,"turns":7},{"damage":12,"enemies":"3 Darklings","floor":35,"turns":4},{"damage":0,"enemies":"Orb Walker","floor":36,"turns":3},{"damage":17,"enemies":"Writhing Mass","floor":37,"turns":4},{"damage":0,"enemies":"4 Shapes","floor":44,"turns":2},{"damage":6,"enemies":"Transient","floor":45,"turns":5},{"damage":28,"enemies":"Awakened One","floor":50,"turns":6}],"seed_played":"4150688609104710681","potions_obtained":[{"floor":7,"key":"Dexterity Potion"},{"floor":10,"key":"FairyPotion"},{"floor":23,"key":"Weak Potion"},{"floor":24,"key":"Dexterity Potion"},{"floor":33,"key":"Block Potion"},{"floor":37,"key":"EntropicBrew"}],"is_trial":false,"path_per_floor":["M","?","?","M","M","R","M","R","T","E","$","M","R","M","R","B",null,"M","M","$","?","M","M","M","R","T","R","M","M","R","M","R","B",null,"M","M","M","?","$","R","$","R","T","M","M","?","R","?","R","B",null],"character_chosen":"DEFECT","items_purchased":["Self Repair+1","Electrodynamics+1","Runic Capacitor","Panacea","Art of War","Pen Nib","Turnip","Oddly Smooth Stone","Sling","Chill"],"campfire_rested":0,"item_purchase_floors":[11,20,39,39,39,39,41,41,41,41],"current_hp_per_floor":[75,72,54,53,53,53,49,49,49,46,46,56,56,64,64,49,75,75,72,72,78,62,72,81,81,81,81,81,81,81,70,70,41,81,81,81,81,93,93,93,93,93,93,93,93,83,83,83,83,75],"gold":96,"neow_bonus":"TRANSFORM_TWO_CARDS","is_prod":false,"is_daily":false,"chose_seed":false,"campfire_upgraded":12,"win_rate":0,"timestamp":1560871538,"path_taken":["M","?","?","M","M","R","M","R","T","E","?","M","R","?","R","BOSS","M","M","$","?","M","M","M","R","T","R","M","M","R","M","R","BOSS","M","M","M","?","$","R","$","R","T","M","M","?","R","?","R","BOSS"],"build_version":"2019-01-23","purchased_purges":2,"victory":true,"max_hp_per_floor":[75,75,75,75,75,75,75,75,75,75,75,75,75,75,75,75,75,75,75,75,81,81,81,81,81,81,81,81,81,81,81,81,81,81,81,81,81,93,93,93,93,93,93,93,93,93,93,93,93,93],"card_choices":[{"not_picked":["Cold Snap","Beam Cell"],"picked":"Ball Lightning","floor":1},{"not_picked":["Leap","Stack"],"picked":"Reinforced Body","floor":4},{"not_picked":["Stack","Barrage"],"picked":"Glacier","floor":5},{"not_picked":["Seek","Compile Driver"],"picked":"Undo","floor":7},{"not_picked":["Steam","Hello World+1","Sweeping Beam"],"picked":"SKIP","floor":10},{"not_picked":["Gash","Scrape"],"picked":"Storm+1","floor":12},{"not_picked":["Genetic Algorithm","Fusion","Rebound"],"picked":"SKIP","floor":14},{"not_picked":["All For One","Meteor Strike"],"picked":"Core Surge","floor":16},{"not_picked":["Conserve Battery","Go for the Eyes"],"picked":"BootSequence","floor":18},{"not_picked":["BootSequence+1","Cold Snap"],"picked":"Defragment+1","floor":19},{"not_picked":["Reinforced Body+1","Sweeping Beam","Rip and Tear"],"picked":"SKIP","floor":22},{"not_picked":["Hologram","Consume","Rebound+1"],"picked":"SKIP","floor":23},{"not_picked":["Beam Cell+1","Turbo","Hologram"],"picked":"SKIP","floor":24},{"not_picked":["Steam","Compile Driver"],"picked":"Biased Cognition+1","floor":28},{"not_picked":["Turbo","FTL","Coolheaded"],"picked":"SKIP","floor":29},{"not_picked":["Undo","Rebound+1"],"picked":"Self Repair+1","floor":31},{"not_picked":["Electrodynamics+1","Hyperbeam"],"picked":"Creative AI+1","floor":33},{"not_picked":["Rebound+1","Leap","Redo+1"],"picked":"SKIP","floor":35},{"not_picked":["Cold Snap+1","Ball Lightning+1","Beam Cell"],"picked":"SKIP","floor":36},{"not_picked":["Go for the Eyes","Undo","Sunder+1"],"picked":"SKIP","floor":37},{"not_picked":["Redo+1","Blizzard+1"],"picked":"Coolheaded+1","floor":44},{"not_picked":["Darkness+1","Go for the Eyes+1","Redo"],"picked":"SKIP","floor":45}],"player_experience":5426508,"relics_obtained":[{"floor":9,"key":"Darkstone Periapt"},{"floor":10,"key":"Regal Pillow"},{"floor":26,"key":"MawBank"},{"floor":43,"key":"Ancient Tea Set"}],"event_choices":[{"damage_healed":0,"gold_gain":0,"player_choice":"Success","damage_taken":3,"relics_obtained":["Frozen Egg 2"],"max_hp_gain":0,"max_hp_loss":0,"event_name":"Scrap Ooze","floor":2,"gold_loss":0},{"damage_healed":0,"gold_gain":0,"player_choice":"Take Damage","damage_taken":18,"relics_obtained":["Golden Idol"],"max_hp_gain":0,"max_hp_loss":0,"event_name":"Golden Idol","floor":3,"gold_loss":0},{"damage_healed":0,"gold_gain":0,"player_choice":"Stole Relic","damage_taken":0,"relics_obtained":["Emotion Chip"],"max_hp_gain":0,"max_hp_loss":0,"event_name":"Addict","floor":21,"gold_loss":0,"cards_obtained":["Shame"]},{"damage_healed":0,"gold_gain":999,"player_choice":"Gold","damage_taken":0,"max_hp_gain":0,"max_hp_loss":0,"event_name":"MindBloom","floor":38,"gold_loss":0,"cards_obtained":["Normality","Normality"]},{"damage_healed":0,"gold_gain":0,"player_choice":"Memory 3","damage_taken":10,"max_hp_gain":0,"max_hp_loss":0,"event_name":"SensoryStone","floor":46,"gold_loss":0},{"damage_healed":0,"gold_gain":0,"player_choice":"Ignored","damage_taken":0,"max_hp_gain":0,"max_hp_loss":0,"event_name":"The Moai Head","floor":48,"gold_loss":0}],"is_beta":false,"boss_relics":[{"not_picked":["FrozenCore","Calling Bell"],"picked":"Philosopher\u0027s Stone"},{"not_picked":["Black Star","Sozu"],"picked":"Coffee Dripper"}],"items_purged_floors":[39,41],"is_endless":false,"potions_floor_spawned":[7,10,23,24,28,33,36,37,45],"ascension_level":0}