{"gold_per_floor":[118,118,135,145,164,164,178,205,262,262,278,303,228,262,262,340,340,280,260,260,260,260,260,65,65,65,65,65,65,65,65,65,65],"floor_reached":33,"playtime":1287,"items_purged":["Strike_G"],"score":453,"play_id":"f46d367e-83c6-4935-a954-06b9a522abfe","local_time":"20180916225313","is_ascension_mode":true,"campfire_choices":[{"data":"Neutralize","floor":6,"key":"SMITH"},{"data":"Masterful Stab","floor":10,"key":"SMITH"},{"data":"Crippling Poison","floor":15,"key":"SMITH"},{"data":"Burst","floor":23,"key":"SMITH"},{"data":"After Image","floor":25,"key":"SMITH"},{"data":"Adrenaline","floor":27,"key":"SMITH"},{"data":"Noxious Fumes","floor":32,"key":"SMITH"}],"neow_cost":"TEN_PERCENT_HP_LOSS","seed_source_timestamp":13790855915005,"circlet_count":0,"master_deck":["Defend_G","Defend_G","Defend_G","Defend_G+1","Defend_G","Strike_G","Strike_G","Strike_G","Strike_G","Survivor","Neutralize+1","AscendersBane","Escape Plan+1","Masterful Stab+1","Backflip","Masterful Stab","Backstab","Backstab","Crippling Poison+1","Deflect","After Image+1","Burst+1","Adrenaline+1","Acrobatics","Well Laid Plans","Noxious Fumes+1","Necronomicurse"],"relics":["Ring of the Snake","Thread and Needle","Juzu Bracelet","Tiny Chest","Odd Mushroom","Strawberry","Ectoplasm","War Paint","Dodecahedron","Necronomicon"],"potions_floor_usage":[8,8,8,22,22,22,29,31,33],"damage_taken":[{"damage":0,"enemies":"2 Louse","floor":1,"turns":3},{"damage":4,"enemies":"Jaw Worm","floor":3,"turns":6},{"damage":0,"enemies":"Cultist","floor":4,"turns":3},{"damage":0,"enemies":"Red Slaver","floor":5,"turns":4},{"damage":0,"enemies":"Blue Slaver","floor":7,"turns":3},{"damage":7,"enemies":"Lagavulin","floor":8,"turns":5},{"damage":0,"enemies":"3 Louse","floor":11,"turns":2},{"damage":0,"enemies":"The Mushroom Lair","floor":12,"turns":2},{"damage":2,"enemies":"3 Sentries","floor":14,"turns":8},{"damage":4,"enemies":"The Guardian","floor":16,"turns":14},{"damage":12,"enemies":"2 Thieves","floor":18,"turns":5},{"damage":12,"enemies":"Spheric Guardian","floor":21,"turns":8},{"damage":0,"enemies":"Chosen and Byrds","floor":22,"turns":8},{"damage":0,"enemies":"Centurion and Healer","floor":28,"turns":6},{"damage":0,"enemies":"Sentry and Sphere","floor":29,"turns":4},{"damage":3,"enemies":"Cultist and Chosen","floor":31,"turns":6},{"damage":41,"enemies":"Champ","floor":33,"turns":16}],"seed_played":"-7310221148208431091","potions_obtained":[{"floor":4,"key":"Fire Potion"},{"floor":5,"key":"Dexterity Potion"},{"floor":7,"key":"EntropicBrew"},{"floor":16,"key":"LiquidBronze"},{"floor":19,"key":"EntropicBrew"},{"floor":22,"key":"Energy Potion"},{"floor":29,"key":"Regen Potion"}],"is_trial":false,"path_per_floor":["M","?","M","M","M","R","M","E","T","R","M","?","$","E","R","B",null,"M","?","?","M","M","R","$","R","T","R","M","M","?","M","R"],"character_chosen":"THE_SILENT","items_purchased":["War Paint","Well Laid Plans"],"campfire_rested":0,"item_purchase_floors":[24,24],"current_hp_per_floor":[59,59,55,55,55,55,55,48,48,48,48,48,48,53,53,49,63,51,51,51,39,39,39,39,39,39,39,39,39,18,30,30,0],"gold":65,"neow_bonus":"ONE_RARE_RELIC","is_prod":false,"is_daily":false,"chose_seed":false,"campfire_upgraded":7,"win_rate":0,"timestamp":1537109593,"path_taken":["M","?","M","M","M","R","?","E","T","R","M","?","$","E","R","BOSS","M","?","?","M","M","R","$","R","T","R","M","M","?","M","R","BOSS"],"build_version":"2018-09-12","purchased_purges":1,"victory":false,"max_hp_per_floor":[60,60,60,60,60,60,60,60,60,60,60,60,60,67,67,67,67,67,67,67,67,67,67,67,67,67,67,67,67,67,67,67,67],"card_choices":[{"not_picked":["Outmaneuver","Blade Dance"],"picked":"Escape Plan","floor":1},{"not_picked":["Acrobatics","Doppelganger"],"picked":"Masterful Stab","floor":3},{"not_picked":["Deadly Poison","Slice"],"picked":"Backflip","floor":4},{"not_picked":["Dagger Throw","Deadly Poison"],"picked":"Masterful Stab","floor":5},{"not_picked":["Blade Dance","Cloak And Dagger"],"picked":"Backstab","floor":7},{"not_picked":["Endless Agony","Dagger Spray"],"picked":"Backstab","floor":8},{"not_picked":["Quick Slash","Outmaneuver"],"picked":"Crippling Poison","floor":11},{"not_picked":["Underhanded Strike","Blade Dance"],"picked":"Deflect","floor":12},{"not_picked":["Sucker Punch","Blade Dance"],"picked":"After Image","floor":14},{"not_picked":["Tools of the Trade","Malaise"],"picked":"Burst","floor":16},{"not_picked":["Distraction","Caltrops","Finisher+1"],"picked":"SKIP","floor":18},{"not_picked":["Backstab","Sucker Punch"],"picked":"Acrobatics","floor":21},{"not_picked":["Deflect","Crippling Poison+1","Predator"],"picked":"SKIP","floor":22},{"not_picked":["Deflect","Underhanded Strike","Masterful Stab"],"picked":"SKIP","floor":28},{"not_picked":["Venomology","Choke"],"picked":"Noxious Fumes","floor":29},{"not_picked":["Bane","Quick Slash","Flechettes"],"picked":"SKIP","floor":31}],"player_experience":965180,"relics_obtained":[{"floor":8,"key":"Juzu Bracelet"},{"floor":9,"key":"Tiny Chest"},{"floor":12,"key":"Odd Mushroom"},{"floor":14,"key":"Strawberry"},{"floor":26,"key":"Dodecahedron"},{"floor":30,"key":"Necronomicon"}],"event_choices":[{"event_name":"Liars Game","player_choice":"disagreed","floor":2,"damage_taken":0},{"event_name":"Mushrooms","player_choice":"Fought Mushrooms","floor":12,"damage_taken":0},{"event_name":"The Woman in Blue","player_choice":"Bought 1 Potion","floor":19,"damage_taken":0},{"event_name":"Match and Keep!","player_choice":"1 cards matched","floor":20,"damage_taken":0},{"event_name":"Cursed Tome","player_choice":"Obtained Book","floor":30,"damage_taken":0}],"is_beta":true,"boss_relics":[{"not_picked":["Velvet Choker","Runic Pyramid"],"picked":"Ectoplasm"}],"items_purged_floors":[13],"is_endless":false,"potions_floor_spawned":[4,5,7,16,22,28,29],"killed_by":"Champ","ascension_level":15}