{"gold_per_floor":[20,20,41,41,41,77,146,146,172,172,193,208,208,229,229,360,360,373,373,298,313,213,244,244,268,295,295,295,170,208,231,231,359,359,378,391,241,241,66,66,87,87,87,87,87,105,125,160,160,160],"floor_reached":51,"playtime":1388,"items_purged":["Strike_B","Strike_B","Strike_B","Defend_B","Streamline"],"score":938,"play_id":"deada8c0-b80f-49a8-a41c-4a7364dda7f1","local_time":"20190612172330","is_ascension_mode":false,"campfire_choices":[{"floor":8.0,"key":"REST"},{"data":"Darkness","floor":10.0,"key":"SMITH"},{"data":"Loop","floor":13.0,"key":"SMITH"},{"data":"Multi-Cast","floor":15.0,"key":"SMITH"},{"data":"Buffer","floor":24.0,"key":"SMITH"},{"data":"Dualcast","floor":28.0,"key":"SMITH"},{"data":"White Noise","floor":32.0,"key":"SMITH"},{"data":"Ghostly","floor":40,"key":"SMITH"},{"data":"Ghostly","floor":42,"key":"SMITH"},{"data":"Ghostly","floor":44,"key":"SMITH"},{"data":"Ghostly","floor":49,"key":"SMITH"}],"neow_cost":"NO_GOLD","seed_source_timestamp":24008436000812,"circlet_count":0,"master_deck":["Zap","Dualcast+1","White Noise+1","Darkness+1","Loop+1","Multi-Cast+1","Buffer+1","Ghostly+1","Ghostly+1","Ghostly+1","Ghostly+1","Ghostly"],"special_seed":0,"relics":["Cracked Core","Golden Idol","Thread and Needle","Centennial Puzzle","Omamori","Nuclear Battery","Calipers","Dream Catcher","FaceOfCleric","Bag of Marbles","Velvet Choker","The Courier","Mummified Hand"],"potions_floor_usage":[45,50],"damage_taken":[{"damage":0.0,"enemies":"Small Slimes","floor":1.0,"turns":3.0},{"damage":1.0,"enemies":"Jaw Worm","floor":3.0,"turns":3.0},{"damage":13.0,"enemies":"3 Sentries","floor":6.0,"turns":5.0},{"damage":27.0,"enemies":"Gremlin Nob","floor":7.0,"turns":4.0},{"damage":0.0,"enemies":"2 Louse","floor":11.0,"turns":2.0},{"damage":4.0,"enemies":"2 Fungi Beasts","floor":12.0,"turns":4.0},{"damage":0.0,"enemies":"Large Slime","floor":14.0,"turns":3.0},{"damage":20.0,"enemies":"Hexaghost","floor":16.0,"turns":5.0},{"damage":0.0,"enemies":"2 Thieves","floor":18.0,"turns":4.0},{"damage":0.0,"enemies":"Shell Parasite","floor":21.0,"turns":6.0},{"damage":0.0,"enemies":"Book of Stabbing","floor":23.0,"turns":5.0},{"damage":0.0,"enemies":"Centurion and Healer","floor":25.0,"turns":5.0},{"damage":0.0,"enemies":"Slavers","floor":30.0,"turns":4.0},{"damage":0.0,"enemies":"Snecko","floor":31.0,"turns":4.0},{"damage":0,"enemies":"Automaton","floor":33,"turns":7},{"damage":0,"enemies":"3 Darklings","floor":35,"turns":3},{"damage":0,"enemies":"3 Shapes","floor":36,"turns":5},{"damage":0,"enemies":"Transient","floor":41,"turns":5},{"damage":0,"enemies":"4 Shapes","floor":46,"turns":4},{"damage":0,"enemies":"Writhing Mass","floor":47,"turns":4},{"damage":0,"enemies":"Giant Head","floor":48,"turns":5},{"damage":0,"enemies":"Time Eater","floor":50,"turns":6}],"seed_played":"3510330489098514879","potions_obtained":[{"floor":3.0,"key":"AttackPotion"},{"floor":7.0,"key":"FocusPotion"},{"floor":11.0,"key":"SkillPotion"},{"floor":14.0,"key":"Strength Potion"},{"floor":21.0,"key":"SteroidPotion"},{"floor":30.0,"key":"EssenceOfSteel"},{"floor":33,"key":"GamblersBrew"},{"floor":45,"key":"Fruit Juice"},{"floor":45,"key":"Ancient Potion"}],"is_trial":false,"path_per_floor":["M","?","M","?","?","E","?","R","T","R","M","M","R","M","R","B",null,"M","?","$","M","$","E","R","M","T","?","R","$","E","M","R","B",null,"M","M","$","?","$","R","M","R","T","R","?","M","M","E","R","B",null],"character_chosen":"DEFECT","items_purchased":[],"campfire_rested":1,"item_purchase_floors":[],"current_hp_per_floor":[75,57,56,56,49,36,9,31,31,31,31,27,27,27,27,7,75,75,37,37,37,37,37,37,37,37,37,37,37,38,39,39,40,40,41,42,42,42,42,42,43,43,43,43,48,49,50,51,51,52],"gold":160,"neow_bonus":"REMOVE_TWO","is_prod":false,"is_daily":false,"chose_seed":false,"campfire_upgraded":10,"win_rate":0,"timestamp":1560331410,"path_taken":["M","?","M","?","?","E","?","R","T","R","M","M","R","M","R","BOSS","M","?","$","M","$","E","R","M","T","?","R","$","E","?","R","BOSS","M","M","$","?","?","R","M","R","T","R","?","?","M","E","R","BOSS"],"build_version":"2019-01-23","purchased_purges":5,"victory":true,"max_hp_per_floor":[75,75,75,75,75,75,75,75,75,75,75,75,75,75,75,75,75,75,37,37,37,37,37,37,37,37,37,37,37,38,39,39,40,40,41,42,42,42,42,42,43,43,43,43,48,49,50,51,51,52],"card_choices":[{"not_picked":["Compile Driver","Go for the Eyes"],"picked":"Streamline","floor":1.0},{"not_picked":["Hologram","Aggregate"],"picked":"White Noise","floor":3.0},{"not_picked":["Storm","Rebound","Static Discharge"],"picked":"SKIP","floor":6.0},{"not_picked":["Chaos","Steam"],"picked":"Darkness","floor":7.0},{"not_picked":["Self Repair","Sunder"],"picked":"Loop","floor":11.0},{"not_picked":["Tempest","Loop"],"picked":"Multi-Cast","floor":12.0},{"not_picked":["Ball Lightning","Stack","Cold Snap"],"picked":"SKIP","floor":14.0},{"not_picked":["All For One","Hyperbeam"],"picked":"Buffer","floor":16.0},{"not_picked":["Compile Driver","Streamline","Chaos+1"],"picked":"SKIP","floor":18.0},{"not_picked":["Reprogram","Steam","Chaos+1"],"picked":"SKIP","floor":21.0},{"not_picked":["Coolheaded","Cold Snap","Leap"],"picked":"SKIP","floor":23.0},{"not_picked":["Gash","Turbo","Leap+1"],"picked":"SKIP","floor":25.0},{"not_picked":["Double Energy","Rip and Tear","Leap"],"picked":"SKIP","floor":30.0},{"not_picked":["Static Discharge","Aggregate","Stack"],"picked":"SKIP","floor":31.0},{"not_picked":["Force Field","Scrape+1","Defragment+1"],"picked":"SKIP","floor":35},{"not_picked":["Hello World","Cold Snap","Hologram"],"picked":"SKIP","floor":36},{"not_picked":["Sweeping Beam+1","Steam","Lockon"],"picked":"SKIP","floor":41},{"not_picked":["Auto Shields+1","Coolheaded","Storm"],"picked":"SKIP","floor":46},{"not_picked":["Chaos+1","Gash+1","Cold Snap+1"],"picked":"SKIP","floor":47},{"not_picked":["Echo Form","Compile Driver+1","Undo+1"],"picked":"SKIP","floor":48},{"not_picked":["Echo Form","Compile Driver+1","Undo+1"],"picked":"SKIP","floor":48}],"player_experience":5109243,"relics_obtained":[{"floor":6.0,"key":"Thread and Needle"},{"floor":7.0,"key":"Centennial Puzzle"},{"floor":9.0,"key":"Omamori"},{"floor":23.0,"key":"Calipers"},{"floor":26.0,"key":"Dream Catcher"},{"floor":30.0,"key":"Bag of Marbles"},{"floor":43,"key":"The Courier"},{"floor":48,"key":"Mummified Hand"}],"event_choices":[{"damage_healed":0.0,"max_hp_gain":0.0,"max_hp_loss":0.0,"gold_gain":0.0,"event_name":"Golden Idol","player_choice":"Take Damage","floor":2.0,"gold_loss":0.0,"damage_taken":18.0,"relics_obtained":["Golden Idol"]},{"damage_healed":0.0,"max_hp_gain":0.0,"max_hp_loss":0.0,"gold_gain":0.0,"event_name":"Liars Game","player_choice":"Ignored","floor":4.0,"gold_loss":0.0,"damage_taken":0.0},{"cards_removed":["Strike_B"],"damage_healed":0.0,"max_hp_gain":0.0,"max_hp_loss":0.0,"gold_gain":0.0,"event_name":"Golden Wing","player_choice":"Card Removal","floor":5.0,"gold_loss":0.0,"damage_taken":7.0},{"damage_healed":0.0,"max_hp_gain":0.0,"max_hp_loss":0.0,"gold_gain":30.0,"event_name":"Dead Adventurer","player_choice":"Searched \u00272\u0027 times","floor":7.0,"gold_loss":0.0,"damage_taken":0.0},{"damage_healed":0.0,"max_hp_gain":0.0,"max_hp_loss":38.0,"gold_gain":0.0,"event_name":"Ghosts","player_choice":"Became a Ghost","floor":19.0,"gold_loss":0.0,"damage_taken":0.0,"cards_obtained":["Ghostly","Ghostly","Ghostly","Ghostly","Ghostly"]},{"damage_healed":0.0,"max_hp_gain":0.0,"max_hp_loss":0.0,"gold_gain":0.0,"event_name":"FaceTrader","player_choice":"Trade","floor":27.0,"gold_loss":0.0,"damage_taken":0.0,"relics_obtained":["FaceOfCleric"]},{"cards_removed":["Defend_B"],"damage_healed":0,"gold_gain":0,"player_choice":"Offered Basic","damage_taken":0,"max_hp_gain":0,"max_hp_loss":0,"event_name":"Bonfire Elementals","floor":38,"gold_loss":0},{"damage_healed":0,"gold_gain":0,"player_choice":"Got Potions","damage_taken":0,"max_hp_gain":0,"max_hp_loss":0,"event_name":"Lab","floor":45,"gold_loss":0}],"is_beta":false,"boss_relics":[{"not_picked":["Pandora\u0027s Box","Orrery"],"picked":"Nuclear Battery"},{"not_picked":["Coffee Dripper","Calling Bell"],"picked":"Velvet Choker"}],"items_purged_floors":[20,22,29,37,39],"is_endless":false,"potions_floor_spawned":[3,7,11,14,21,30,31,33,35,47],"ascension_level":0}