{"gold_per_floor":[113,63,63,73,89,119,119,136,190,200,200,217,248,262,262,337,337,352,365,378,2,2,2,12,45,72,72,18,35,49,79,79,153,153,163,107,27,27,76,107,162,62,62,82,102,117,217,0,0,0,0],"floor_reached":52,"playtime":2530,"items_purged":["Strike_G","Slice"],"score":2268,"play_id":"382f7024-0fd8-40ec-842c-5e80d76606d5","local_time":"20190216225301","is_ascension_mode":true,"campfire_choices":[{"floor":7.0,"key":"REST"},{"floor":11.0,"key":"REST"},{"data":"Wraith Form v2","floor":15.0,"key":"SMITH"},{"data":"Well Laid Plans","floor":23,"key":"SMITH"},{"data":"Neutralize","floor":27,"key":"SMITH"},{"floor":32,"key":"RECALL"},{"data":"Envenom","floor":49,"key":"SMITH"}],"neow_cost":"NONE","seed_source_timestamp":23349162991244,"circlet_count":0,"master_deck":["AscendersBane","Survivor+1","Neutralize+1","Deadly Poison+1","Doppelganger+1","Bouncing Flask+1","Catalyst+1","Wraith Form v2+1","Crippling Poison+1","Acrobatics+1","Well Laid Plans+1","Calculated Gamble+1","Doppelganger+1","Acrobatics+1","Outmaneuver+1","Tactician+1","Calculated Gamble+1","Flying Knee","Envenom+1","Eviscerate","Accuracy","Doppelganger+1","Bane","Backflip+1","Blur+1","Backflip+1","Backflip+1"],"special_seed":0,"relics":["Ring of the Snake","NeowsBlessing","Toxic Egg 2","PreservedInsect","Bag of Preparation","Coffee Dripper","OrangePellets","Pantograph","Sundial","Pandora\u0027s Box","The Specimen","War Paint","Boot","Bottled Tornado","Incense Burner","Red Mask"],"potions_floor_usage":[25,51],"damage_taken":[{"damage":0.0,"enemies":"2 Louse","floor":1.0,"turns":1.0},{"damage":0.0,"enemies":"Cultist","floor":4.0,"turns":1.0},{"damage":0.0,"enemies":"Jaw Worm","floor":5.0,"turns":1.0},{"damage":46.0,"enemies":"3 Sentries","floor":6.0,"turns":11.0},{"damage":18.0,"enemies":"Red Slaver","floor":8.0,"turns":4.0},{"damage":7.0,"enemies":"Lots of Slimes","floor":10.0,"turns":6.0},{"damage":0.0,"enemies":"2 Fungi Beasts","floor":12.0,"turns":3.0},{"damage":10.0,"enemies":"Lagavulin","floor":13.0,"turns":4.0},{"damage":6.0,"enemies":"Looter","floor":14.0,"turns":3.0},{"damage":0.0,"enemies":"Hexaghost","floor":16.0,"turns":5.0},{"damage":19,"enemies":"2 Thieves","floor":18,"turns":3},{"damage":0,"enemies":"Chosen","floor":19,"turns":3},{"damage":3,"enemies":"Snake Plant","floor":20,"turns":4},{"damage":0,"enemies":"Snecko","floor":24,"turns":3},{"damage":0,"enemies":"Slavers","floor":25,"turns":5},{"damage":2,"enemies":"Centurion and Healer","floor":29,"turns":6},{"damage":3,"enemies":"Snake Plant","floor":30,"turns":4},{"damage":0,"enemies":"Book of Stabbing","floor":31,"turns":3},{"damage":0,"enemies":"Champ","floor":33,"turns":5},{"damage":9,"enemies":"3 Shapes","floor":35,"turns":2},{"damage":16,"enemies":"2 Orb Walkers","floor":39,"turns":4},{"damage":0,"enemies":"Nemesis","floor":40,"turns":4},{"damage":0,"enemies":"Orb Walker","floor":44,"turns":3},{"damage":0,"enemies":"4 Shapes","floor":45,"turns":4},{"damage":0,"enemies":"Maw","floor":46,"turns":4},{"damage":0,"enemies":"Mind Bloom Boss Battle","floor":47,"turns":4},{"damage":5,"enemies":"Time Eater","floor":50,"turns":8},{"damage":5,"enemies":"Awakened One","floor":51,"turns":10}],"seed_played":"-7552152228043754780","potions_obtained":[{"floor":1.0,"key":"PowerPotion"},{"floor":6.0,"key":"EssenceOfSteel"},{"floor":10.0,"key":"FearPotion"},{"floor":12.0,"key":"LiquidBronze"},{"floor":13.0,"key":"Swift Potion"},{"floor":14.0,"key":"EssenceOfSteel"},{"floor":18,"key":"SkillPotion"},{"floor":25,"key":"Swift Potion"}],"is_trial":false,"path_per_floor":["M","$","?","M","M","E","R","M","T","M","R","M","E","M","R","B",null,"M","M","M","$","?","R","M","E","T","R","$","M","M","E","R","B",null,"M","$","$","?","?","E","T","$","T","M","M","M","?","?","R","B","B",null],"character_chosen":"THE_SILENT","items_purchased":["Deadly Poison","OrangePellets","Well Laid Plans","Acrobatics+1","Backflip+1","Blur+1"],"campfire_rested":2,"item_purchase_floors":[2,21,21,28,36,37],"current_hp_per_floor":[59,59,59,59,59,13,32,14,14,7,26,26,16,10,10,10,52,33,33,30,30,30,30,30,30,30,30,30,28,25,25,25,50,62,53,53,53,53,37,37,37,37,37,37,37,37,62,62,62,61,61],"gold":0,"neow_bonus":"THREE_ENEMY_KILL","is_prod":false,"is_daily":false,"chose_seed":false,"campfire_upgraded":4,"win_rate":0,"timestamp":1550328781,"path_taken":["M","$","?","?","M","E","R","M","T","M","R","?","E","M","R","BOSS","M","?","M","$","?","R","M","E","T","R","$","M","?","E","R","BOSS","M","?","$","?","?","E","?","?","T","M","?","M","?","?","R","BOSS","BOSS"],"build_version":"2019-01-23","purchased_purges":2,"victory":true,"max_hp_per_floor":[66,66,66,66,66,66,66,66,66,66,66,66,66,66,66,66,66,66,66,66,66,66,66,66,66,66,66,66,66,66,66,66,66,66,66,66,66,66,66,66,66,66,66,66,66,66,66,66,66,66,66],"card_choices":[{"not_picked":["Skewer","Deflect","Flying Knee"],"picked":"SKIP","floor":1.0},{"not_picked":["Sucker Punch","Accuracy","Deadly Poison"],"picked":"SKIP","floor":4.0},{"not_picked":["Eviscerate","Dagger Spray","Deadly Poison"],"picked":"SKIP","floor":5.0},{"not_picked":["Underhanded Strike","Bane"],"picked":"Doppelganger","floor":6.0},{"not_picked":["Deflect+1","Blade Dance+1"],"picked":"Bouncing Flask+1","floor":8.0},{"not_picked":["Poisoned Stab","Endless Agony","Cloak And Dagger+1"],"picked":"SKIP","floor":10.0},{"not_picked":["Bane","Terror+1"],"picked":"Catalyst+1","floor":12.0},{"not_picked":["Slice","Caltrops"],"picked":"Wraith Form v2","floor":13.0},{"not_picked":["Dagger Spray","Cloak And Dagger+1"],"picked":"Crippling Poison+1","floor":14.0},{"not_picked":["Bane+1","Caltrops"],"picked":"Acrobatics+1","floor":18},{"not_picked":["Accuracy","Poisoned Stab","Predator"],"picked":"SKIP","floor":19},{"not_picked":["Footwork+1","Predator","Deflect+1"],"picked":"SKIP","floor":20},{"not_picked":["Dodge and Roll+1","Prepared+1"],"picked":"Calculated Gamble+1","floor":24},{"not_picked":["Cloak And Dagger+1","Slice"],"picked":"Doppelganger+1","floor":25},{"not_picked":["Backflip+1","Prepared+1"],"picked":"Outmaneuver+1","floor":29},{"not_picked":["Quick Slash","Backflip+1"],"picked":"Tactician+1","floor":30},{"not_picked":["Tools of the Trade","Deadly Poison+1"],"picked":"Calculated Gamble+1","floor":31},{"not_picked":["PiercingWail+1","Crippling Poison+1","Outmaneuver+1"],"picked":"SKIP","floor":35},{"not_picked":["Bane","Dash"],"picked":"Backflip+1","floor":40},{"not_picked":["Flying Knee","Prepared+1"],"picked":"Backflip+1","floor":44},{"not_picked":["Predator+1","Dagger Throw+1","Deflect+1"],"picked":"SKIP","floor":45},{"not_picked":["Deadly Poison+1","Blade Dance+1","Footwork"],"picked":"SKIP","floor":46}],"player_experience":1463052,"relics_obtained":[{"floor":6.0,"key":"Toxic Egg 2"},{"floor":9.0,"key":"PreservedInsect"},{"floor":13.0,"key":"Bag of Preparation"},{"floor":25,"key":"Pantograph"},{"floor":31,"key":"Sundial"},{"floor":39,"key":"The Specimen"},{"floor":40,"key":"War Paint"},{"floor":41,"key":"Boot"},{"floor":43,"key":"Bottled Tornado"},{"floor":47,"key":"Incense Burner"}],"event_choices":[{"damage_healed":0.0,"max_hp_gain":0.0,"max_hp_loss":0.0,"gold_gain":0.0,"event_name":"Accursed Blacksmith","player_choice":"Forge","floor":3.0,"gold_loss":0.0,"damage_taken":0.0,"cards_upgraded":["Deadly Poison"]},{"cards_removed":["Strike_G"],"damage_healed":0,"gold_gain":0,"player_choice":"Offered Basic","damage_taken":0,"max_hp_gain":0,"max_hp_loss":0,"event_name":"Bonfire Elementals","floor":22,"gold_loss":0},{"cards_removed":["Eviscerate"],"damage_healed":0,"gold_gain":0,"player_choice":"Removed Attack","damage_taken":0,"max_hp_gain":0,"max_hp_loss":0,"event_name":"Falling","floor":38,"gold_loss":0},{"damage_healed":0,"gold_gain":0,"player_choice":"Fight","damage_taken":0,"max_hp_gain":0,"max_hp_loss":0,"event_name":"Mysterious Sphere","floor":39,"gold_loss":0},{"damage_healed":0,"gold_gain":0,"player_choice":"Fight","damage_taken":0,"max_hp_gain":0,"max_hp_loss":0,"event_name":"MindBloom","floor":47,"gold_loss":0},{"damage_healed":0,"gold_gain":0,"player_choice":"Paid","damage_taken":0,"relics_obtained":["Red Mask"],"max_hp_gain":0,"max_hp_loss":0,"event_name":"Tomb of Lord Red Mask","floor":48,"gold_loss":217}],"is_beta":false,"boss_relics":[{"not_picked":["Runic Pyramid","Sozu"],"picked":"Coffee Dripper"},{"not_picked":["Velvet Choker","White Beast Statue"],"picked":"Pandora\u0027s Box"}],"items_purged_floors":[21,42],"is_endless":false,"potions_floor_spawned":[1,6,10,12,13,14,18,24,25,31,45,46,47],"ascension_level":20}