{"gold_per_floor":[112,112,126,201,226,300,300,320,320,21,48,68,68,96,96,173,173,189,200,212,212,212,212,2,30,30,30,130,160,75,89,89,162,162,177,227,32,384,401,401,401,401,427,454,454,488,413,439,439,439,439,439,439,10,37,37],"floor_reached":57,"playtime":4524,"items_purged":["Strike_B","Sunder+1"],"score":3306,"play_id":"98dce1ec-2258-42e1-94b5-0d8f75b12760","local_time":"20190508130847","is_ascension_mode":true,"campfire_choices":[{"data":"Sunder","floor":7.0,"key":"SMITH"},{"data":"Dualcast","floor":13.0,"key":"SMITH"},{"data":"Zap","floor":15.0,"key":"SMITH"},{"data":"Turbo","floor":23.0,"key":"SMITH"},{"data":"Turbo","floor":27.0,"key":"SMITH"},{"data":"Turbo","floor":32.0,"key":"SMITH"},{"data":"Turbo","floor":40.0,"key":"SMITH"},{"data":"Turbo","floor":42.0,"key":"SMITH"},{"data":"Turbo","floor":45.0,"key":"SMITH"},{"floor":49.0,"key":"RECALL"},{"data":"Turbo","floor":53.0,"key":"SMITH"}],"neow_cost":"NONE","seed_source_timestamp":549807212060,"circlet_count":0,"master_deck":["AscendersBane","Defend_B","Defend_B","Defend_B","Zap+1","Dualcast+1","Beam Cell","Coolheaded","Turbo+1","Turbo+1","Core Surge","Turbo+1","Fusion+1","Ghostly","Ghostly","Ghostly","Genetic Algorithm","Turbo+1","Gash","Meteor Strike","Go for the Eyes","Go for the Eyes+1","Turbo+1","Gash","Creative AI","Heatsinks","Glacier","Steam","Turbo+1","Turbo+1","Panacea","All For One","Turbo+1","BootSequence","Double Energy","Double Energy"],"special_seed":0,"relics":["Empty Cage","Unceasing Top","Oddly Smooth Stone","Kunai","Cables","Medical Kit","Blood Vial","Odd Mushroom","Pear","Nuclear Battery","Strange Spoon","Dodecahedron","StoneCalendar","Mercury Hourglass","Gremlin Horn","Question Card","Orrery","Old Coin","Potion Belt","Symbiotic Virus","Girya","Singing Bowl","Bag of Preparation","Bottled Lightning"],"potions_floor_usage":[56,56,56,56],"damage_taken":[{"damage":10.0,"enemies":"Small Slimes","floor":1.0,"turns":5.0},{"damage":7.0,"enemies":"Cultist","floor":3.0,"turns":4.0},{"damage":0.0,"enemies":"Jaw Worm","floor":8.0,"turns":2.0},{"damage":18.0,"enemies":"3 Sentries","floor":11.0,"turns":6.0},{"damage":0.0,"enemies":"The Mushroom Lair","floor":12.0,"turns":2.0},{"damage":14.0,"enemies":"Lagavulin","floor":14.0,"turns":5.0},{"damage":5.0,"enemies":"Hexaghost","floor":16.0,"turns":9.0},{"damage":13.0,"enemies":"Shell Parasite","floor":18.0,"turns":5.0},{"damage":0.0,"enemies":"Spheric Guardian","floor":19.0,"turns":3.0},{"damage":0.0,"enemies":"3 Cultists","floor":20.0,"turns":2.0},{"damage":0.0,"enemies":"Slavers","floor":25.0,"turns":2.0},{"damage":0.0,"enemies":"Colosseum Slavers","floor":28.0,"turns":2.0},{"damage":0.0,"enemies":"Colosseum Nobs","floor":28.0,"turns":3.0},{"damage":0.0,"enemies":"Book of Stabbing","floor":29.0,"turns":2.0},{"damage":1.0,"enemies":"Snecko","floor":31.0,"turns":6.0},{"damage":0.0,"enemies":"Collector","floor":33.0,"turns":4.0},{"damage":4.0,"enemies":"Orb Walker","floor":35.0,"turns":3.0},{"damage":0.0,"enemies":"2 Orb Walkers","floor":38.0,"turns":5.0},{"damage":0.0,"enemies":"3 Shapes","floor":39.0,"turns":3.0},{"damage":2.0,"enemies":"Nemesis","floor":44.0,"turns":5.0},{"damage":0.0,"enemies":"Giant Head","floor":46.0,"turns":2.0},{"damage":0.0,"enemies":"Reptomancer","floor":48.0,"turns":2.0},{"damage":28.0,"enemies":"Time Eater","floor":50.0,"turns":12.0},{"damage":0.0,"enemies":"Awakened One","floor":51.0,"turns":5.0},{"damage":0.0,"enemies":"Shield and Spear","floor":55.0,"turns":2.0},{"damage":8,"enemies":"The Heart","floor":56,"turns":5}],"seed_played":"-6538351384346476341","potions_obtained":[{"floor":1.0,"key":"Explosive Potion"},{"floor":11.0,"key":"AttackPotion"},{"floor":12.0,"key":"EssenceOfSteel"},{"floor":14.0,"key":"Explosive Potion"},{"floor":20.0,"key":"Swift Potion"},{"floor":29.0,"key":"Energy Potion"},{"floor":39.0,"key":"FocusPotion"},{"floor":46.0,"key":"Fire Potion"},{"floor":48.0,"key":"Explosive Potion"},{"floor":55.0,"key":"LiquidBronze"}],"is_trial":false,"path_per_floor":["M","?","M","?","T","T","R","M","T","$","E","?","R","E","R","B",null,"M","M","M","?","?","R","$","E","T","R","?","E","?","M","R","B",null,"M","?","$","?","M","R","?","R","T","E","R","E","?","E","R","B","B",null,"R","$","E","B",null],"character_chosen":"DEFECT","items_purchased":["Medical Kit","Strange Spoon","Heatsinks","Glacier","Steam","SkillPotion","Dexterity Potion","Bag of Preparation","Dexterity Potion"],"campfire_rested":0,"item_purchase_floors":[10,24,37,37,37,54,54,54,54],"current_hp_per_floor":[54,54,47,36,36,36,36,36,36,36,18,20,20,18,18,15,65,54,56,58,58,40,40,40,40,40,40,40,40,40,39,39,40,40,36,36,36,38,40,40,40,40,40,38,38,40,40,42,42,14,16,36,36,36,38,32],"gold":37,"neow_bonus":"BOSS_RELIC","is_prod":false,"is_daily":false,"chose_seed":false,"campfire_upgraded":10,"win_rate":0,"timestamp":1557292127,"path_taken":["M","?","?","?","?","?","R","M","T","$","E","?","R","E","R","BOSS","M","M","M","?","?","R","$","E","T","R","?","E","?","M","R","BOSS","M","?","?","?","M","R","?","R","T","E","R","E","?","E","R","BOSS","BOSS","R","$","E","BOSS"],"build_version":"2019-01-23","purchased_purges":2,"victory":true,"max_hp_per_floor":[71,71,71,71,71,71,71,71,71,71,71,71,71,81,81,81,81,81,81,81,81,40,40,40,40,40,40,40,40,40,40,40,40,40,40,40,40,40,40,40,40,40,40,40,40,40,40,42,42,42,42,42,42,42,42,42],"card_choices":[{"not_picked":["Double Energy","Turbo"],"picked":"Sunder","floor":1.0},{"not_picked":["Compile Driver","Streamline"],"picked":"Beam Cell","floor":3.0},{"not_picked":["Steam","Redo"],"picked":"Coolheaded","floor":8.0},{"not_picked":["Darkness","Sweeping Beam","Tempest"],"picked":"SKIP","floor":11.0},{"not_picked":["Storm","Hyperbeam"],"picked":"Turbo","floor":12.0},{"not_picked":["Rip and Tear","Hologram"],"picked":"Turbo","floor":14.0},{"not_picked":["Hyperbeam","Echo Form"],"picked":"Core Surge","floor":16.0},{"not_picked":["Genetic Algorithm","Leap","Ball Lightning"],"picked":"SKIP","floor":18.0},{"not_picked":["Steam Power","Leap"],"picked":"Turbo","floor":19.0},{"not_picked":["Coolheaded","Genetic Algorithm"],"picked":"Fusion+1","floor":20.0},{"not_picked":["Beam Cell","Hologram"],"picked":"Genetic Algorithm","floor":25.0},{"not_picked":["Steam","Storm"],"picked":"Turbo","floor":28.0},{"not_picked":["Glacier","Blizzard"],"picked":"Gash","floor":29.0},{"not_picked":["Tempest","Loop","Coolheaded","Barrage"],"picked":"SKIP","floor":31.0},{"not_picked":["Hyperbeam","Amplify","Reboot"],"picked":"Meteor Strike","floor":33.0},{"not_picked":["Streamline","Leap","Ball Lightning"],"picked":"Go for the Eyes","floor":34.0},{"not_picked":["Conserve Battery","Glacier","Fusion"],"picked":"Go for the Eyes+1","floor":34.0},{"not_picked":["Defragment","Loop","Streamline"],"picked":"Turbo+1","floor":34.0},{"not_picked":["Chaos","Conserve Battery","Capacitor"],"picked":"Gash","floor":34.0},{"not_picked":["Gash+1","Go for the Eyes","Barrage+1"],"picked":"Creative AI","floor":35.0},{"not_picked":["Barrage","Sweeping Beam","Gash"],"picked":"Turbo","floor":38.0},{"not_picked":["Aggregate","Force Field","Steam"],"picked":"Turbo","floor":39.0},{"not_picked":["Flash of Steel","Madness","Deep Breath"],"picked":"Panacea","floor":41.0},{"not_picked":["BootSequence+1","Compile Driver","Lockon+1"],"picked":"All For One","floor":44.0},{"not_picked":["Undo","Consume+1","Tempest"],"picked":"Turbo","floor":46.0},{"not_picked":["Ball Lightning","Leap","Redo","Reinforced Body"],"picked":"Singing Bowl","floor":48.0},{"not_picked":["Chaos","Aggregate+1","Leap+1"],"picked":"Double Energy","floor":55.0}],"player_experience":4650826,"relics_obtained":[{"floor":5.0,"key":"Oddly Smooth Stone"},{"floor":6.0,"key":"Kunai"},{"floor":9.0,"key":"Cables"},{"floor":11.0,"key":"Blood Vial"},{"floor":12.0,"key":"Odd Mushroom"},{"floor":14.0,"key":"Pear"},{"floor":25.0,"key":"Dodecahedron"},{"floor":28.0,"key":"StoneCalendar"},{"floor":28.0,"key":"Mercury Hourglass"},{"floor":29.0,"key":"Gremlin Horn"},{"floor":38.0,"key":"Old Coin"},{"floor":43.0,"key":"Potion Belt"},{"floor":44.0,"key":"Symbiotic Virus"},{"floor":46.0,"key":"Girya"},{"floor":48.0,"key":"Singing Bowl"},{"floor":55.0,"key":"Bottled Lightning"}],"event_choices":[{"damage_healed":0.0,"max_hp_gain":0.0,"max_hp_loss":0.0,"gold_gain":0.0,"event_name":"WeMeetAgain","player_choice":"Gave Potion","floor":2.0,"gold_loss":0.0,"damage_taken":0.0,"relics_obtained":["Unceasing Top"]},{"damage_healed":0.0,"max_hp_gain":0.0,"max_hp_loss":0.0,"gold_gain":75.0,"event_name":"World of Goop","player_choice":"Gather Gold","floor":4.0,"gold_loss":0.0,"damage_taken":11.0},{"damage_healed":0.0,"max_hp_gain":0.0,"max_hp_loss":0.0,"gold_gain":0.0,"event_name":"Mushrooms","player_choice":"Fought Mushrooms","floor":12.0,"gold_loss":0.0,"damage_taken":0.0},{"damage_healed":0.0,"max_hp_gain":0.0,"max_hp_loss":0.0,"gold_gain":0.0,"event_name":"The Mausoleum","player_choice":"Ignored","floor":21.0,"gold_loss":0.0,"damage_taken":0.0},{"damage_healed":0.0,"max_hp_gain":0.0,"max_hp_loss":41.0,"gold_gain":0.0,"event_name":"Ghosts","player_choice":"Became a Ghost","floor":22.0,"gold_loss":0.0,"damage_taken":0.0,"cards_obtained":["Ghostly","Ghostly","Ghostly"]},{"damage_healed":0.0,"max_hp_gain":0.0,"max_hp_loss":0.0,"gold_gain":0.0,"event_name":"Colosseum","player_choice":"Fight","floor":28.0,"gold_loss":0.0,"damage_taken":0.0},{"damage_healed":0.0,"max_hp_gain":0.0,"max_hp_loss":0.0,"gold_gain":0.0,"event_name":"Colosseum","player_choice":"Fought Nobs","floor":28.0,"gold_loss":0.0,"damage_taken":0.0},{"damage_healed":0.0,"max_hp_gain":0.0,"max_hp_loss":0.0,"gold_gain":0.0,"event_name":"Addict","player_choice":"Obtained Relic","floor":30.0,"gold_loss":85.0,"damage_taken":0.0,"relics_obtained":["Question Card"]},{"damage_healed":0.0,"max_hp_gain":0.0,"max_hp_loss":0.0,"gold_gain":50.0,"event_name":"Golden Shrine","player_choice":"Pray","floor":36.0,"gold_loss":0.0,"damage_taken":0.0},{"damage_healed":0.0,"max_hp_gain":0.0,"max_hp_loss":0.0,"gold_gain":0.0,"event_name":"Mysterious Sphere","player_choice":"Fight","floor":38.0,"gold_loss":0.0,"damage_taken":0.0},{"damage_healed":0.0,"max_hp_gain":0.0,"max_hp_loss":0.0,"gold_gain":0.0,"event_name":"SensoryStone","player_choice":"Memory 1","floor":41.0,"gold_loss":0.0,"damage_taken":0.0},{"damage_healed":0.0,"max_hp_gain":0.0,"max_hp_loss":0.0,"gold_gain":0.0,"cards_transformed":["Defend_B","Strike_B"],"event_name":"Designer","player_choice":"Transformed Cards","floor":47.0,"gold_loss":75.0,"damage_taken":0.0,"cards_obtained":["BootSequence","Double Energy"]}],"is_beta":false,"boss_relics":[{"not_picked":["Eternal Feather","Velvet Choker"],"picked":"Nuclear Battery"},{"not_picked":["Calling Bell","Busted Crown"],"picked":"Orrery"}],"items_purged_floors":[10,54],"is_endless":false,"potions_floor_spawned":[1,11,12,14,20,25,28,29,33,38,39,46,48,55],"ascension_level":20}