{"gold_per_floor":[119,119,119,134,134,178,203,203,251,282,282,19,40,59,59,150,150,124,174,174,192,31,72,72,91,91,91,114,165,165,204,204,204],"floor_reached":33,"playtime":984,"items_purged":["Pain"],"score":636,"play_id":"1cc03dd6-568e-474d-83a0-ef1035d1ecf2","local_time":"20190223205552","is_ascension_mode":true,"campfire_choices":[{"data":"Zap","floor":8.0,"key":"SMITH"},{"data":"FTL","floor":15.0,"key":"SMITH"},{"data":"Coolheaded","floor":24.0,"key":"SMITH"},{"data":"Seek","floor":27.0,"key":"SMITH"},{"data":"Hologram","floor":30.0,"key":"SMITH"},{"data":"Recycle","floor":32,"key":"SMITH"}],"neow_cost":"NONE","seed_source_timestamp":521315160149296,"circlet_count":0,"master_deck":["AscendersBane","Strike_B+1","Strike_B+1","Defend_B","Defend_B+1","Defend_B","Defend_B","Zap+1","Dualcast+1","Chill","Recycle+1","Seek+1","Skim","FTL+1","Ball Lightning","Turbo","Core Surge","Force Field","Electrodynamics","Coolheaded+1","Glacier","Self Repair","Loop","Compile Driver","Hologram+1","All For One+1"],"special_seed":0,"relics":["Cracked Core","NeowsBlessing","Smiling Mask","Golden Idol","WarpedTongs","Mummified Hand","Whetstone","Blood Vial","Lee\u0027s Waffle","Coffee Dripper","The Courier","Molten Egg 2","Frozen Egg 2"],"potions_floor_usage":[31],"damage_taken":[{"damage":0.0,"enemies":"Small Slimes","floor":1.0,"turns":1.0},{"damage":0.0,"enemies":"2 Louse","floor":4.0,"turns":1.0},{"damage":0.0,"enemies":"Lagavulin","floor":6.0,"turns":1.0},{"damage":1.0,"enemies":"Cultist","floor":7.0,"turns":3.0},{"damage":13.0,"enemies":"Gremlin Nob","floor":10.0,"turns":3.0},{"damage":7.0,"enemies":"Large Slime","floor":13.0,"turns":5.0},{"damage":16.0,"enemies":"Exordium Wildlife","floor":14.0,"turns":2.0},{"damage":40.0,"enemies":"Hexaghost","floor":16.0,"turns":9.0},{"damage":14.0,"enemies":"2 Thieves","floor":18.0,"turns":4.0},{"damage":10.0,"enemies":"Spheric Guardian","floor":21.0,"turns":4.0},{"damage":25.0,"enemies":"Slavers","floor":23.0,"turns":4.0},{"damage":21.0,"enemies":"Cultist and Chosen","floor":25.0,"turns":7.0},{"damage":0.0,"enemies":"Centurion and Healer","floor":28.0,"turns":5.0},{"damage":2,"enemies":"Book of Stabbing","floor":31,"turns":4},{"damage":52,"enemies":"Collector","floor":33,"turns":6}],"seed_played":"-4657385731708841516","potions_obtained":[{"floor":1.0,"key":"FearPotion"},{"floor":7.0,"key":"Dexterity Potion"},{"floor":14.0,"key":"Dexterity Potion"},{"floor":25.0,"key":"Poison Potion"}],"is_trial":false,"path_per_floor":["M","?","?","M","?","E","M","R","T","E","?","$","M","M","R","B",null,"M","?","?","M","$","E","R","M","T","R","M","T","R","E","R","B"],"character_chosen":"DEFECT","items_purchased":["Lee\u0027s Waffle","Glacier","Self Repair"],"campfire_rested":0,"item_purchase_floors":[12,22,22],"current_hp_per_floor":[64,38,38,38,38,38,37,37,37,24,5,71,64,50,50,12,56,44,44,44,36,36,20,20,8,8,8,17,17,17,24,24,0],"gold":204,"neow_bonus":"THREE_ENEMY_KILL","is_prod":false,"is_daily":false,"chose_seed":false,"campfire_upgraded":6,"win_rate":0,"timestamp":1550926552,"path_taken":["M","?","?","M","?","E","?","R","T","E","?","?","M","M","R","BOSS","M","?","?","M","$","E","R","M","T","R","M","?","R","E","R","BOSS"],"build_version":"2019-01-23","purchased_purges":1,"victory":false,"max_hp_per_floor":[71,71,64,64,64,64,64,64,64,64,64,71,71,71,71,71,71,71,71,71,71,71,71,71,71,71,71,71,71,71,71,71,71],"card_choices":[{"not_picked":["Force Field","Stack"],"picked":"Chill","floor":1.0},{"not_picked":["Ball Lightning","Compile Driver"],"picked":"Recycle","floor":4.0},{"not_picked":["Melter","Gash"],"picked":"Seek","floor":6.0},{"not_picked":["Ball Lightning","Barrage"],"picked":"Skim","floor":7.0},{"not_picked":["Barrage","Aggregate"],"picked":"FTL","floor":10.0},{"not_picked":["Auto Shields","Rebound"],"picked":"Ball Lightning","floor":13.0},{"not_picked":["Lockon","Conserve Battery"],"picked":"Turbo","floor":14.0},{"not_picked":["Multi-Cast","Buffer"],"picked":"Core Surge","floor":16.0},{"not_picked":["Ball Lightning","Darkness","Rip and Tear+1"],"picked":"SKIP","floor":18.0},{"not_picked":["Ball Lightning","Compile Driver"],"picked":"Coolheaded","floor":21.0},{"not_picked":["Force Field","Turbo"],"picked":"Loop","floor":23.0},{"not_picked":["Beam Cell","Leap"],"picked":"Compile Driver","floor":25.0},{"not_picked":["BootSequence","Steam Power"],"picked":"Hologram","floor":28.0},{"not_picked":["Coolheaded","Conserve Battery"],"picked":"All For One+1","floor":31}],"player_experience":945512,"relics_obtained":[{"floor":6.0,"key":"Mummified Hand"},{"floor":9.0,"key":"Whetstone"},{"floor":10.0,"key":"Blood Vial"},{"floor":23.0,"key":"The Courier"},{"floor":26.0,"key":"Molten Egg 2"},{"floor":31,"key":"Frozen Egg 2"}],"event_choices":[{"damage_healed":0.0,"max_hp_gain":0.0,"max_hp_loss":0.0,"gold_gain":0.0,"event_name":"Scrap Ooze","player_choice":"Success","floor":2.0,"gold_loss":0.0,"damage_taken":26.0,"relics_obtained":["Smiling Mask"]},{"damage_healed":0.0,"max_hp_gain":0.0,"max_hp_loss":7.0,"gold_gain":0.0,"event_name":"Golden Idol","player_choice":"Lose Max HP","floor":3.0,"gold_loss":0.0,"damage_taken":0.0,"relics_obtained":["Golden Idol"]},{"damage_healed":0.0,"max_hp_gain":0.0,"max_hp_loss":0.0,"gold_gain":0.0,"event_name":"Accursed Blacksmith","player_choice":"Rummage","floor":5.0,"gold_loss":0.0,"damage_taken":0.0,"relics_obtained":["WarpedTongs"],"cards_obtained":["Pain"]},{"damage_healed":0.0,"max_hp_gain":0.0,"max_hp_loss":0.0,"gold_gain":0.0,"event_name":"Shining Light","player_choice":"Entered Light","floor":11.0,"gold_loss":0.0,"damage_taken":19.0,"cards_upgraded":["Dualcast","Defend_B"]},{"damage_healed":0.0,"max_hp_gain":0.0,"max_hp_loss":0.0,"gold_gain":50.0,"event_name":"Nest","player_choice":"Stole From Cult","floor":19.0,"gold_loss":0.0,"damage_taken":0.0},{"damage_healed":0.0,"max_hp_gain":0.0,"max_hp_loss":0.0,"gold_gain":0.0,"cards_transformed":["Strike_B","Strike_B"],"event_name":"Drug Dealer","player_choice":"Became Test Subject","floor":20.0,"gold_loss":0.0,"damage_taken":0.0,"cards_obtained":["Force Field","Electrodynamics"]}],"is_beta":false,"boss_relics":[{"not_picked":["Eternal Feather","Fusion Hammer"],"picked":"Coffee Dripper"}],"items_purged_floors":[12],"is_endless":false,"potions_floor_spawned":[1,7,14,16,18,25],"killed_by":"Collector","ascension_level":20}