{"gold_per_floor":[210,135,148,158,168,168,168,187,213,213,230,230,259,277,277,375,375,385,295,114,114,129,129,159,169,169,169,223,235,48,62,62,158,158,169,183,30,50,96,130,130,147,228,228,228,228,188,206,206,206],"floor_reached":51,"playtime":2404,"items_purged":["Strike_G","Strike_G","Defend_G"],"score":822,"play_id":"aa6de283-3560-4a66-8d6b-6be1cef5c827","local_time":"20181021155338","is_ascension_mode":false,"campfire_choices":[{"data":"Poisoned Stab","floor":7,"key":"SMITH"},{"data":"Leg Sweep","floor":10,"key":"SMITH"},{"data":"Bouncing Flask","floor":12,"key":"SMITH"},{"data":"Neutralize","floor":15,"key":"SMITH"},{"data":"Catalyst","floor":23,"key":"SMITH"},{"data":"Adrenaline","floor":27,"key":"SMITH"},{"data":"Adrenaline","floor":29,"key":"SMITH"},{"data":"Tactician","floor":32,"key":"SMITH"},{"data":"Catalyst","floor":41,"key":"SMITH"},{"data":"Panacea","floor":45,"key":"SMITH"},{"data":"Deadly Poison","floor":49,"key":"SMITH"}],"neow_cost":"NONE","seed_source_timestamp":26194546614502,"circlet_count":0,"master_deck":["Defend_G+1","Defend_G","Defend_G+1","Strike_G","Strike_G","Strike_G","Survivor","Neutralize+1","Poisoned Stab+1","Leg Sweep+1","Escape Plan+1","Adrenaline+1","Backflip","Bouncing Flask+1","Adrenaline+1","Backstab","Catalyst+1","Leg Sweep+1","Tactician+1","Leg Sweep+1","Bullet Time","Calculated Gamble+1","Backflip","Night Terror","Deadly Poison+1","Catalyst+1","Panacea+1","PiercingWail+1"],"special_seed":0,"relics":["Ring of the Snake","Blood Vial","War Paint","Runic Pyramid","Enchiridion","Potion Belt","Mummified Hand","MawBank","White Beast Statue","Mango","The Courier","Mercury Hourglass"],"potions_floor_usage":[47,50,50,50,50,50],"damage_taken":[{"damage":0.0,"enemies":"2 Louse","floor":1.0,"turns":3.0},{"damage":0.0,"enemies":"Cultist","floor":3.0,"turns":4.0},{"damage":2.0,"enemies":"Small Slimes","floor":4.0,"turns":3.0},{"damage":0.0,"enemies":"Exordium Wildlife","floor":5.0,"turns":4.0},{"damage":0,"enemies":"3 Louse","floor":8,"turns":4},{"damage":12,"enemies":"Exordium Thugs","floor":11,"turns":3},{"damage":23,"enemies":"Gremlin Nob","floor":13,"turns":5},{"damage":0,"enemies":"Exordium Wildlife","floor":14,"turns":3},{"damage":19,"enemies":"Hexaghost","floor":16,"turns":8},{"damage":0,"enemies":"3 Byrds","floor":18,"turns":7},{"damage":0,"enemies":"Spheric Guardian","floor":22,"turns":2},{"damage":27,"enemies":"Slavers","floor":24,"turns":11},{"damage":0,"enemies":"Snecko","floor":25,"turns":4},{"damage":4,"enemies":"Shelled Parasite and Fungi","floor":31,"turns":3},{"damage":20,"enemies":"Champ","floor":33,"turns":8},{"damage":0,"enemies":"3 Darklings","floor":35,"turns":9},{"damage":0,"enemies":"3 Shapes","floor":36,"turns":5},{"damage":0,"enemies":"Jaw Worm Horde","floor":38,"turns":5},{"damage":5,"enemies":"2 Orb Walkers","floor":39,"turns":4},{"damage":0,"enemies":"Giant Head","floor":40,"turns":3},{"damage":0,"enemies":"Transient","floor":42,"turns":4},{"damage":0,"enemies":"Sphere and 2 Shapes","floor":48,"turns":5},{"damage":0,"enemies":"Time Eater","floor":50,"turns":3}],"seed_played":"-3575852040769771513","potions_obtained":[{"floor":1.0,"key":"GhostInAJar"},{"floor":3.0,"key":"Ancient Potion"},{"floor":5.0,"key":"FairyPotion"},{"floor":11,"key":"EssenceOfSteel"},{"floor":24,"key":"Block Potion"},{"floor":31,"key":"FearPotion"},{"floor":33,"key":"SkillPotion"},{"floor":35,"key":"Dexterity Potion"},{"floor":39,"key":"Poison Potion"},{"floor":47,"key":"Poison Potion"},{"floor":47,"key":"Fruit Juice"},{"floor":47,"key":"EssenceOfSteel"}],"is_trial":false,"path_per_floor":["M","$","M","M","M","?","R","M","T","R","M","R","E","M","R","B",null,"M","?","$","?","M","R","E","M","T","R","T","R","$","M","R","B",null,"M","M","$","M","?","E","R","M","T","?","R","T","?","M","R","B"],"character_chosen":"THE_SILENT","items_purchased":["Catalyst","Tactician","Night Terror"],"campfire_rested":0,"item_purchase_floors":[20,30,37],"current_hp_per_floor":[70,70,70,68,68,68,68,68,68,68,58,58,37,39,39,22,70,70,70,70,54,56,56,31,33,33,33,33,33,33,31,31,13,70,70,70,70,70,79,81,81,83,83,83,83,83,88,89,89,89],"gold":206,"neow_bonus":"HUNDRED_GOLD","is_prod":false,"is_daily":false,"chose_seed":false,"campfire_upgraded":11,"win_rate":0,"timestamp":1540108418,"path_taken":["M","$","M","M","M","?","R","M","T","R","?","R","E","M","R","BOSS","M","?","$","?","M","R","E","?","T","R","?","R","?","M","R","BOSS","M","M","$","M","?","E","R","?","T","?","R","?","?","M","R","BOSS"],"build_version":"2018-10-18","purchased_purges":3,"victory":true,"max_hp_per_floor":[70,70,70,70,70,70,70,70,70,70,70,70,70,70,70,70,70,70,70,70,70,70,70,70,70,70,70,70,70,70,70,70,70,70,70,70,70,70,84,84,84,84,84,84,84,84,89,89,89,89],"card_choices":[{"not_picked":["Flying Knee","Bane","Endless Agony"],"picked":"SKIP","floor":1.0},{"not_picked":["Sucker Punch","Cloak And Dagger"],"picked":"Poisoned Stab","floor":3.0},{"not_picked":["Slice","Eviscerate"],"picked":"Leg Sweep","floor":4.0},{"not_picked":["Cloak And Dagger","Prepared"],"picked":"Escape Plan","floor":5.0},{"not_picked":["Dodge and Roll","Dagger Throw"],"picked":"Backflip","floor":8},{"not_picked":["Quick Slash","Poisoned Stab"],"picked":"Bouncing Flask","floor":11},{"not_picked":["Flying Knee","Expertise","Eviscerate"],"picked":"SKIP","floor":13},{"not_picked":["Choke","Skewer","Blade Dance"],"picked":"SKIP","floor":14},{"not_picked":["Phantasmal Killer","Grand Finale"],"picked":"Adrenaline","floor":16},{"not_picked":["Finisher","Dodge and Roll"],"picked":"Backstab","floor":18},{"not_picked":["Bane+1","Slice","Flying Knee"],"picked":"SKIP","floor":22},{"not_picked":["Dagger Throw","Slice","Acrobatics+1"],"picked":"SKIP","floor":24},{"not_picked":["Terror","Bane"],"picked":"Leg Sweep+1","floor":25},{"not_picked":["Infinite Blades","Caltrops"],"picked":"Leg Sweep+1","floor":31},{"not_picked":["Doppelganger","Glass Knife"],"picked":"Bullet Time","floor":33},{"not_picked":["Prepared","All Out Attack+1"],"picked":"Calculated Gamble+1","floor":35},{"not_picked":["Deflect+1","Underhanded Strike"],"picked":"Backflip","floor":36},{"not_picked":["Bane+1","Slice","Deflect+1"],"picked":"SKIP","floor":38},{"not_picked":["Bane","PiercingWail+1"],"picked":"Deadly Poison","floor":39},{"not_picked":["Reflex","Finisher"],"picked":"Catalyst","floor":40},{"not_picked":["Bane","Sucker Punch","Eviscerate"],"picked":"SKIP","floor":42},{"not_picked":["Secret Technique","Thinking Ahead"],"picked":"Panacea","floor":44},{"not_picked":["Endless Agony+1","Finisher+1"],"picked":"PiercingWail+1","floor":48}],"player_experience":457795,"relics_obtained":[{"floor":9,"key":"Blood Vial"},{"floor":13,"key":"War Paint"},{"floor":21,"key":"Enchiridion"},{"floor":24,"key":"Potion Belt"},{"floor":26,"key":"Mummified Hand"},{"floor":28,"key":"MawBank"},{"floor":39,"key":"Mango"},{"floor":40,"key":"The Courier"},{"floor":46,"key":"Mercury Hourglass"}],"event_choices":[{"damage_healed":0,"gold_gain":0,"player_choice":"1 cards matched","damage_taken":0,"max_hp_gain":0,"max_hp_loss":0,"event_name":"Match and Keep!","floor":6,"gold_loss":0,"cards_obtained":["Adrenaline"]},{"cards_removed":["Defend_G"],"damage_healed":0,"gold_gain":0,"player_choice":"Upgrade and Remove","damage_taken":0,"max_hp_gain":0,"max_hp_loss":0,"event_name":"Designer","floor":19,"gold_loss":90,"cards_upgraded":["Defend_G"]},{"damage_healed":0,"gold_gain":0,"player_choice":"Obtained Book","damage_taken":16,"max_hp_gain":0,"max_hp_loss":0,"event_name":"Cursed Tome","floor":21,"gold_loss":0},{"damage_healed":0,"gold_gain":0,"player_choice":"Fight","damage_taken":0,"max_hp_gain":0,"max_hp_loss":0,"event_name":"Mysterious Sphere","floor":39,"gold_loss":0},{"damage_healed":0,"gold_gain":0,"player_choice":"Memory 1","damage_taken":0,"max_hp_gain":0,"max_hp_loss":0,"event_name":"SensoryStone","floor":44,"gold_loss":0},{"damage_healed":0,"gold_gain":0,"player_choice":"Bought 3 Potions","damage_taken":0,"max_hp_gain":0,"max_hp_loss":0,"event_name":"The Woman in Blue","floor":47,"gold_loss":0}],"is_beta":false,"boss_relics":[{"not_picked":["Runic Dome","Ring of the Serpent"],"picked":"Runic Pyramid"},{"not_picked":["Busted Crown","HoveringKite"],"picked":"White Beast Statue"}],"items_purged_floors":[2,20,30],"is_endless":false,"potions_floor_spawned":[1,3,5,11,24,31,33,35,36,38,39,40,42,48],"ascension_level":0}