{"gold_per_floor":[214,139,164,179,198,198,273,284,309,353,379,420,432,444],"floor_reached":14,"playtime":454,"items_purged":["Strike_R"],"score":175,"play_id":"b1be5a21-c104-4b19-ae38-0e070fd50a40","local_time":"20190209132850","is_ascension_mode":true,"campfire_choices":[{"data":"True Grit","floor":6.0,"key":"SMITH"},{"data":"Feel No Pain","floor":13,"key":"SMITH"}],"neow_cost":"NONE","seed_source_timestamp":1024141952798151,"circlet_count":0,"master_deck":["AscendersBane","Strike_R","Strike_R","Strike_R","Strike_R","Defend_R","Defend_R","Defend_R","Defend_R","Bash","Feel No Pain+1","True Grit+1","Shrug It Off","Second Wind","Evolve+1"],"special_seed":0,"relics":["Burning Blood","Potion Belt","MawBank","Anchor","Frozen Egg 2"],"potions_floor_usage":[12,12],"damage_taken":[{"damage":6.0,"enemies":"Cultist","floor":1.0,"turns":3.0},{"damage":4.0,"enemies":"2 Louse","floor":4.0,"turns":6.0},{"damage":0.0,"enemies":"Small Slimes","floor":5.0,"turns":5.0},{"damage":4.0,"enemies":"Blue Slaver","floor":8.0,"turns":7.0},{"damage":21.0,"enemies":"3 Sentries","floor":10.0,"turns":10.0},{"damage":14.0,"enemies":"3 Louse","floor":11.0,"turns":5.0},{"damage":1,"enemies":"Lagavulin","floor":12,"turns":9},{"damage":59,"enemies":"Gremlin Nob","floor":14,"turns":5}],"seed_played":"3805263502434301508","potions_obtained":[{"floor":1.0,"key":"Explosive Potion"},{"floor":5.0,"key":"PowerPotion"},{"floor":11.0,"key":"AttackPotion"},{"floor":12,"key":"Fire Potion"}],"is_trial":false,"path_per_floor":["M","$","T","M","M","R","?","M","T","E","M","E","R","E"],"character_chosen":"IRONCLAD","items_purchased":[],"campfire_rested":0,"item_purchase_floors":[],"current_hp_per_floor":[68,68,68,70,75,75,64,66,66,51,43,48,48,0],"gold":444,"neow_bonus":"HUNDRED_GOLD","is_prod":false,"is_daily":false,"chose_seed":false,"campfire_upgraded":2,"win_rate":0,"timestamp":1549690130,"path_taken":["M","$","?","M","?","R","?","M","T","E","M","E","R","E"],"build_version":"2019-01-23","purchased_purges":1,"victory":false,"max_hp_per_floor":[75,75,75,75,75,75,75,75,75,75,75,75,75,75],"card_choices":[{"not_picked":["Flame Barrier","Clash"],"picked":"Feel No Pain","floor":1.0},{"not_picked":["Entrench","Metallicize"],"picked":"True Grit","floor":4.0},{"not_picked":["Corruption","Seeing Red"],"picked":"Shrug It Off","floor":5.0},{"not_picked":["Cleave","Pommel Strike"],"picked":"Second Wind","floor":8.0},{"not_picked":["Havoc","Heavy Blade","Whirlwind"],"picked":"SKIP","floor":10.0},{"not_picked":["Flame Barrier","Anger","Heavy Blade"],"picked":"SKIP","floor":11.0},{"not_picked":["Combust","Impervious"],"picked":"Evolve","floor":12}],"player_experience":709474,"relics_obtained":[{"floor":3.0,"key":"Potion Belt"},{"floor":9.0,"key":"MawBank"},{"floor":10.0,"key":"Anchor"},{"floor":12,"key":"Frozen Egg 2"}],"event_choices":[{"damage_healed":0.0,"max_hp_gain":0.0,"max_hp_loss":0.0,"gold_gain":75.0,"event_name":"World of Goop","player_choice":"Gather Gold","floor":7.0,"gold_loss":0.0,"damage_taken":11.0}],"is_beta":false,"boss_relics":[],"items_purged_floors":[2],"is_endless":false,"potions_floor_spawned":[1,5,11,12],"killed_by":"Gremlin Nob","ascension_level":15}