{"gold_per_floor":[369,384,157,177,188,188,218,218,241,241,241,334,284,300,300,401,401,414,414,425,425,440,440,193,193,193,203,203,222,322,339,339,440,440,456,456,2,14,14,14,14,14,37,37,37,37,51,67,67,67],"floor_reached":51,"playtime":1861,"items_purged":["Strike_B","Defend_B"],"score":720,"play_id":"bfd898ac-daff-45f4-a159-c5563bbd8842","local_time":"20190617174839","is_ascension_mode":false,"campfire_choices":[{"data":"Sunder","floor":6.0,"key":"SMITH"},{"data":"Recycle","floor":8.0,"key":"SMITH"},{"data":"Skim","floor":10.0,"key":"SMITH"},{"data":"Coolheaded","floor":15.0,"key":"SMITH"},{"data":"Recycle","floor":23,"key":"SMITH"},{"data":"Dualcast","floor":25,"key":"SMITH"},{"data":"Blizzard","floor":28,"key":"SMITH"},{"data":"Defragment","floor":32,"key":"SMITH"},{"floor":41,"key":"RECALL"},{"data":"Defragment","floor":49,"key":"SMITH"}],"neow_cost":"PERCENT_DAMAGE","seed_source_timestamp":19425549715528,"circlet_count":0,"master_deck":["Defend_B+1","Defend_B+1","Defend_B+1","Zap+1","Dualcast+1","Ball Lightning+1","Skim+1","Sunder+1","Capacitor+1","Coolheaded+1","Buffer+1","Recycle+1","Blizzard+1","Beam Cell+1","Auto Shields+1","Defragment+1","Seek+1","Heatsinks+1","Undo+1","Skim+1","White Noise+1","Defragment+1"],"special_seed":0,"relics":["Cracked Core","Ancient Tea Set","Bronze Scales","Tiny Chest","Coffee Dripper","Centennial Puzzle","Mercury Hourglass","WingedGreaves","Gremlin Horn","Inserter","Potion Belt","Ice Cream","Mark of the Bloom","Boot"],"potions_floor_usage":[22,38,50,50,50],"damage_taken":[{"damage":0.0,"enemies":"Small Slimes","floor":1.0,"turns":3.0},{"damage":0.0,"enemies":"2 Louse","floor":2.0,"turns":3.0},{"damage":1.0,"enemies":"Jaw Worm","floor":4.0,"turns":3.0},{"damage":0.0,"enemies":"Gremlin Gang","floor":5.0,"turns":3.0},{"damage":6.0,"enemies":"Gremlin Nob","floor":7.0,"turns":3.0},{"damage":4.0,"enemies":"3 Sentries","floor":12.0,"turns":5.0},{"damage":0.0,"enemies":"Looter","floor":14.0,"turns":1.0},{"damage":20.0,"enemies":"Slime Boss","floor":16.0,"turns":6.0},{"damage":0.0,"enemies":"Shell Parasite","floor":18.0,"turns":5.0},{"damage":0,"enemies":"Spheric Guardian","floor":20,"turns":3},{"damage":12,"enemies":"Shelled Parasite and Fungi","floor":22,"turns":4},{"damage":0,"enemies":"Centurion and Healer","floor":27,"turns":4},{"damage":8,"enemies":"Snake Plant","floor":29,"turns":3},{"damage":0,"enemies":"Colosseum Slavers","floor":30,"turns":4},{"damage":7,"enemies":"Colosseum Nobs","floor":30,"turns":3},{"damage":15,"enemies":"Snecko","floor":31,"turns":5},{"damage":12,"enemies":"Collector","floor":33,"turns":6},{"damage":0,"enemies":"Orb Walker","floor":35,"turns":3},{"damage":17,"enemies":"3 Darklings","floor":38,"turns":2},{"damage":0,"enemies":"Transient","floor":47,"turns":5},{"damage":0,"enemies":"Maw","floor":48,"turns":5},{"damage":0,"enemies":"Awakened One","floor":50,"turns":9}],"seed_played":"-8428741730202509567","potions_obtained":[{"floor":1.0,"key":"Explosive Potion"},{"floor":2.0,"key":"SkillPotion"},{"floor":5.0,"key":"Energy Potion"},{"floor":18.0,"key":"PowerPotion"},{"floor":33,"key":"Dexterity Potion"},{"floor":47,"key":"FearPotion"}],"is_trial":false,"path_per_floor":["M","M","$","M","M","R","E","R","T","R","?","?","?","M","R","B",null,"M","?","M","?","M","R","$","R","T","M","R","M","?","M","R","B",null,"M","?","$","M","$","?","R","$","T","$","?","R","M","M","R","B",null],"character_chosen":"DEFECT","items_purchased":["Recycle","Sunder","Centennial Puzzle","Potion Belt","Ice Cream"],"campfire_rested":0,"item_purchase_floors":[3,3,24,37,37],"current_hp_per_floor":[54,54,54,53,53,53,47,47,47,47,32,28,28,28,28,8,75,75,75,75,75,63,63,63,63,63,63,63,55,48,33,33,21,75,75,75,75,58,58,58,58,58,58,58,58,58,58,58,58,58],"gold":67,"neow_bonus":"TWO_FIFTY_GOLD","is_prod":false,"is_daily":false,"chose_seed":false,"campfire_upgraded":9,"win_rate":0,"timestamp":1560764919,"path_taken":["M","M","$","M","M","R","E","R","T","R","?","?","?","M","R","BOSS","M","?","M","?","M","R","$","R","T","M","R","M","?","M","R","BOSS","M","?","$","?","$","?","R","?","T","$","?","R","?","M","R","BOSS"],"build_version":"2019-01-23","purchased_purges":2,"victory":true,"max_hp_per_floor":[75,75,75,75,75,75,75,75,75,75,75,75,75,75,75,75,75,75,75,75,75,75,75,75,75,75,75,75,75,75,75,75,75,75,75,75,75,75,75,75,75,75,75,75,75,75,75,75,75,75],"card_choices":[{"not_picked":["Coolheaded","Conserve Battery"],"picked":"Ball Lightning","floor":1.0},{"not_picked":["Hologram","Beam Cell"],"picked":"Skim","floor":2.0},{"not_picked":["Melter","Stack","Conserve Battery"],"picked":"SKIP","floor":4.0},{"not_picked":["Hologram","Reinforced Body"],"picked":"Capacitor","floor":5.0},{"not_picked":["Capacitor","Ball Lightning","Gash"],"picked":"SKIP","floor":7.0},{"not_picked":["Barrage","All For One"],"picked":"Coolheaded","floor":12.0},{"not_picked":["Compile Driver","Beam Cell","Rebound"],"picked":"SKIP","floor":14.0},{"not_picked":["Echo Form","Rainbow"],"picked":"Buffer","floor":16.0},{"not_picked":["Ball Lightning","Rebound"],"picked":"Recycle","floor":18.0},{"not_picked":["Compile Driver+1","Reprogram","Steam"],"picked":"SKIP","floor":20},{"not_picked":["White Noise","Rebound+1","Steam Power"],"picked":"SKIP","floor":22},{"not_picked":["Leap","Conserve Battery"],"picked":"Auto Shields+1","floor":27},{"not_picked":["Auto Shields","Genetic Algorithm","Chaos"],"picked":"SKIP","floor":29},{"not_picked":["Capacitor","Cold Snap"],"picked":"Defragment","floor":31},{"not_picked":["Reboot","Echo Form"],"picked":"Seek","floor":33},{"not_picked":["Skim","Stack"],"picked":"Heatsinks+1","floor":35},{"not_picked":["Darkness","White Noise"],"picked":"Undo+1","floor":38},{"not_picked":["Self Repair+1","Aggregate"],"picked":"White Noise+1","floor":47},{"not_picked":["Sweeping Beam+1","BootSequence+1"],"picked":"Defragment","floor":48}],"player_experience":5354285,"relics_obtained":[{"floor":7.0,"key":"Ancient Tea Set"},{"floor":9.0,"key":"Bronze Scales"},{"floor":12.0,"key":"Tiny Chest"},{"floor":26,"key":"Mercury Hourglass"},{"floor":30,"key":"WingedGreaves"},{"floor":30,"key":"Gremlin Horn"},{"floor":43,"key":"Boot"}],"event_choices":[{"damage_healed":0.0,"max_hp_gain":0.0,"max_hp_loss":0.0,"gold_gain":0.0,"event_name":"Shining Light","player_choice":"Entered Light","floor":11.0,"gold_loss":0.0,"damage_taken":15.0,"cards_upgraded":["Zap","Ball Lightning"]},{"damage_healed":0.0,"max_hp_gain":0.0,"max_hp_loss":0.0,"gold_gain":30.0,"event_name":"Dead Adventurer","player_choice":"Searched \u00273\u0027 times","floor":12.0,"gold_loss":0.0,"damage_taken":0.0},{"cards_removed":["Strike_B"],"damage_healed":0.0,"max_hp_gain":0.0,"max_hp_loss":0.0,"gold_gain":0.0,"event_name":"The Cleric","player_choice":"Card Removal","floor":13.0,"gold_loss":50.0,"damage_taken":0.0},{"damage_healed":0,"gold_gain":0,"player_choice":"Ignored","damage_taken":0,"max_hp_gain":0,"max_hp_loss":0,"event_name":"The Mausoleum","floor":19,"gold_loss":0},{"damage_healed":0,"gold_gain":0,"cards_transformed":["Strike_B","Strike_B"],"player_choice":"Became Test Subject","damage_taken":0,"max_hp_gain":0,"max_hp_loss":0,"event_name":"Drug Dealer","floor":21,"gold_loss":0,"cards_obtained":["Blizzard","Beam Cell"]},{"damage_healed":0,"gold_gain":0,"player_choice":"Fight","damage_taken":0,"max_hp_gain":0,"max_hp_loss":0,"event_name":"Colosseum","floor":30,"gold_loss":0},{"damage_healed":0,"gold_gain":0,"player_choice":"Fought Nobs","damage_taken":0,"max_hp_gain":0,"max_hp_loss":0,"event_name":"Colosseum","floor":30,"gold_loss":0},{"damage_healed":0,"gold_gain":0,"player_choice":"0 cards matched","damage_taken":0,"max_hp_gain":0,"max_hp_loss":0,"event_name":"Match and Keep!","floor":36,"gold_loss":0,"cards_obtained":[]},{"damage_healed":0,"gold_gain":0,"player_choice":"Upgrade","damage_taken":0,"relics_obtained":["Mark of the Bloom"],"max_hp_gain":0,"max_hp_loss":0,"event_name":"MindBloom","floor":40,"gold_loss":0,"cards_upgraded":["Defend_B","Defend_B","Defend_B","Capacitor","Buffer","Beam Cell","Seek"]},{"cards_removed":["Recycle"],"damage_healed":0,"gold_gain":0,"player_choice":"Took Card","damage_taken":0,"max_hp_gain":0,"max_hp_loss":0,"event_name":"NoteForYourself","floor":45,"gold_loss":0,"cards_obtained":["Skim"]}],"is_beta":false,"boss_relics":[{"not_picked":["Snecko Eye","Orrery"],"picked":"Coffee Dripper"},{"not_picked":["Calling Bell","Tiny House"],"picked":"Inserter"}],"items_purged_floors":[3,24],"is_endless":false,"potions_floor_spawned":[1,2,5,7,14,18,33,47],"ascension_level":0}