{"gold_per_floor":[116,41,41,54,69,69,98,98,98,98,109,109,109,34,34,108,108,118,18,18,35,46,46,58,83,135,135,79,96,96,96],"floor_reached":31,"playtime":1143,"items_purged":["Strike_G","Strike_G"],"score":606,"play_id":"b5ba1c9e-d09c-41cf-b4ff-6c888f7c30ab","local_time":"20190206003827","is_ascension_mode":true,"campfire_choices":[{"data":"Cloak And Dagger","floor":6.0,"key":"SMITH"},{"data":"Neutralize","floor":8.0,"key":"SMITH"},{"data":"Backflip","floor":10.0,"key":"SMITH"},{"data":"Cloak And Dagger","floor":12.0,"key":"SMITH"},{"data":"Distraction","floor":15.0,"key":"SMITH"},{"data":"Defend_G","floor":23.0,"key":"SMITH"},{"data":"Defend_G","floor":27.0,"key":"SMITH"}],"neow_cost":"NONE","seed_source_timestamp":35976401747228,"circlet_count":0,"master_deck":["AscendersBane","Defend_G+1","Defend_G+1","Defend_G+1","Defend_G","Defend_G+1","Survivor+1","Neutralize+1","Backflip+1","Cloak And Dagger+1","Distraction+1","Cloak And Dagger+1","After Image","Infinite Blades","Cloak And Dagger","Acrobatics"],"special_seed":0,"relics":["Philosopher\u0027s Stone","Shuriken","Bag of Marbles","Black Star","Strawberry","Oddly Smooth Stone","War Paint"],"potions_floor_usage":[],"damage_taken":[{"damage":6.0,"enemies":"2 Louse","floor":1.0,"turns":4.0},{"damage":0.0,"enemies":"Small Slimes","floor":4.0,"turns":4.0},{"damage":0.0,"enemies":"Jaw Worm","floor":5.0,"turns":5.0},{"damage":25.0,"enemies":"Lagavulin","floor":7.0,"turns":8.0},{"damage":0.0,"enemies":"2 Fungi Beasts","floor":11.0,"turns":4.0},{"damage":0.0,"enemies":"Hexaghost","floor":16.0,"turns":8.0},{"damage":3.0,"enemies":"3 Byrds","floor":18.0,"turns":8.0},{"damage":2.0,"enemies":"Chosen","floor":21.0,"turns":5.0},{"damage":1.0,"enemies":"Snake Plant","floor":22.0,"turns":7.0},{"damage":0.0,"enemies":"Centurion and Healer","floor":24.0,"turns":8.0},{"damage":18.0,"enemies":"Slavers","floor":25.0,"turns":9.0},{"damage":6.0,"enemies":"Sentry and Sphere","floor":29.0,"turns":6.0},{"damage":5,"enemies":"Cultist and Chosen","floor":31,"turns":4}],"seed_played":"8791403951797611073","potions_obtained":[{"floor":5.0,"key":"Poison Potion"},{"floor":7.0,"key":"Ancient Potion"},{"floor":11.0,"key":"SpeedPotion"},{"floor":16.0,"key":"AttackPotion"},{"floor":18.0,"key":"Strength Potion"},{"floor":22.0,"key":"SneckoOil"},{"floor":24.0,"key":"LiquidBronze"},{"floor":25.0,"key":"Block Potion"}],"is_trial":false,"path_per_floor":["M","$","?","M","M","R","E","R","T","R","M","R","?","?","R","B",null,"M","$","?","M","M","R","M","E","T","R","$","M","?","M"],"character_chosen":"THE_SILENT","items_purchased":["Cloak And Dagger"],"campfire_rested":0,"item_purchase_floors":[28],"current_hp_per_floor":[53,53,33,33,33,33,8,8,8,8,8,8,8,8,8,8,52,49,49,31,29,28,28,28,17,17,17,17,11,11,6],"gold":96,"neow_bonus":"BOSS_RELIC","is_prod":false,"is_daily":false,"chose_seed":false,"campfire_upgraded":7,"win_rate":0,"timestamp":1549384707,"path_taken":["M","$","?","M","M","R","E","R","T","R","M","R","?","?","R","BOSS","M","$","?","M","M","R","M","E","T","R","$","M","?","M"],"build_version":"2019-01-23","purchased_purges":2,"victory":false,"max_hp_per_floor":[66,66,66,66,66,66,66,66,66,66,66,66,66,66,66,66,66,66,66,71,71,71,71,71,78,78,78,78,78,78,78],"card_choices":[{"not_picked":["Flying Knee","Riddle With Holes"],"picked":"Backflip","floor":1.0},{"not_picked":["Backstab","Blur"],"picked":"Cloak And Dagger","floor":4.0},{"not_picked":["Outmaneuver","Sucker Punch","Distraction"],"picked":"SKIP","floor":5.0},{"not_picked":["Outmaneuver","Sucker Punch"],"picked":"Distraction","floor":5.0},{"not_picked":["Deflect","All Out Attack","Dodge and Roll"],"picked":"SKIP","floor":7.0},{"not_picked":["Bane","Dagger Throw"],"picked":"Cloak And Dagger","floor":11.0},{"not_picked":["Corpse Explosion","Glass Knife"],"picked":"After Image","floor":16.0},{"not_picked":["Dodge and Roll","Caltrops","Masterful Stab"],"picked":"SKIP","floor":18.0},{"not_picked":["Distraction","Flying Knee","Sucker Punch"],"picked":"SKIP","floor":21.0},{"not_picked":["Deadly Poison+1","Deflect","Choke+1"],"picked":"SKIP","floor":22.0},{"not_picked":["Dagger Throw","Terror","Prepared"],"picked":"SKIP","floor":24.0},{"not_picked":["Choke","Finisher"],"picked":"Infinite Blades","floor":25.0},{"not_picked":["Bane","Flying Knee"],"picked":"Acrobatics","floor":29.0}],"player_experience":2558650,"relics_obtained":[{"floor":7.0,"key":"Shuriken"},{"floor":9.0,"key":"Bag of Marbles"},{"floor":25.0,"key":"Strawberry"},{"floor":25.0,"key":"Oddly Smooth Stone"},{"floor":26.0,"key":"War Paint"}],"event_choices":[{"damage_healed":0.0,"max_hp_gain":0.0,"max_hp_loss":0.0,"gold_gain":0.0,"event_name":"Shining Light","player_choice":"Entered Light","floor":3.0,"gold_loss":0.0,"damage_taken":20.0,"cards_upgraded":["Strike_G","Survivor"]},{"cards_removed":["Strike_G"],"damage_healed":0.0,"max_hp_gain":0.0,"max_hp_loss":0.0,"gold_gain":0.0,"event_name":"Living Wall","player_choice":"Forget","floor":13.0,"gold_loss":0.0,"damage_taken":0.0},{"cards_removed":["Strike_G"],"damage_healed":0.0,"max_hp_gain":0.0,"max_hp_loss":0.0,"gold_gain":0.0,"event_name":"The Cleric","player_choice":"Card Removal","floor":14.0,"gold_loss":75.0,"damage_taken":0.0},{"damage_healed":0.0,"max_hp_gain":5.0,"max_hp_loss":0.0,"gold_gain":0.0,"event_name":"Forgotten Altar","player_choice":"Shed Blood","floor":20.0,"gold_loss":0.0,"damage_taken":23.0},{"cards_removed":["Strike_G"],"damage_healed":0.0,"max_hp_gain":0.0,"max_hp_loss":0.0,"gold_gain":0.0,"event_name":"Back to Basics","player_choice":"Elegance","floor":30.0,"gold_loss":0.0,"damage_taken":0.0}],"is_beta":false,"boss_relics":[{"not_picked":["Astrolabe","Pandora\u0027s Box"],"picked":"Black Star"}],"items_purged_floors":[2,19],"is_endless":false,"potions_floor_spawned":[5,7,11,16,18,22,24,25],"killed_by":"Cultist and Chosen","ascension_level":20}