{"gold_per_floor":[110,124,124,34,109,109,119,119,119,133,163,163,163,194,194,271,271,287,287,287,303,228,228,247,281,307,307,327,391,72,105,105,181,181,197,215,215,231,283,283,158,188,238,271,271,271,271,290,290,290,290,290,290,170,203,203],"floor_reached":57,"playtime":3391,"items_purged":["Riddle With Holes","Dash","Burst","Bullet Time+1"],"score":3423,"play_id":"4ab47b1e-e122-48bc-8e33-2624ead77169","local_time":"20190514124641","is_ascension_mode":true,"campfire_choices":[{"data":"Well Laid Plans","floor":6.0,"key":"SMITH"},{"data":"Noxious Fumes","floor":8.0,"key":"SMITH"},{"floor":13.0,"key":"REST"},{"data":"Bouncing Flask","floor":15.0,"key":"SMITH"},{"data":"Calculated Gamble","floor":23.0,"key":"SMITH"},{"data":"Bullet Time","floor":27.0,"key":"SMITH"},{"data":"Acrobatics","floor":32.0,"key":"SMITH"},{"data":"Reflex","floor":40.0,"key":"SMITH"},{"data":"Tactician","floor":45.0,"key":"SMITH"},{"floor":47,"key":"RECALL"},{"data":"Adrenaline","floor":49,"key":"SMITH"},{"data":"Well Laid Plans","floor":53,"key":"SMITH"}],"neow_cost":"NONE","seed_source_timestamp":12321408329894,"circlet_count":0,"master_deck":["AscendersBane","Survivor","Neutralize+1","Well Laid Plans+1","Noxious Fumes+1","Noxious Fumes","Bouncing Flask+1","Wraith Form v2","Reflex+1","Eviscerate+1","Burst","Adrenaline+1","Calculated Gamble+1","Ghostly","Ghostly","Ghostly","Acrobatics+1","Well Laid Plans+1","Concentrate","Tactician+1","Prepared+1"],"special_seed":0,"relics":["Ring of the Snake","Snake Skull","Gambling Chip","Vajra","Pandora\u0027s Box","Art of War","Centennial Puzzle","Tiny Chest","Anchor","Mercury Hourglass","Empty Cage","Unceasing Top","The Courier","Whetstone","Strawberry"],"potions_floor_usage":[],"damage_taken":[{"damage":8.0,"enemies":"Jaw Worm","floor":1.0,"turns":8.0},{"damage":0.0,"enemies":"2 Louse","floor":2.0,"turns":4.0},{"damage":4.0,"enemies":"Small Slimes","floor":7.0,"turns":4.0},{"damage":5.0,"enemies":"3 Louse","floor":10.0,"turns":4.0},{"damage":14.0,"enemies":"3 Sentries","floor":11.0,"turns":8.0},{"damage":3.0,"enemies":"Gremlin Nob","floor":14.0,"turns":4.0},{"damage":0.0,"enemies":"The Guardian","floor":16.0,"turns":7.0},{"damage":1.0,"enemies":"Shell Parasite","floor":18.0,"turns":3.0},{"damage":0.0,"enemies":"2 Thieves","floor":21.0,"turns":5.0},{"damage":0.0,"enemies":"Snake Plant","floor":24.0,"turns":4.0},{"damage":7.0,"enemies":"Slavers","floor":25.0,"turns":6.0},{"damage":2.0,"enemies":"3 Cultists","floor":28.0,"turns":4.0},{"damage":0.0,"enemies":"Gremlin Leader","floor":29.0,"turns":5.0},{"damage":0.0,"enemies":"Slavers","floor":31.0,"turns":5.0},{"damage":0.0,"enemies":"Collector","floor":33.0,"turns":5.0},{"damage":1.0,"enemies":"Orb Walker","floor":35.0,"turns":3.0},{"damage":0.0,"enemies":"3 Shapes","floor":36.0,"turns":4.0},{"damage":0.0,"enemies":"Transient","floor":38.0,"turns":6.0},{"damage":2.0,"enemies":"2 Orb Walkers","floor":39.0,"turns":5.0},{"damage":0.0,"enemies":"Nemesis","floor":42.0,"turns":5.0},{"damage":0.0,"enemies":"Giant Head","floor":44.0,"turns":3.0},{"damage":0,"enemies":"Jaw Worm Horde","floor":48,"turns":2},{"damage":0,"enemies":"Donu and Deca","floor":50,"turns":4},{"damage":4,"enemies":"Time Eater","floor":51,"turns":6},{"damage":0,"enemies":"Shield and Spear","floor":55,"turns":2},{"damage":32,"enemies":"The Heart","floor":56,"turns":3}],"seed_played":"6609326918076685980","potions_obtained":[{"floor":10.0,"key":"Poison Potion"},{"floor":14.0,"key":"LiquidBronze"},{"floor":21.0,"key":"FearPotion"},{"floor":31.0,"key":"Swift Potion"},{"floor":33.0,"key":"Energy Potion"}],"is_trial":false,"path_per_floor":["M","M","?","$","?","R","M","R","T","M","E","?","R","E","R","B",null,"M","?","?","M","$","R","M","E","T","R","M","E","$","E","R","B",null,"M","M","?","M","?","R","$","E","T","E","R","?","R","M","R","B","B",null,"R","$","E","B",null],"character_chosen":"THE_SILENT","items_purchased":["Well Laid Plans","Anchor","Acrobatics"],"campfire_rested":1,"item_purchase_floors":[4,30,30],"current_hp_per_floor":[51,51,56,56,45,45,41,41,41,36,22,22,43,40,40,40,63,62,62,35,35,35,35,35,28,28,28,26,26,26,26,26,26,33,32,32,32,32,30,30,30,30,30,30,30,30,30,30,30,30,26,33,33,33,40,8],"gold":203,"neow_bonus":"UPGRADE_CARD","is_prod":false,"is_daily":false,"chose_seed":false,"campfire_upgraded":10,"win_rate":0,"timestamp":1557809201,"path_taken":["M","M","?","$","?","R","M","R","T","M","E","?","R","E","R","BOSS","M","?","?","M","?","R","M","E","T","R","M","E","$","E","R","BOSS","M","M","?","M","?","R","$","E","T","E","R","?","R","M","R","BOSS","BOSS","R","$","E","BOSS"],"build_version":"2019-01-23","purchased_purges":4,"victory":true,"max_hp_per_floor":[66,66,71,71,71,71,71,71,71,71,71,71,71,71,71,71,71,71,71,35,35,35,35,35,35,35,35,35,35,35,35,35,35,35,35,35,35,35,35,35,35,35,35,35,35,35,35,35,35,35,35,35,35,35,42,42],"card_choices":[{"not_picked":["PiercingWail","Bane","Dagger Spray"],"picked":"SKIP","floor":1.0},{"not_picked":["Bane","Reflex","Heel Hook"],"picked":"SKIP","floor":2.0},{"not_picked":["Backflip","Riddle With Holes"],"picked":"Noxious Fumes","floor":7.0},{"not_picked":["Sucker Punch","Outmaneuver"],"picked":"Dash","floor":10.0},{"not_picked":["Dodge and Roll","Riddle With Holes","Noxious Fumes"],"picked":"SKIP","floor":11.0},{"not_picked":["Dodge and Roll","Riddle With Holes"],"picked":"Noxious Fumes","floor":11.0},{"not_picked":["Backflip","Storm of Steel"],"picked":"Bouncing Flask","floor":14.0},{"not_picked":["Corpse Explosion","Burst"],"picked":"Wraith Form v2","floor":16.0},{"not_picked":["Caltrops","Bane+1","Poisoned Stab"],"picked":"SKIP","floor":18.0},{"not_picked":["Dodge and Roll","Dagger Spray"],"picked":"Acrobatics","floor":21.0},{"not_picked":["Flying Knee","Deadly Poison"],"picked":"Well Laid Plans","floor":24.0},{"not_picked":["Expertise","Poisoned Stab","Eviscerate"],"picked":"SKIP","floor":25.0},{"not_picked":["Blade Dance","Dash"],"picked":"Concentrate","floor":28.0},{"not_picked":["Flying Knee+1","Quick Slash","Deflect"],"picked":"SKIP","floor":29.0},{"not_picked":["Heel Hook+1","Dagger Spray+1","Eviscerate"],"picked":"SKIP","floor":31.0},{"not_picked":["Outmaneuver","Slice+1","Flying Knee"],"picked":"SKIP","floor":35.0},{"not_picked":["Bane","Caltrops","Blade Dance"],"picked":"SKIP","floor":36.0},{"not_picked":["Well Laid Plans","Footwork+1"],"picked":"Tactician","floor":38.0},{"not_picked":["Eviscerate","Slice"],"picked":"Prepared+1","floor":39.0},{"not_picked":["Endless Agony","Cloak And Dagger","Tools of the Trade"],"picked":"SKIP","floor":42.0},{"not_picked":["Bullet Time","Distraction","Footwork"],"picked":"SKIP","floor":44.0},{"not_picked":["Prepared","Noxious Fumes","Caltrops"],"picked":"SKIP","floor":48},{"not_picked":["Bane","Deflect","A Thousand Cuts"],"picked":"SKIP","floor":55}],"player_experience":4742845,"relics_obtained":[{"floor":9.0,"key":"Snake Skull"},{"floor":11.0,"key":"Gambling Chip"},{"floor":14.0,"key":"Vajra"},{"floor":25.0,"key":"Art of War"},{"floor":26.0,"key":"Centennial Puzzle"},{"floor":29.0,"key":"Tiny Chest"},{"floor":31.0,"key":"Mercury Hourglass"},{"floor":39.0,"key":"Unceasing Top"},{"floor":42.0,"key":"The Courier"},{"floor":44.0,"key":"Whetstone"},{"floor":55,"key":"Strawberry"}],"event_choices":[{"damage_healed":0.0,"max_hp_gain":5.0,"max_hp_loss":0.0,"gold_gain":0.0,"event_name":"Big Fish","player_choice":"Donut","floor":3.0,"gold_loss":0.0,"damage_taken":0.0},{"damage_healed":0.0,"max_hp_gain":0.0,"max_hp_loss":0.0,"gold_gain":75.0,"event_name":"World of Goop","player_choice":"Gather Gold","floor":5.0,"gold_loss":0.0,"damage_taken":11.0},{"damage_healed":0.0,"max_hp_gain":0.0,"max_hp_loss":0.0,"gold_gain":0.0,"event_name":"Liars Game","player_choice":"Ignored","floor":12.0,"gold_loss":0.0,"damage_taken":0.0},{"damage_healed":0.0,"max_hp_gain":0.0,"max_hp_loss":0.0,"gold_gain":0.0,"event_name":"The Mausoleum","player_choice":"Ignored","floor":19.0,"gold_loss":0.0,"damage_taken":0.0},{"damage_healed":0.0,"max_hp_gain":0.0,"max_hp_loss":36.0,"gold_gain":0.0,"event_name":"Ghosts","player_choice":"Became a Ghost","floor":20.0,"gold_loss":0.0,"damage_taken":0.0,"cards_obtained":["Ghostly","Ghostly","Ghostly"]},{"cards_removed":["Acrobatics"],"damage_healed":0.0,"max_hp_gain":0.0,"max_hp_loss":0.0,"gold_gain":0.0,"event_name":"Falling","player_choice":"Removed Skill","floor":37.0,"gold_loss":0.0,"damage_taken":0.0},{"damage_healed":0.0,"max_hp_gain":0.0,"max_hp_loss":0.0,"gold_gain":0.0,"event_name":"Mysterious Sphere","player_choice":"Fight","floor":39.0,"gold_loss":0.0,"damage_taken":0.0},{"damage_healed":0,"gold_gain":0,"player_choice":"Memory 1","damage_taken":0,"max_hp_gain":0,"max_hp_loss":0,"event_name":"SensoryStone","floor":46,"gold_loss":0}],"is_beta":false,"boss_relics":[{"not_picked":["Ring of the Serpent","Tiny House"],"picked":"Pandora\u0027s Box"},{"not_picked":["Busted Crown","Black Star"],"picked":"Empty Cage"}],"items_purged_floors":[22,30,41,54],"is_endless":false,"potions_floor_spawned":[10,14,21,25,31,33,36,42],"ascension_level":20}