{"gold_per_floor":[369,369,369,383,400,400,414,414,441,460,460,138,20,20,20,94,94,109,109,109,120,120,120,145,145,145,161,181,192,192,210,210,284,284,302,302,202,80,180,180,55,55,132,152,186,246,288,311,323,335,347,359,371,65,91,91],"floor_reached":56,"playtime":3391,"items_purged":["Pain","Dualcast","Zap+1","Rip and Tear"],"score":2176,"play_id":"f255caab-a514-401c-bfde-110e6e78032d","local_time":"20190318003242","is_ascension_mode":true,"campfire_choices":[{"data":"Zap","floor":6.0,"key":"SMITH"},{"floor":8.0,"key":"REST"},{"data":"Recycle","floor":11.0,"key":"SMITH"},{"data":"Sunder","floor":15.0,"key":"SMITH"},{"data":"Hyperbeam","floor":23.0,"key":"SMITH"},{"data":"Coolheaded","floor":25.0,"key":"SMITH"},{"data":"Coolheaded","floor":30.0,"key":"SMITH"},{"data":"Buffer","floor":32.0,"key":"SMITH"},{"data":"Skim","floor":40,"key":"SMITH"},{"floor":42,"key":"RECALL"},{"data":"Coolheaded","floor":49,"key":"SMITH"},{"data":"Turbo","floor":53,"key":"SMITH"}],"neow_cost":"PERCENT_DAMAGE","seed_source_timestamp":56535826281384,"circlet_count":0,"master_deck":["AscendersBane","Genetic Algorithm","FTL","Genetic Algorithm","Recycle+1","Coolheaded+1","Fission","Undo","Sunder+1","Turbo+1","Echo Form","Double Energy","Capacitor","Hyperbeam+1","Double Energy","Double Energy","Coolheaded+1","Turbo+1","Buffer+1","Buffer+1","Skim+1","Self Repair","Coolheaded+1","Reinforced Body"],"special_seed":0,"relics":["Cracked Core","Vajra","WarpedTongs","DataDisk","Pandora\u0027s Box","Happy Flower","Runic Dome","Emotion Chip","Bottled Lightning","MawBank","Art of War","Lantern","Bag of Marbles","Cables"],"potions_floor_usage":[51,56],"damage_taken":[{"damage":7.0,"enemies":"2 Louse","floor":1.0,"turns":3.0},{"damage":3.0,"enemies":"Cultist","floor":4.0,"turns":3.0},{"damage":8.0,"enemies":"Jaw Worm","floor":5.0,"turns":4.0},{"damage":7.0,"enemies":"Blue Slaver","floor":7.0,"turns":3.0},{"damage":2.0,"enemies":"2 Fungi Beasts","floor":10.0,"turns":3.0},{"damage":11.0,"enemies":"Hexaghost","floor":16.0,"turns":9.0},{"damage":16.0,"enemies":"2 Thieves","floor":18.0,"turns":3.0},{"damage":0.0,"enemies":"3 Byrds","floor":21.0,"turns":3.0},{"damage":8.0,"enemies":"Book of Stabbing","floor":24.0,"turns":4.0},{"damage":2.0,"enemies":"3 Cultists","floor":27.0,"turns":3.0},{"damage":25.0,"enemies":"Shelled Parasite and Fungi","floor":28.0,"turns":4.0},{"damage":1.0,"enemies":"Centurion and Healer","floor":29.0,"turns":4.0},{"damage":0.0,"enemies":"Sentry and Sphere","floor":31.0,"turns":3.0},{"damage":0.0,"enemies":"Champ","floor":33.0,"turns":10.0},{"damage":0,"enemies":"3 Shapes","floor":35,"turns":5},{"damage":0,"enemies":"Mind Bloom Boss Battle","floor":39,"turns":7},{"damage":0,"enemies":"3 Darklings","floor":44,"turns":3},{"damage":0,"enemies":"Giant Head","floor":45,"turns":6},{"damage":0,"enemies":"Nemesis","floor":47,"turns":5},{"damage":0,"enemies":"Maw","floor":48,"turns":6},{"damage":0,"enemies":"Donu and Deca","floor":50,"turns":6},{"damage":59,"enemies":"Time Eater","floor":51,"turns":16},{"damage":8,"enemies":"Shield and Spear","floor":55,"turns":5},{"damage":58,"enemies":"The Heart","floor":56,"turns":12}],"seed_played":"-8521168333093210063","potions_obtained":[{"floor":4.0,"key":"Ancient Potion"},{"floor":7.0,"key":"FearPotion"},{"floor":16.0,"key":"FearPotion"},{"floor":18.0,"key":"Swift Potion"},{"floor":21.0,"key":"Regen Potion"},{"floor":24.0,"key":"Weak Potion"},{"floor":31.0,"key":"GamblersBrew"},{"floor":33.0,"key":"SkillPotion"}],"is_trial":false,"path_per_floor":["M","?","?","M","M","R","M","R","T","M","R","$","$","?","R","B",null,"M","?","?","M","?","R","E","R","T","M","M","M","R","M","R","B",null,"M","?","$","$","?","R","$","R","T","M","E","T","E","M","R","B","B",null,"R","$","E","B"],"character_chosen":"DEFECT","items_purchased":["Coolheaded","Rip and Tear","Fission","Undo","Sunder","Skim","Self Repair","Bag of Marbles"],"campfire_rested":1,"item_purchase_floors":[12,12,12,13,13,38,38,54],"current_hp_per_floor":[39,28,28,25,17,17,10,31,31,29,29,29,29,29,29,18,58,42,42,42,42,42,42,46,46,46,44,19,18,18,18,18,18,58,58,58,58,58,71,71,71,71,71,71,71,71,71,71,71,71,22,59,59,59,58,0],"gold":91,"neow_bonus":"TWO_FIFTY_GOLD","is_prod":false,"is_daily":false,"chose_seed":false,"campfire_upgraded":10,"win_rate":0,"timestamp":1552840362,"path_taken":["M","?","?","M","M","R","?","R","T","M","R","$","?","?","R","BOSS","M","?","?","?","?","R","E","R","T","M","M","M","R","?","R","BOSS","M","?","?","$","?","R","?","R","T","M","E","?","E","M","R","BOSS","BOSS","R","$","E","BOSS"],"build_version":"2019-01-23","purchased_purges":4,"victory":false,"max_hp_per_floor":[71,71,71,71,71,71,71,71,71,71,71,71,71,71,71,71,71,71,71,71,71,71,71,71,71,71,71,71,71,71,71,71,71,71,71,71,71,71,71,71,71,71,71,71,71,71,71,71,71,71,71,71,71,71,71,71],"card_choices":[{"not_picked":["Redo","Stack","Sweeping Beam"],"picked":"SKIP","floor":1.0},{"not_picked":["Ball Lightning","Redo"],"picked":"Genetic Algorithm","floor":4.0},{"not_picked":["Beam Cell","Hello World"],"picked":"FTL","floor":5.0},{"not_picked":["Rip and Tear","Barrage"],"picked":"Genetic Algorithm","floor":7.0},{"not_picked":["Go for the Eyes","Scrape"],"picked":"Recycle","floor":10.0},{"not_picked":["Meteor Strike","Machine Learning"],"picked":"Echo Form","floor":16.0},{"not_picked":["Leap","Darkness"],"picked":"Double Energy","floor":18.0},{"not_picked":["Gash+1","Barrage","Go for the Eyes"],"picked":"SKIP","floor":21.0},{"not_picked":["Force Field","Steam"],"picked":"Coolheaded","floor":24.0},{"not_picked":["Sunder","Hello World","Cold Snap"],"picked":"SKIP","floor":27.0},{"not_picked":["Go for the Eyes","Melter","Leap"],"picked":"SKIP","floor":28.0},{"not_picked":["Steam","Gash"],"picked":"Turbo+1","floor":29.0},{"not_picked":["Coolheaded","Hologram"],"picked":"Buffer","floor":31.0},{"not_picked":["Creative AI","Fission"],"picked":"Buffer","floor":33.0},{"not_picked":["Steam+1","Conserve Battery+1","Fusion"],"picked":"SKIP","floor":35},{"not_picked":["Steam","Gash+1","Leap"],"picked":"SKIP","floor":44},{"not_picked":["Capacitor","Glacier"],"picked":"Coolheaded","floor":45},{"not_picked":["Beam Cell","Sunder","Gash"],"picked":"SKIP","floor":47},{"not_picked":["FTL","Conserve Battery","Go for the Eyes"],"picked":"SKIP","floor":48},{"not_picked":["Gash+1","Amplify"],"picked":"Reinforced Body","floor":55}],"player_experience":3669793,"relics_obtained":[{"floor":9.0,"key":"DataDisk"},{"floor":24.0,"key":"Happy Flower"},{"floor":39,"key":"Emotion Chip"},{"floor":43,"key":"Bottled Lightning"},{"floor":45,"key":"MawBank"},{"floor":46,"key":"Art of War"},{"floor":47,"key":"Lantern"},{"floor":55,"key":"Cables"}],"event_choices":[{"damage_healed":0.0,"max_hp_gain":0.0,"max_hp_loss":0.0,"gold_gain":0.0,"event_name":"Scrap Ooze","player_choice":"Success","floor":2.0,"gold_loss":0.0,"damage_taken":11.0,"relics_obtained":["Vajra"]},{"damage_healed":0.0,"max_hp_gain":0.0,"max_hp_loss":0.0,"gold_gain":0.0,"event_name":"Accursed Blacksmith","player_choice":"Rummage","floor":3.0,"gold_loss":0.0,"damage_taken":0.0,"relics_obtained":["WarpedTongs"],"cards_obtained":["Pain"]},{"damage_healed":0.0,"max_hp_gain":0.0,"max_hp_loss":0.0,"gold_gain":0.0,"cards_transformed":["Strike_B"],"event_name":"Living Wall","player_choice":"Change","floor":14.0,"gold_loss":0.0,"damage_taken":0.0,"cards_obtained":["Turbo"]},{"cards_removed":["Doom and Gloom"],"damage_healed":0.0,"max_hp_gain":0.0,"max_hp_loss":0.0,"gold_gain":0.0,"event_name":"Back to Basics","player_choice":"Elegance","floor":19.0,"gold_loss":0.0,"damage_taken":0.0},{"cards_removed":["Hello World"],"damage_healed":0.0,"max_hp_gain":0.0,"max_hp_loss":0.0,"gold_gain":0.0,"event_name":"Purifier","player_choice":"Purged","floor":20.0,"gold_loss":0.0,"damage_taken":0.0},{"cards_removed":["Static Discharge"],"damage_healed":0.0,"max_hp_gain":0.0,"max_hp_loss":0.0,"gold_gain":0.0,"event_name":"Wheel of Change","player_choice":"Card Removal","floor":22.0,"gold_loss":0.0,"damage_taken":0.0},{"damage_healed":0,"gold_gain":0,"player_choice":"Upgraded","damage_taken":0,"max_hp_gain":0,"max_hp_loss":0,"event_name":"Upgrade Shrine","floor":36,"gold_loss":0,"cards_upgraded":["Buffer"]},{"damage_healed":0,"gold_gain":0,"player_choice":"Fight","damage_taken":0,"max_hp_gain":0,"max_hp_loss":0,"event_name":"MindBloom","floor":39,"gold_loss":0}],"is_beta":false,"boss_relics":[{"not_picked":["White Beast Statue","FrozenCore"],"picked":"Pandora\u0027s Box"},{"not_picked":["Busted Crown","Calling Bell"],"picked":"Runic Dome"}],"items_purged_floors":[12,37,41,54],"is_endless":false,"potions_floor_spawned":[4,7,16,18,21,24,31,33,35,45,47],"killed_by":"The Heart","ascension_level":20}