{"gold_per_floor":[366,385,399,399,418,418,445,149,173,14,14,32,32,44,44,118,118,137,153,47,63,63,63,78,78,78,78,112,128,128,142,142,221,221,234,234,35,35,48,48,76,76,151,167,222,222,242,277,277,277,277,277,277,19,51,51],"floor_reached":57,"playtime":3805,"items_purged":["Strike_B","Strike_B","Strike_B"],"score":2789,"play_id":"0019cf35-223a-4c39-967b-f9ed28f63acc","local_time":"20190404223615","is_ascension_mode":true,"campfire_choices":[{"data":"Zap","floor":6.0,"key":"SMITH"},{"data":"Dualcast","floor":11.0,"key":"SMITH"},{"floor":15.0,"key":"REST"},{"data":"Coolheaded","floor":23.0,"key":"SMITH"},{"data":"Coolheaded","floor":25.0,"key":"SMITH"},{"data":"White Noise","floor":27.0,"key":"SMITH"},{"floor":30.0,"key":"REST"},{"floor":32.0,"key":"RECALL"},{"data":"FTL","floor":40.0,"key":"SMITH"},{"floor":42.0,"key":"REST"},{"data":"Coolheaded","floor":49.0,"key":"SMITH"},{"floor":53.0,"key":"REST"}],"neow_cost":"TEN_PERCENT_HP_LOSS","seed_source_timestamp":33803077269954,"circlet_count":0,"master_deck":["AscendersBane","Defend_B","Defend_B","Defend_B","Defend_B","Zap+1","Dualcast+1","Cold Snap+1","Hello World","Ball Lightning","Cold Snap+1","FTL+1","Coolheaded+1","Defragment+1","White Noise+1","Loop+1","Biased Cognition+1","Coolheaded+1","Magnetism+1","Defragment+1","Core Surge","Loop+1","Defragment+1","Biased Cognition+1","Hologram+1","Coolheaded+1","Dark Shackles","Coolheaded","Consume+1","Capacitor+1","Cold Snap","Coolheaded"],"special_seed":0,"relics":["Cracked Core","Bag of Marbles","Membership Card","Frozen Egg 2","Runic Dome","Darkstone Periapt","Bag of Preparation","Inserter","FaceOfCleric","DollysMirror","Thread and Needle","Ornamental Fan","Turnip","Kunai","Whetstone","Anchor"],"potions_floor_usage":[56],"damage_taken":[{"damage":0.0,"enemies":"Cultist","floor":1.0,"turns":3.0},{"damage":4.0,"enemies":"Small Slimes","floor":2.0,"turns":3.0},{"damage":1.0,"enemies":"2 Louse","floor":3.0,"turns":2.0},{"damage":6.0,"enemies":"Exordium Thugs","floor":5.0,"turns":3.0},{"damage":25.0,"enemies":"Gremlin Nob","floor":7.0,"turns":4.0},{"damage":6.0,"enemies":"Large Slime","floor":12.0,"turns":5.0},{"damage":15.0,"enemies":"Exordium Wildlife","floor":14.0,"turns":4.0},{"damage":10.0,"enemies":"Slime Boss","floor":16.0,"turns":7.0},{"damage":1.0,"enemies":"Chosen","floor":18.0,"turns":4.0},{"damage":2.0,"enemies":"Spheric Guardian","floor":19.0,"turns":3.0},{"damage":0.0,"enemies":"Centurion and Healer","floor":21.0,"turns":6.0},{"damage":9.0,"enemies":"Snake Plant","floor":24.0,"turns":4.0},{"damage":14.0,"enemies":"Slavers","floor":28.0,"turns":4.0},{"damage":7.0,"enemies":"Shelled Parasite and Fungi","floor":29.0,"turns":4.0},{"damage":0.0,"enemies":"3 Cultists","floor":31.0,"turns":5.0},{"damage":13.0,"enemies":"Collector","floor":33.0,"turns":8.0},{"damage":0.0,"enemies":"3 Shapes","floor":35.0,"turns":7.0},{"damage":0.0,"enemies":"3 Darklings","floor":39.0,"turns":5.0},{"damage":19.0,"enemies":"Reptomancer","floor":41.0,"turns":5.0},{"damage":0.0,"enemies":"4 Shapes","floor":44.0,"turns":5.0},{"damage":19.0,"enemies":"2 Orb Walkers","floor":45.0,"turns":6.0},{"damage":8.0,"enemies":"Sphere and 2 Shapes","floor":47.0,"turns":5.0},{"damage":0.0,"enemies":"Giant Head","floor":48.0,"turns":9.0},{"damage":0.0,"enemies":"Donu and Deca","floor":50.0,"turns":14.0},{"damage":30.0,"enemies":"Awakened One","floor":51.0,"turns":18.0},{"damage":45.0,"enemies":"Shield and Spear","floor":55.0,"turns":10.0},{"damage":8,"enemies":"The Heart","floor":56,"turns":12}],"seed_played":"-3737721026537552301","potions_obtained":[{"floor":1.0,"key":"SmokeBomb"},{"floor":2.0,"key":"SmokeBomb"},{"floor":13.0,"key":"Fire Potion"},{"floor":13.0,"key":"PowerPotion"},{"floor":21.0,"key":"FocusPotion"},{"floor":28.0,"key":"Energy Potion"},{"floor":33.0,"key":"EssenceOfSteel"}],"is_trial":false,"path_per_floor":["M","M","M","?","M","R","E","$","T","$","R","M","?","M","R","B",null,"M","M","$","M","?","R","M","R","T","R","E","M","R","M","R","B",null,"M","?","$","?","M","R","E","R","T","M","?","?","M","E","R","B","B",null,"R","$","E","B",null],"character_chosen":"DEFECT","items_purchased":["Membership Card","Coolheaded","Frozen Egg 2","Defragment+1","Magnetism+1","Defragment+1","DollysMirror","Capacitor+1","PowerPotion","Whetstone","Cold Snap","Coolheaded"],"campfire_rested":4,"item_purchase_floors":[8,8,10,10,20,37,37,54,54,54,54,54],"current_hp_per_floor":[64,60,59,59,53,53,28,28,28,28,28,22,22,7,26,16,52,51,49,49,49,49,49,40,40,40,40,26,19,38,38,38,25,54,54,54,54,54,55,55,37,56,56,57,39,39,32,33,33,34,5,55,72,72,28,21],"gold":51,"neow_bonus":"TWO_FIFTY_GOLD","is_prod":false,"is_daily":false,"chose_seed":false,"campfire_upgraded":7,"win_rate":0,"timestamp":1554388575,"path_taken":["M","M","M","?","M","R","E","$","T","$","R","M","?","M","R","BOSS","M","?","$","M","?","R","M","R","T","R","E","M","R","M","R","BOSS","M","?","?","?","M","R","E","R","T","?","?","?","M","E","R","BOSS","BOSS","R","$","E","BOSS"],"build_version":"2019-01-23","purchased_purges":3,"victory":true,"max_hp_per_floor":[64,64,64,64,64,64,64,64,64,64,64,64,64,64,64,64,64,64,64,64,64,64,64,64,64,64,64,64,64,64,64,64,64,64,64,64,64,64,65,65,66,66,66,67,68,68,69,70,70,71,72,72,72,72,73,74],"card_choices":[{"not_picked":["Fusion","Compile Driver"],"picked":"Cold Snap","floor":1.0},{"not_picked":["Compile Driver","Stack"],"picked":"Hello World","floor":2.0},{"not_picked":["Genetic Algorithm","Cold Snap"],"picked":"Ball Lightning","floor":3.0},{"not_picked":["Conserve Battery","FTL"],"picked":"Cold Snap","floor":5.0},{"not_picked":["Sweeping Beam","Machine Learning"],"picked":"FTL","floor":7.0},{"not_picked":["Hello World+1","Lockon"],"picked":"White Noise","floor":12.0},{"not_picked":["Aggregate","Barrage"],"picked":"Loop+1","floor":14.0},{"not_picked":["Creative AI+1","Core Surge"],"picked":"Biased Cognition+1","floor":16.0},{"not_picked":["Stack","Go for the Eyes","Steam"],"picked":"SKIP","floor":18.0},{"not_picked":["Aggregate","Fusion"],"picked":"Coolheaded","floor":19.0},{"not_picked":["Coolheaded","Redo","Stack"],"picked":"SKIP","floor":21.0},{"not_picked":["FTL","Go for the Eyes","Melter"],"picked":"SKIP","floor":24.0},{"not_picked":["Redo","Gash+1","Genetic Algorithm"],"picked":"SKIP","floor":28.0},{"not_picked":["Amplify","Sweeping Beam"],"picked":"Defragment+1","floor":29.0},{"not_picked":["Ball Lightning","Compile Driver","Cold Snap"],"picked":"SKIP","floor":31.0},{"not_picked":["Fission","Thunder Strike"],"picked":"Core Surge","floor":33.0},{"not_picked":["Double Energy+1","Leap"],"picked":"Loop+1","floor":35.0},{"not_picked":["Barrage","Go for the Eyes"],"picked":"Hologram+1","floor":39.0},{"not_picked":["Ball Lightning","Aggregate+1","Auto Shields+1"],"picked":"SKIP","floor":41.0},{"not_picked":["Conserve Battery","Ball Lightning","Rebound"],"picked":"SKIP","floor":44.0},{"not_picked":["Steam","Barrage"],"picked":"Coolheaded","floor":45.0},{"not_picked":["Thinking Ahead","Finesse"],"picked":"Dark Shackles","floor":46.0},{"not_picked":["Leap","Streamline"],"picked":"Coolheaded","floor":47.0},{"not_picked":["Conserve Battery","Chaos"],"picked":"Consume+1","floor":48.0},{"not_picked":["Force Field","Redo","Barrage"],"picked":"SKIP","floor":55.0}],"player_experience":4055504,"relics_obtained":[{"floor":7.0,"key":"Bag of Marbles"},{"floor":26.0,"key":"Darkstone Periapt"},{"floor":28.0,"key":"Bag of Preparation"},{"floor":41.0,"key":"Thread and Needle"},{"floor":43.0,"key":"Ornamental Fan"},{"floor":45.0,"key":"Turnip"},{"floor":48.0,"key":"Kunai"},{"floor":55.0,"key":"Anchor"}],"event_choices":[{"damage_healed":0.0,"max_hp_gain":0.0,"max_hp_loss":0.0,"gold_gain":0.0,"event_name":"Liars Game","player_choice":"Ignored","floor":4.0,"gold_loss":0.0,"damage_taken":0.0},{"damage_healed":0.0,"max_hp_gain":0.0,"max_hp_loss":0.0,"gold_gain":0.0,"event_name":"Lab","player_choice":"Got Potions","floor":13.0,"gold_loss":0.0,"damage_taken":0.0},{"damage_healed":0.0,"max_hp_gain":0.0,"max_hp_loss":0.0,"gold_gain":0.0,"event_name":"Beggar","player_choice":"Ignored","floor":22.0,"gold_loss":0.0,"damage_taken":0.0},{"damage_healed":0.0,"max_hp_gain":0.0,"max_hp_loss":0.0,"gold_gain":0.0,"event_name":"FaceTrader","player_choice":"Trade","floor":36.0,"gold_loss":0.0,"damage_taken":0.0,"relics_obtained":["FaceOfCleric"]},{"cards_removed":["Strike_B"],"damage_healed":0.0,"max_hp_gain":0.0,"max_hp_loss":0.0,"gold_gain":0.0,"event_name":"Falling","player_choice":"Removed Attack","floor":38.0,"gold_loss":0.0,"damage_taken":0.0},{"damage_healed":0.0,"max_hp_gain":0.0,"max_hp_loss":0.0,"gold_gain":0.0,"event_name":"Mysterious Sphere","player_choice":"Fight","floor":45.0,"gold_loss":0.0,"damage_taken":0.0},{"damage_healed":0.0,"max_hp_gain":0.0,"max_hp_loss":0.0,"gold_gain":0.0,"event_name":"SensoryStone","player_choice":"Memory 1","floor":46.0,"gold_loss":0.0,"damage_taken":0.0}],"is_beta":false,"boss_relics":[{"not_picked":["Empty Cage","Velvet Choker"],"picked":"Runic Dome"},{"not_picked":["Philosopher\u0027s Stone","Snecko Eye"],"picked":"Inserter"}],"items_purged_floors":[8,37,54],"is_endless":false,"potions_floor_spawned":[1,2,12,14,18,21,24,28,33,35,39,48],"ascension_level":20}