{"gold_per_floor":[114,126,137,137,147,147,173,185,223,262,127,127,138,138,138,241,241,241,181,6,6,6,6,6,6,6,6,6,6,0,0,0,0,0,0,0,0,0,0,0,0,0],"floor_reached":42,"playtime":2921,"items_purged":["Strike_R","Strike_R"],"score":473,"play_id":"dea00ae6-341a-46c0-b5b0-128ac498c365","local_time":"20190720230111","is_ascension_mode":true,"campfire_choices":[{"data":"Body Slam","floor":6,"key":"SMITH"},{"data":"Flame Barrier","floor":8,"key":"SMITH"},{"data":"Body Slam","floor":12,"key":"SMITH"},{"floor":15,"key":"REST"},{"data":"Berserk","floor":23,"key":"SMITH"},{"data":"Body Slam","floor":27,"key":"SMITH"},{"data":"Flame Barrier","floor":29,"key":"SMITH"},{"data":"Entrench","floor":32,"key":"SMITH"},{"floor":40,"key":"REST"}],"neow_cost":"NONE","seed_source_timestamp":34727487697935,"circlet_count":0,"master_deck":["Defend_R","Defend_R","Defend_R","Defend_R","Bash","Entrench+1","Flame Barrier+1","Body Slam+1","Demon Form+1","Body Slam+1","Body Slam+1","Ghostly Armor","Berserk+1","Warcry+1","Flame Barrier+1","Seeing Red","Evolve","Shockwave+1","Impervious","Sword Boomerang+1","Juggernaut","Pommel Strike+1","Metallicize"],"relics":["Burning Blood","Bronze Scales","MawBank","Boot","Odd Mushroom","NlothsMask","Ectoplasm","Orrery"],"potions_floor_usage":[1,10,13,16,16,19,33,35,42],"damage_taken":[{"damage":1,"enemies":"Cultist","floor":1,"turns":3},{"damage":4,"enemies":"Small Slimes","floor":2,"turns":4},{"damage":13,"enemies":"Jaw Worm","floor":3,"turns":5},{"damage":2,"enemies":"3 Louse","floor":5,"turns":3},{"damage":13,"enemies":"Lagavulin","floor":7,"turns":8},{"damage":8,"enemies":"The Mushroom Lair","floor":10,"turns":4},{"damage":0,"enemies":"Gremlin Gang","floor":13,"turns":5},{"damage":10,"enemies":"Hexaghost","floor":16,"turns":6},{"damage":7,"enemies":"3 Byrds","floor":18,"turns":3},{"damage":13,"enemies":"2 Thieves","floor":19,"turns":4},{"damage":16,"enemies":"Sentry and Sphere","floor":28,"turns":6},{"damage":12,"enemies":"Cultist and Chosen","floor":31,"turns":6},{"damage":23,"enemies":"Champ","floor":33,"turns":10},{"damage":42,"enemies":"3 Darklings","floor":35,"turns":5},{"damage":19,"enemies":"Orb Walker","floor":36,"turns":5},{"damage":14,"enemies":"4 Shapes","floor":39,"turns":5},{"damage":46,"enemies":"Spire Growth","floor":41,"turns":6},{"damage":14,"enemies":"Reptomancer","floor":42,"turns":1}],"seed_played":"7109987132226041433","potions_obtained":[{"floor":1,"key":"Fruit Juice"},{"floor":5,"key":"Dexterity Potion"},{"floor":7,"key":"Block Potion"},{"floor":13,"key":"EntropicBrew"},{"floor":18,"key":"SteroidPotion"},{"floor":36,"key":"EssenceOfSteel"}],"is_trial":false,"path_per_floor":["M","M","M","?","M","R","E","R","T","?","$","R","M","?","R","B",null,"M","M","$","?","?","R","?","$","T","R","M","R","?","M","R","B",null,"M","M","?","?","M","R","M","E"],"character_chosen":"IRONCLAD","items_purchased":["Ghostly Armor","Flame Barrier"],"campfire_rested":2,"item_purchase_floors":[11,20],"current_hp_per_floor":[85,85,78,45,49,49,42,42,42,40,40,40,46,46,71,67,85,84,77,77,77,77,77,77,77,77,77,67,67,67,61,61,44,85,49,36,36,36,28,53,13,0],"gold":0,"neow_bonus":"TRANSFORM_CARD","is_prod":false,"is_daily":false,"chose_seed":false,"campfire_upgraded":7,"win_rate":0,"timestamp":1563681671,"path_taken":["M","M","M","?","M","R","E","R","T","?","?","R","M","?","R","BOSS","M","?","$","?","?","R","?","$","T","R","?","R","?","M","R","BOSS","M","M","?","?","?","R","M","E"],"build_version":"2019-07-17","purchased_purges":2,"victory":false,"max_hp_per_floor":[85,85,85,85,85,85,85,85,85,85,85,85,85,85,85,85,85,85,85,85,85,85,85,85,85,85,85,85,85,85,85,85,85,85,85,85,85,85,85,85,85,85],"card_choices":[{"not_picked":["Clash","Anger"],"picked":"Flame Barrier","floor":1},{"not_picked":["Thunderclap","Wild Strike"],"picked":"Body Slam","floor":2},{"not_picked":["Fire Breathing","Headbutt"],"picked":"Demon Form","floor":3},{"not_picked":["Warcry","Armaments"],"picked":"Body Slam","floor":5},{"not_picked":["Pommel Strike","Headbutt"],"picked":"Body Slam","floor":7},{"not_picked":["Twin Strike","Iron Wave","Inflame"],"picked":"SKIP","floor":13},{"not_picked":["Dark Embrace","Fiend Fire"],"picked":"Berserk","floor":16},{"not_picked":["Inflame","Sword Boomerang"],"picked":"Warcry+1","floor":18},{"not_picked":["Sword Boomerang","Warcry","Wild Strike"],"picked":"SKIP","floor":19},{"not_picked":["Thunderclap","Evolve","Heavy Blade"],"picked":"SKIP","floor":28},{"not_picked":["Perfected Strike","Dropkick"],"picked":"Shockwave+1","floor":31},{"not_picked":["Feed","Bludgeon"],"picked":"Impervious","floor":33},{"not_picked":["Flex","Pommel Strike"],"picked":"Sword Boomerang+1","floor":34},{"not_picked":["Cleave+1","Intimidate"],"picked":"Rampage+1","floor":34},{"not_picked":["Rupture","Searing Blow+1","Blood for Blood+1"],"picked":"SKIP","floor":35},{"not_picked":["Headbutt","Wild Strike"],"picked":"Juggernaut","floor":36},{"not_picked":["Anger","Reckless Charge"],"picked":"Pommel Strike+1","floor":39},{"not_picked":["Second Wind","Iron Wave+1"],"picked":"Metallicize","floor":41}],"player_experience":248407,"relics_obtained":[{"floor":7,"key":"MawBank"},{"floor":9,"key":"Boot"},{"floor":10,"key":"Odd Mushroom"}],"event_choices":[{"damage_healed":0,"gold_gain":0,"player_choice":"Success","damage_taken":33,"relics_obtained":["Bronze Scales"],"max_hp_gain":0,"max_hp_loss":0,"event_name":"Scrap Ooze","floor":4,"gold_loss":0},{"damage_healed":0,"gold_gain":0,"player_choice":"Fought Mushrooms","damage_taken":0,"max_hp_gain":0,"max_hp_loss":0,"event_name":"Mushrooms","floor":10,"gold_loss":0},{"damage_healed":0,"gold_gain":0,"player_choice":"Trade","damage_taken":0,"relics_obtained":["NlothsMask"],"max_hp_gain":0,"max_hp_loss":0,"event_name":"FaceTrader","floor":14,"gold_loss":0},{"damage_healed":0,"gold_gain":0,"player_choice":"Ignored","damage_taken":0,"max_hp_gain":0,"max_hp_loss":0,"event_name":"Ghosts","floor":22,"gold_loss":0},{"damage_healed":0,"gold_gain":0,"cards_transformed":["Strike_R","Strike_R"],"player_choice":"Became Test Subject","damage_taken":0,"max_hp_gain":0,"max_hp_loss":0,"event_name":"Drug Dealer","floor":24,"gold_loss":0,"cards_obtained":["Seeing Red","Evolve"]},{"damage_healed":0,"gold_gain":0,"player_choice":"Paid Fearfully","damage_taken":0,"max_hp_gain":0,"max_hp_loss":0,"event_name":"Masked Bandits","floor":30,"gold_loss":6},{"cards_removed":["Rampage"],"damage_healed":0,"gold_gain":0,"player_choice":"Removed Attack","damage_taken":0,"max_hp_gain":0,"max_hp_loss":0,"event_name":"Falling","floor":37,"gold_loss":0},{"damage_healed":0,"gold_gain":0,"player_choice":"Forge","damage_taken":0,"max_hp_gain":0,"max_hp_loss":0,"event_name":"Accursed Blacksmith","floor":38,"gold_loss":0,"cards_upgraded":["Demon Form"]}],"is_beta":false,"boss_relics":[{"not_picked":["Runic Cube","Coffee Dripper"],"picked":"Ectoplasm"},{"not_picked":["Snecko Eye","Tiny House"],"picked":"Orrery"}],"items_purged_floors":[11,20],"is_endless":false,"potions_floor_spawned":[1,5,7,13,18,36],"killed_by":"Reptomancer","ascension_level":4}