{"gold_per_floor":[117,117,42,56,56,89,89,100,100,100,112,36,46,63,63,139,139,150,75,75,75,94,94,94],"floor_reached":24,"playtime":1036,"items_purged":["Strike_G"],"score":542,"play_id":"39226c8b-cca2-4037-a565-dc5894e501be","local_time":"20181227224922","is_ascension_mode":true,"campfire_choices":[{"data":"Neutralize","floor":7.0,"key":"SMITH"},{"data":"Leg Sweep","floor":10.0,"key":"SMITH"},{"data":"Noxious Fumes","floor":15.0,"key":"SMITH"},{"data":"Acrobatics","floor":23,"key":"SMITH"}],"neow_cost":"NONE","seed_source_timestamp":39252923414832,"circlet_count":0,"master_deck":["AscendersBane","Defend_G","Defend_G","Defend_G","Defend_G","Strike_G","Strike_G","Strike_G","Survivor","Neutralize+1","Leg Sweep","Expertise","Endless Agony","Infinite Blades","Leg Sweep+1","Backstab","Footwork","Noxious Fumes+1","Footwork","Grand Finale","Acrobatics+1","Acrobatics"],"special_seed":0,"relics":["Ring of the Serpent","NeowsBlessing","Shuriken","Pen Nib"],"potions_floor_usage":[24,24],"damage_taken":[{"damage":0.0,"enemies":"2 Louse","floor":1.0,"turns":1.0},{"damage":0.0,"enemies":"Small Slimes","floor":4.0,"turns":1.0},{"damage":0.0,"enemies":"Gremlin Nob","floor":6.0,"turns":1.0},{"damage":0.0,"enemies":"Jaw Worm","floor":8.0,"turns":4.0},{"damage":1.0,"enemies":"Red Slaver","floor":11.0,"turns":4.0},{"damage":2.0,"enemies":"Blue Slaver","floor":13.0,"turns":4.0},{"damage":0.0,"enemies":"Exordium Wildlife","floor":14.0,"turns":5.0},{"damage":0,"enemies":"The Guardian","floor":16,"turns":11},{"damage":10,"enemies":"Spheric Guardian","floor":18,"turns":7},{"damage":4,"enemies":"Shell Parasite","floor":22,"turns":13},{"damage":54,"enemies":"Book of Stabbing","floor":24,"turns":7}],"seed_played":"2945339341999604505","potions_obtained":[{"floor":1.0,"key":"SkillPotion"},{"floor":4.0,"key":"AttackPotion"},{"floor":18,"key":"Block Potion"}],"is_trial":false,"path_per_floor":["M","?","?","M","$","E","R","M","T","R","M","$","M","M","R","B",null,"M","$","?","?","M","R","E"],"character_chosen":"THE_SILENT","items_purchased":["Footwork"],"campfire_rested":0,"item_purchase_floors":[12],"current_hp_per_floor":[59,59,59,59,59,59,59,59,59,59,58,58,56,56,56,56,64,54,54,54,54,50,50,0],"gold":94,"neow_bonus":"THREE_ENEMY_KILL","is_prod":false,"is_daily":false,"chose_seed":false,"campfire_upgraded":4,"win_rate":0,"timestamp":1545922162,"path_taken":["M","?","?","M","?","E","R","M","T","R","M","$","?","M","R","BOSS","M","$","?","?","M","R","E"],"build_version":"2018-12-20","purchased_purges":1,"victory":false,"max_hp_per_floor":[66,66,66,66,66,66,66,66,66,66,66,66,66,66,66,66,66,66,66,66,66,66,66,66],"card_choices":[{"not_picked":["Flechettes","Dash"],"picked":"Leg Sweep","floor":1.0},{"not_picked":["Cloak And Dagger","Dagger Throw"],"picked":"Endless Agony","floor":4.0},{"not_picked":["Underhanded Strike","Poisoned Stab"],"picked":"Infinite Blades","floor":6.0},{"not_picked":["Dagger Throw","Crippling Poison"],"picked":"Leg Sweep","floor":8.0},{"not_picked":["Bane","Heel Hook"],"picked":"Backstab","floor":11.0},{"not_picked":["Bane","Deadly Poison"],"picked":"Noxious Fumes","floor":13.0},{"not_picked":["Dagger Throw","Prepared"],"picked":"Footwork","floor":14.0},{"not_picked":["Storm of Steel","Venomology"],"picked":"Grand Finale","floor":16},{"not_picked":["Prepared","Footwork+1"],"picked":"Acrobatics","floor":18},{"not_picked":["Choke+1","Bane","Deadly Poison"],"picked":"SKIP","floor":22}],"player_experience":1537587,"relics_obtained":[{"floor":6.0,"key":"Shuriken"},{"floor":9.0,"key":"Pen Nib"}],"event_choices":[{"damage_healed":0.0,"max_hp_gain":0.0,"max_hp_loss":0.0,"gold_gain":0.0,"cards_transformed":["Strike_G"],"event_name":"Living Wall","player_choice":"Change","floor":2.0,"gold_loss":0.0,"damage_taken":0.0,"cards_obtained":["Expertise"]},{"cards_removed":["Defend_G"],"damage_healed":0.0,"max_hp_gain":0.0,"max_hp_loss":0.0,"gold_gain":0.0,"event_name":"The Cleric","player_choice":"Card Removal","floor":3.0,"gold_loss":75.0,"damage_taken":0.0},{"damage_healed":0,"gold_gain":0,"player_choice":"Ignored","damage_taken":0,"max_hp_gain":0,"max_hp_loss":0,"event_name":"Vampires","floor":20,"gold_loss":0},{"damage_healed":0,"gold_gain":0,"player_choice":"Copied","damage_taken":0,"max_hp_gain":0,"max_hp_loss":0,"event_name":"Duplicator","floor":21,"gold_loss":0,"cards_obtained":["Acrobatics"]}],"is_beta":false,"boss_relics":[{"not_picked":["Snecko Eye","Velvet Choker"],"picked":"Ring of the Serpent"}],"items_purged_floors":[19],"is_endless":false,"potions_floor_spawned":[1,4,13,18],"killed_by":"Book of Stabbing","ascension_level":20}