{"gold_per_floor":[109,125,50,50,61,61,78,78,78,95,170,30,30,48,48,149,149,161,177,12,32,32,32,50,50,50,67,67,67],"floor_reached":29,"playtime":600,"items_purged":["Strike_B","Strike_B","Defend_B"],"score":217,"play_id":"82c42ee2-548b-4b3f-8888-181b1969440f","local_time":"20181123214908","is_ascension_mode":false,"campfire_choices":[{"data":"Defragment","floor":6.0,"key":"SMITH"},{"data":"Defragment","floor":13,"key":"SMITH"},{"data":"Zap","floor":15,"key":"SMITH"},{"data":"Loop","floor":23,"key":"SMITH"},{"data":"Defragment","floor":25,"key":"SMITH"},{"data":"Biased Cognition","floor":28,"key":"SMITH"}],"neow_cost":"TEN_PERCENT_HP_LOSS","seed_source_timestamp":20395340358471,"circlet_count":0,"master_deck":["Strike_B","Strike_B","Defend_B","Defend_B","Zap+1","Dualcast","Core Surge","White Noise","Defragment+1","Melter","Ball Lightning","Defragment+1","Coolheaded","Biased Cognition+1","Self Repair","Loop+1","Defragment+1","Amplify"],"special_seed":0,"relics":["Cracked Core","Question Card","Coffee Dripper","Shuriken"],"potions_floor_usage":[10,29,29,29,29],"damage_taken":[{"damage":0.0,"enemies":"Small Slimes","floor":1.0,"turns":2.0},{"damage":0.0,"enemies":"Cultist","floor":2.0,"turns":4.0},{"damage":1.0,"enemies":"Jaw Worm","floor":5.0,"turns":3.0},{"damage":26.0,"enemies":"Gremlin Gang","floor":7.0,"turns":4.0},{"damage":0,"enemies":"3 Louse","floor":10,"turns":2},{"damage":5,"enemies":"Looter","floor":14,"turns":2},{"damage":5,"enemies":"Slime Boss","floor":16,"turns":8},{"damage":0,"enemies":"Spheric Guardian","floor":18,"turns":2},{"damage":20,"enemies":"2 Thieves","floor":19,"turns":3},{"damage":12,"enemies":"Shelled Parasite and Fungi","floor":21,"turns":4},{"damage":21,"enemies":"Colosseum Slavers","floor":22,"turns":4},{"damage":15,"enemies":"Centurion and Healer","floor":24,"turns":4},{"damage":16,"enemies":"Snake Plant","floor":27,"turns":4},{"damage":19,"enemies":"Slavers","floor":29,"turns":1}],"seed_played":"-650470029302823461","potions_obtained":[{"floor":1.0,"key":"Strength Potion"},{"floor":7.0,"key":"Energy Potion"},{"floor":10,"key":"LiquidBronze"},{"floor":14,"key":"EntropicBrew"},{"floor":16,"key":"Fire Potion"}],"is_trial":false,"path_per_floor":["M","M","$","?","M","R","M","$","T","M","?","$","R","M","R","B",null,"M","M","$","M","?","R","M","R","T","M","R","E"],"character_chosen":"DEFECT","items_purchased":["Defragment","Loop"],"campfire_rested":0,"item_purchase_floors":[12,20],"current_hp_per_floor":[68,68,68,68,67,67,41,41,41,41,30,30,30,25,25,20,68,68,62,62,50,36,36,28,28,28,19,19,0],"gold":67,"neow_bonus":"THREE_RARE_CARDS","is_prod":false,"is_daily":false,"chose_seed":false,"campfire_upgraded":6,"win_rate":0,"timestamp":1542980948,"path_taken":["M","M","$","?","M","R","M","?","T","M","?","?","R","M","R","BOSS","M","?","$","?","?","R","M","R","T","M","R","E"],"build_version":"2018-11-15","purchased_purges":3,"victory":false,"max_hp_per_floor":[68,68,68,68,68,68,68,68,68,68,68,68,68,68,68,68,68,68,68,68,68,68,68,68,68,68,68,68,68],"card_choices":[{"not_picked":["Creative AI","Machine Learning"],"picked":"Core Surge","floor":0.0},{"not_picked":["Darkness","Stack"],"picked":"White Noise","floor":1.0},{"not_picked":["Steam","Turbo"],"picked":"Defragment","floor":2.0},{"not_picked":["Streamline","FTL"],"picked":"Melter","floor":5.0},{"not_picked":["Gash","Streamline","Reinforced Body"],"picked":"SKIP","floor":7.0},{"not_picked":["Streamline","Fusion","Conserve Battery"],"picked":"Ball Lightning","floor":10},{"not_picked":["Cold Snap","Steam","Ball Lightning"],"picked":"Coolheaded","floor":14},{"not_picked":["Echo Form","Hyperbeam","Seek"],"picked":"Biased Cognition","floor":16},{"not_picked":["Steam+1","Turbo+1","Streamline+1"],"picked":"Self Repair","floor":18},{"not_picked":["Streamline","Stack+1","Leap","Rip and Tear"],"picked":"SKIP","floor":19},{"not_picked":["Heatsinks","Go for the Eyes","Genetic Algorithm","Redo"],"picked":"SKIP","floor":21},{"not_picked":["Coolheaded+1","Aggregate","Ball Lightning"],"picked":"Defragment","floor":24},{"not_picked":["Rebound","Force Field","Leap"],"picked":"Amplify","floor":27}],"player_experience":1125075,"relics_obtained":[{"floor":9.0,"key":"Question Card"},{"floor":26,"key":"Shuriken"}],"event_choices":[{"cards_removed":["Defend_B"],"damage_healed":0.0,"max_hp_gain":0.0,"max_hp_loss":0.0,"gold_gain":0.0,"event_name":"Bonfire Elementals","player_choice":"Offered Basic","floor":4.0,"gold_loss":0.0,"damage_taken":0.0},{"damage_healed":0,"gold_gain":75,"player_choice":"Gather Gold","damage_taken":11,"max_hp_gain":0,"max_hp_loss":0,"event_name":"World of Goop","floor":11,"gold_loss":0},{"damage_healed":0,"gold_gain":0,"player_choice":"Fight","damage_taken":0,"max_hp_gain":0,"max_hp_loss":0,"event_name":"Colosseum","floor":22,"gold_loss":0},{"damage_healed":0,"gold_gain":0,"player_choice":"Fled From Nobs","damage_taken":0,"max_hp_gain":0,"max_hp_loss":0,"event_name":"Colosseum","floor":22,"gold_loss":0}],"is_beta":false,"boss_relics":[{"not_picked":["Lizard Tail","Fusion Hammer"],"picked":"Coffee Dripper"}],"items_purged_floors":[3,12,20],"is_endless":false,"potions_floor_spawned":[1,7,10,14,16,21,22,27],"killed_by":"Slavers","ascension_level":0}