{"gold_per_floor":[114,114,114,132,157,196,196,196,196,196,214,237,237,237],"floor_reached":14,"playtime":382,"items_purged":[],"score":180,"play_id":"7b05532a-36e4-4d3b-96e0-d8114e603496","local_time":"20190313121451","is_ascension_mode":true,"campfire_choices":[{"floor":8,"key":"DIG"},{"floor":10,"key":"DIG"},{"floor":13,"key":"DIG"}],"neow_cost":"NONE","seed_source_timestamp":1814661591540,"circlet_count":0,"master_deck":["AscendersBane","Defend_G","Defend_G","Defend_G","Defend_G","Defend_G","Strike_G","Strike_G","Strike_G","Strike_G","Strike_G","Survivor","Neutralize","Dagger Throw","Deadly Poison","Bouncing Flask","Pain","Backflip"],"relics":["Ring of the Snake","Bag of Preparation","Golden Idol","Shovel","WarpedTongs","Shuriken","Pocketwatch","FossilizedHelix","Bronze Scales"],"potions_floor_usage":[6,6],"damage_taken":[{"damage":1,"enemies":"2 Louse","floor":1,"turns":2},{"damage":2,"enemies":"Jaw Worm","floor":4,"turns":4},{"damage":0,"enemies":"Cultist","floor":5,"turns":4},{"damage":51,"enemies":"Gremlin Nob","floor":6,"turns":6},{"damage":0,"enemies":"Blue Slaver","floor":11,"turns":5},{"damage":6,"enemies":"Looter","floor":12,"turns":4},{"damage":0,"enemies":"Lots of Slimes","floor":14,"turns":2}],"seed_played":"-2688951264267356667","potions_obtained":[{"floor":1,"key":"SpeedPotion"},{"floor":4,"key":"SpeedPotion"},{"floor":11,"key":"FearPotion"}],"is_trial":false,"path_per_floor":["M","?","?","M","M","E","?","R","T","R","M","M","R","M"],"character_chosen":"THE_SILENT","items_purchased":[],"campfire_rested":0,"item_purchase_floors":[],"current_hp_per_floor":[58,63,63,61,61,10,10,10,10,10,10,4,4,4],"gold":237,"neow_bonus":"RANDOM_COMMON_RELIC","is_prod":false,"is_daily":false,"chose_seed":false,"campfire_upgraded":0,"win_rate":0,"timestamp":1552450491,"path_taken":["M","?","?","M","M","E","?","R","T","R","M","M","R","M"],"build_version":"2019-01-23","purchased_purges":0,"victory":false,"max_hp_per_floor":[66,71,64,64,64,64,64,64,64,64,64,64,64,64],"card_choices":[{"not_picked":["Expertise","Slice"],"picked":"Dagger Throw","floor":1},{"not_picked":["Cloak And Dagger","Dagger Throw"],"picked":"Deadly Poison","floor":4},{"not_picked":["Concentrate","Prepared","Dagger Spray"],"picked":"SKIP","floor":5},{"not_picked":["Dagger Throw","Doppelganger"],"picked":"Bouncing Flask","floor":6},{"not_picked":["Sucker Punch","Dagger Throw"],"picked":"Backflip","floor":11},{"not_picked":["Eviscerate","Terror","Flechettes"],"picked":"SKIP","floor":12}],"player_experience":3538755,"relics_obtained":[{"floor":6,"key":"Shovel"},{"floor":8,"key":"Shuriken"},{"floor":9,"key":"Pocketwatch"},{"floor":10,"key":"FossilizedHelix"},{"floor":13,"key":"Bronze Scales"}],"event_choices":[{"damage_healed":0,"gold_gain":0,"player_choice":"Donut","damage_taken":0,"max_hp_gain":5,"max_hp_loss":0,"event_name":"Big Fish","floor":2,"gold_loss":0},{"damage_healed":0,"gold_gain":0,"player_choice":"Lose Max HP","damage_taken":0,"relics_obtained":["Golden Idol"],"max_hp_gain":0,"max_hp_loss":7,"event_name":"Golden Idol","floor":3,"gold_loss":0},{"damage_healed":0,"gold_gain":0,"player_choice":"Rummage","damage_taken":0,"relics_obtained":["WarpedTongs"],"max_hp_gain":0,"max_hp_loss":0,"event_name":"Accursed Blacksmith","floor":7,"gold_loss":0,"cards_obtained":["Pain"]}],"is_beta":false,"boss_relics":[],"items_purged_floors":[],"is_endless":false,"potions_floor_spawned":[1,4,11],"killed_by":"Lots of Slimes","ascension_level":20}