{"gold_per_floor":[113,133,133,147,157,157,169,184,184,184,198,40,40,52,52,126,126,146,146,146],"floor_reached":20,"playtime":578,"items_purged":["Strike_G"],"score":436,"play_id":"2f6472d1-9d24-4717-a032-fdb627c3b2f6","local_time":"20181229111721","is_ascension_mode":true,"campfire_choices":[{"data":"Noxious Fumes","floor":6.0,"key":"SMITH"},{"data":"Deadly Poison","floor":13.0,"key":"SMITH"},{"data":"A Thousand Cuts","floor":15.0,"key":"SMITH"}],"neow_cost":"NONE","seed_source_timestamp":1558931873076,"circlet_count":0,"master_deck":["AscendersBane","Defend_G","Defend_G","Defend_G","Defend_G","Defend_G","Strike_G","Strike_G","Strike_G","Survivor","Neutralize","Crippling Poison","Noxious Fumes+1","Backstab","A Thousand Cuts+1","Deadly Poison+1","A Thousand Cuts","Backflip"],"special_seed":0,"relics":["Ring of the Snake","NeowsBlessing","Bronze Scales","Velvet Choker"],"potions_floor_usage":[],"damage_taken":[{"damage":0.0,"enemies":"Small Slimes","floor":1.0,"turns":1.0},{"damage":0.0,"enemies":"Cultist","floor":2.0,"turns":1.0},{"damage":0.0,"enemies":"Jaw Worm","floor":4.0,"turns":1.0},{"damage":0.0,"enemies":"2 Fungi Beasts","floor":5.0,"turns":5.0},{"damage":19.0,"enemies":"Exordium Thugs","floor":7.0,"turns":6.0},{"damage":0.0,"enemies":"Gremlin Gang","floor":8.0,"turns":3.0},{"damage":10.0,"enemies":"Exordium Wildlife","floor":11.0,"turns":4.0},{"damage":8.0,"enemies":"Exordium Thugs","floor":14.0,"turns":5.0},{"damage":0.0,"enemies":"Slime Boss","floor":16.0,"turns":8.0},{"damage":4.0,"enemies":"Spheric Guardian","floor":18.0,"turns":4.0},{"damage":0,"enemies":"Chosen","floor":20,"turns":3}],"seed_played":"5947582621814399357","potions_obtained":[{"floor":2.0,"key":"Explosive Potion"},{"floor":7.0,"key":"LiquidBronze"},{"floor":11.0,"key":"Explosive Potion"},{"floor":16.0,"key":"Ancient Potion"}],"is_trial":false,"path_per_floor":["M","M","?","M","M","R","M","M","T","?","M","$","R","M","R","B",null,"M","?","M"],"character_chosen":"THE_SILENT","items_purchased":["GhostInAJar"],"campfire_rested":0,"item_purchase_floors":[12],"current_hp_per_floor":[59,59,48,48,48,48,29,29,29,29,19,19,19,11,11,11,52,48,48,48],"gold":146,"neow_bonus":"THREE_ENEMY_KILL","is_prod":false,"is_daily":false,"chose_seed":false,"campfire_upgraded":3,"win_rate":0,"timestamp":1546053441,"path_taken":["M","M","?","M","M","R","M","M","T","?","?","$","R","M","R","BOSS","M","?","M"],"build_version":"2018-12-20","purchased_purges":1,"victory":false,"max_hp_per_floor":[66,66,66,66,66,66,66,66,66,66,66,66,66,66,66,66,66,66,66,66],"card_choices":[{"not_picked":["PiercingWail","Blade Dance"],"picked":"Crippling Poison","floor":1.0},{"not_picked":["Flying Knee","Bane","Eviscerate"],"picked":"SKIP","floor":2.0},{"not_picked":["Deflect","Expertise"],"picked":"Noxious Fumes","floor":4.0},{"not_picked":["Dodge and Roll","Dagger Throw","Prepared"],"picked":"SKIP","floor":5.0},{"not_picked":["Crippling Poison","Dagger Spray"],"picked":"Backstab","floor":7.0},{"not_picked":["Crippling Poison","Dagger Throw"],"picked":"A Thousand Cuts","floor":8.0},{"not_picked":["Bane","Skewer"],"picked":"Deadly Poison","floor":11.0},{"not_picked":["Finisher","Endless Agony","Distraction"],"picked":"SKIP","floor":14.0},{"not_picked":["Envenom","Storm of Steel"],"picked":"A Thousand Cuts","floor":16.0},{"not_picked":["Acrobatics","Finisher"],"picked":"Backflip","floor":18.0}],"player_experience":1558353,"relics_obtained":[],"event_choices":[{"damage_healed":0.0,"max_hp_gain":0.0,"max_hp_loss":0.0,"gold_gain":0.0,"event_name":"Scrap Ooze","player_choice":"Success","floor":3.0,"gold_loss":0.0,"damage_taken":11.0,"relics_obtained":["Bronze Scales"]},{"cards_removed":["Strike_G"],"damage_healed":0.0,"max_hp_gain":0.0,"max_hp_loss":0.0,"gold_gain":0.0,"event_name":"Purifier","player_choice":"Purged","floor":10.0,"gold_loss":0.0,"damage_taken":0.0},{"damage_healed":0,"gold_gain":0,"player_choice":"Ignored","damage_taken":0,"max_hp_gain":0,"max_hp_loss":0,"event_name":"Cursed Tome","floor":19,"gold_loss":0}],"is_beta":false,"boss_relics":[{"not_picked":["White Beast Statue","Orrery"],"picked":"Velvet Choker"}],"items_purged_floors":[12],"is_endless":false,"potions_floor_spawned":[2,7,11,16],"killed_by":"Chosen","ascension_level":20}