{"gold_per_floor":[119,44,44,44,68,68,68,101,128,144,44,44,69,94,94,193,193,218,93,243,22,36,36,74,74,74,107,125,125,125,149,149,239,239,258,271,292,55,0,0,0,0,53,72,72,72,108,133,133,133],"floor_reached":50,"playtime":2790,"items_purged":["Strike_G","Strike_G","Strike_G","Strike_G"],"score":1191,"play_id":"efbbf6ce-5e8c-4238-bb77-23d1b448d163","local_time":"20190125152538","is_ascension_mode":true,"campfire_choices":[{"data":"Reflex","floor":6.0,"key":"SMITH"},{"data":"Corpse Explosion","floor":15.0,"key":"SMITH"},{"data":"Acrobatics","floor":23.0,"key":"SMITH"},{"data":"Tactician","floor":25.0,"key":"SMITH"},{"data":"Well Laid Plans","floor":29.0,"key":"SMITH"},{"data":"Prepared","floor":32.0,"key":"SMITH"},{"data":"Calculated Gamble","floor":40,"key":"SMITH"},{"data":"Tools of the Trade","floor":42,"key":"SMITH"},{"data":"Flechettes","floor":46,"key":"SMITH"},{"floor":49,"key":"RECALL"}],"neow_cost":"NONE","seed_source_timestamp":8652125251729,"circlet_count":0,"master_deck":["AscendersBane","Strike_G+1","Survivor","Neutralize","Reflex+1","Flechettes+1","Corpse Explosion+1","Predator+1","Tools of the Trade+1","Well Laid Plans+1","Acrobatics+1","Outmaneuver","Tactician+1","Prepared+1","theJungle:Gourd","theJungle:Gourd","theJungle:Gourd","theJungle:Gourd","theJungle:Gourd","Adrenaline","Catalyst+1","Calculated Gamble+1","Calculated Gamble+1"],"special_seed":0,"relics":["Ring of the Snake","NeowsBlessing","Golden Idol","Bag of Preparation","Pantograph","Orrery","Medical Kit","Matryoshka","Orichalcum","Bottled Tornado","Ninja Scroll","Runic Pyramid","Red Mask","Blood Vial","Art of War","Whetstone"],"potions_floor_usage":[36,44],"damage_taken":[{"damage":0.0,"enemies":"Cultist","floor":1.0,"turns":1.0},{"damage":0.0,"enemies":"2 Louse","floor":5.0,"turns":1.0},{"damage":0.0,"enemies":"3 Sentries","floor":8.0,"turns":1.0},{"damage":0.0,"enemies":"Small Slimes","floor":10.0,"turns":2.0},{"damage":4.0,"enemies":"Blue Slaver","floor":13.0,"turns":4.0},{"damage":3.0,"enemies":"Looter","floor":14.0,"turns":3.0},{"damage":44.0,"enemies":"The Guardian","floor":16.0,"turns":9.0},{"damage":11.0,"enemies":"theJungle:MUSHROOMGANG","floor":18.0,"turns":4.0},{"damage":1.0,"enemies":"theJungle:GiantWrat","floor":22.0,"turns":6.0},{"damage":26.0,"enemies":"theJungle:2_Phrogs","floor":24.0,"turns":5.0},{"damage":2.0,"enemies":"theJungle:MamaSnecko","floor":27.0,"turns":6.0},{"damage":0.0,"enemies":"theJungle:JungleHuntersEncounter","floor":28.0,"turns":6.0},{"damage":0.0,"enemies":"theJungle:2_Snecko_Cultists","floor":31.0,"turns":2.0},{"damage":14.0,"enemies":"theJungle:FunGuy","floor":33.0,"turns":12.0},{"damage":3,"enemies":"3 Darklings","floor":35,"turns":3},{"damage":0,"enemies":"3 Shapes","floor":36,"turns":5},{"damage":0,"enemies":"Writhing Mass","floor":37,"turns":6},{"damage":0,"enemies":"Sphere and 2 Shapes","floor":44,"turns":4},{"damage":0,"enemies":"Giant Head","floor":47,"turns":5},{"damage":0,"enemies":"4 Shapes","floor":48,"turns":6},{"damage":63,"enemies":"Time Eater","floor":50,"turns":4}],"seed_played":"5222419176440468026","potions_obtained":[{"floor":1.0,"key":"Strength Potion"},{"floor":10.0,"key":"SpeedPotion"},{"floor":24.0,"key":"Poison Potion"},{"floor":27.0,"key":"Block Potion"},{"floor":28.0,"key":"EssenceOfSteel"},{"floor":36,"key":"Poison Potion"},{"floor":44,"key":"Dexterity Potion"}],"is_trial":false,"path_per_floor":["M","$","?","?","M","R","$","E","T","M","$","T","M","M","R","B",null,"M","$","?","$","M","R","E","R","T","E","M","R","?","M","R","B",null,"M","M","M","$","?","R","?","R","T","M","$","R","E","M","R","B"],"character_chosen":"THE_SILENT","items_purchased":["Medical Kit","Calculated Gamble"],"campfire_rested":0,"item_purchase_floors":[21,38],"current_hp_per_floor":[59,59,59,59,59,59,59,59,59,59,59,59,55,52,52,16,49,38,38,38,38,37,37,11,11,11,9,9,9,9,9,9,20,50,47,47,47,47,47,47,47,47,47,49,49,49,51,53,53,0],"gold":133,"neow_bonus":"THREE_ENEMY_KILL","is_prod":false,"is_daily":false,"chose_seed":false,"campfire_upgraded":9,"win_rate":0,"timestamp":1548401138,"path_taken":["M","?","?","?","M","R","$","E","T","M","$","?","M","M","R","BOSS","M","$","?","$","M","R","E","R","T","E","M","R","?","M","R","BOSS","M","M","M","$","?","R","?","R","T","?","$","R","E","M","R","BOSS"],"build_version":"2019-01-23","purchased_purges":4,"victory":false,"max_hp_per_floor":[66,66,60,60,60,60,60,60,60,60,60,60,60,60,60,60,60,60,60,60,60,60,60,60,60,60,60,60,60,60,60,60,60,60,60,60,60,60,60,60,60,60,60,60,60,60,60,60,60,60],"card_choices":[{"not_picked":["Backflip","Dash"],"picked":"Reflex","floor":1.0},{"not_picked":["Underhanded Strike","Expertise"],"picked":"Flechettes","floor":5.0},{"not_picked":["All Out Attack","Finisher"],"picked":"Corpse Explosion","floor":8.0},{"not_picked":["Outmaneuver","PiercingWail","Blade Dance"],"picked":"SKIP","floor":10.0},{"not_picked":["Dagger Throw","Dagger Spray"],"picked":"Predator","floor":13.0},{"not_picked":["Escape Plan","Quick Slash","Choke"],"picked":"SKIP","floor":14.0},{"not_picked":["Malaise","Burst"],"picked":"Tools of the Trade","floor":16.0},{"not_picked":["Flying Knee","Underhanded Strike"],"picked":"Well Laid Plans","floor":17.0},{"not_picked":["Terror","Backflip"],"picked":"Acrobatics","floor":17.0},{"not_picked":["Sucker Punch","Slice"],"picked":"Outmaneuver","floor":17.0},{"not_picked":["Bane","Acrobatics"],"picked":"Tactician","floor":18.0},{"not_picked":["Slice","Deflect","Eviscerate+1"],"picked":"SKIP","floor":22.0},{"not_picked":["Envenom","Endless Agony"],"picked":"Prepared","floor":24.0},{"not_picked":["Noxious Fumes","Choke","Heel Hook"],"picked":"SKIP","floor":27.0},{"not_picked":["Dash","Flying Knee","Riddle With Holes"],"picked":"SKIP","floor":28.0},{"not_picked":["Escape Plan","Backflip","All Out Attack+1"],"picked":"SKIP","floor":31.0},{"not_picked":["Malaise","Die Die Die"],"picked":"Adrenaline","floor":33.0},{"not_picked":["Blade Dance+1","Cloak And Dagger","Dash"],"picked":"SKIP","floor":35},{"not_picked":["Poisoned Stab","Noxious Fumes"],"picked":"Catalyst+1","floor":36},{"not_picked":["Backflip","Flying Knee","Footwork"],"picked":"SKIP","floor":37},{"not_picked":["Concentrate","Backstab","Quick Slash"],"picked":"SKIP","floor":44},{"not_picked":["Dash","Predator","Eviscerate"],"picked":"SKIP","floor":47},{"not_picked":["Poisoned Stab+1","Backstab","Infinite Blades"],"picked":"SKIP","floor":48}],"player_experience":2230968,"relics_obtained":[{"floor":8.0,"key":"Bag of Preparation"},{"floor":12.0,"key":"Pantograph"},{"floor":24.0,"key":"Matryoshka"},{"floor":26.0,"key":"Orichalcum"},{"floor":26.0,"key":"Bottled Tornado"},{"floor":27.0,"key":"Ninja Scroll"},{"floor":43,"key":"Blood Vial"},{"floor":43,"key":"Art of War"},{"floor":47,"key":"Whetstone"}],"event_choices":[{"damage_healed":0.0,"max_hp_gain":0.0,"max_hp_loss":6.0,"gold_gain":0.0,"event_name":"Golden Idol","player_choice":"Lose Max HP","floor":3.0,"gold_loss":0.0,"damage_taken":0.0,"relics_obtained":["Golden Idol"]},{"damage_healed":0.0,"max_hp_gain":0.0,"max_hp_loss":0.0,"gold_gain":0.0,"event_name":"The Cleric","player_choice":"Leave","floor":4.0,"gold_loss":0.0,"damage_taken":0.0},{"damage_healed":0,"gold_gain":0,"player_choice":"Paid","damage_taken":0,"relics_obtained":["Red Mask"],"max_hp_gain":0,"max_hp_loss":0,"event_name":"Tomb of Lord Red Mask","floor":39,"gold_loss":55},{"damage_healed":0,"gold_gain":0,"player_choice":"Copied","damage_taken":0,"max_hp_gain":0,"max_hp_loss":0,"event_name":"Duplicator","floor":41,"gold_loss":0,"cards_obtained":["Calculated Gamble"]}],"is_beta":false,"boss_relics":[{"not_picked":["WristBlade","Tiny House"],"picked":"Orrery"},{"not_picked":["Snecko Eye","Empty Cage"],"picked":"Runic Pyramid"}],"items_purged_floors":[2,11,19,38],"is_endless":false,"potions_floor_spawned":[1,10,14,24,27,28,36,44],"killed_by":"Time Eater","ascension_level":20}