{"gold_per_floor":[113,129,129,129,147,147,176,176,176,233,252,252,270,281,281,358,358,375,33,33,49,49,49,68,68,68,83,83,99,3,16,16,91,91,108,108,122,122,142,142,158,158,158,173,173,173,192,192,192,192,192,192,192,3,36,36],"floor_reached":57,"playtime":3583,"items_purged":["Consume"],"score":2607,"play_id":"8b9a295b-23fd-446b-af4b-2dca5edead4d","local_time":"20190602111729","is_ascension_mode":true,"campfire_choices":[{"data":"Dualcast","floor":6.0,"key":"SMITH"},{"floor":8.0,"key":"REST"},{"data":"Turbo","floor":12.0,"key":"SMITH"},{"data":"Recycle","floor":15.0,"key":"SMITH"},{"data":"Loop","floor":25.0,"key":"SMITH"},{"data":"Coolheaded","floor":28.0,"key":"SMITH"},{"data":"Panacea","floor":32.0,"key":"SMITH"},{"data":"Turbo","floor":40.0,"key":"SMITH"},{"data":"Loop","floor":42.0,"key":"SMITH"},{"floor":45.0,"key":"RECALL"},{"data":"Redo","floor":49.0,"key":"SMITH"},{"data":"Coolheaded","floor":53.0,"key":"SMITH"}],"neow_cost":"NONE","seed_source_timestamp":63091358499315,"circlet_count":0,"master_deck":["AscendersBane","Dualcast+1","Echo Form","Cold Snap","Coolheaded+1","Seek","Cold Snap+1","Creative AI","Turbo+1","Recycle+1","Chill","All For One+1","Redo+1","Reprogram","Turbo+1","Biased Cognition","Sunder+1","All For One+1","Hyperbeam+1","Defragment","Glacier","Biased Cognition","Loop+1","Biased Cognition","Coolheaded+1","Heatsinks+1","Panacea+1","Storm","Seek","Heatsinks","Loop+1","Storm+1","Defragment+1"],"special_seed":0,"relics":["Cracked Core","Molten Egg 2","Strawberry","Tiny Chest","Pandora\u0027s Box","Cables","Cursed Key","GremlinMask","PreservedInsect","DataDisk"],"potions_floor_usage":[56,56,56,56],"damage_taken":[{"damage":1.0,"enemies":"Small Slimes","floor":1.0,"turns":3.0},{"damage":1.0,"enemies":"Cultist","floor":2.0,"turns":3.0},{"damage":4.0,"enemies":"Jaw Worm","floor":5.0,"turns":4.0},{"damage":53.0,"enemies":"Gremlin Nob","floor":7.0,"turns":5.0},{"damage":1.0,"enemies":"Lagavulin","floor":10.0,"turns":7.0},{"damage":7.0,"enemies":"Red Slaver","floor":11.0,"turns":4.0},{"damage":9.0,"enemies":"Looter","floor":13.0,"turns":3.0},{"damage":4.0,"enemies":"2 Fungi Beasts","floor":14.0,"turns":4.0},{"damage":2.0,"enemies":"Hexaghost","floor":16.0,"turns":10.0},{"damage":0.0,"enemies":"3 Byrds","floor":18.0,"turns":2.0},{"damage":0.0,"enemies":"Chosen","floor":21.0,"turns":2.0},{"damage":21.0,"enemies":"Shelled Parasite and Fungi","floor":24.0,"turns":6.0},{"damage":0.0,"enemies":"Snecko","floor":27.0,"turns":4.0},{"damage":0.0,"enemies":"Centurion and Healer","floor":29.0,"turns":10.0},{"damage":0.0,"enemies":"3 Cultists","floor":31.0,"turns":3.0},{"damage":0.0,"enemies":"Collector","floor":33.0,"turns":7.0},{"damage":0.0,"enemies":"3 Shapes","floor":35.0,"turns":3.0},{"damage":0.0,"enemies":"3 Darklings","floor":37.0,"turns":5.0},{"damage":0.0,"enemies":"Transient","floor":39.0,"turns":6.0},{"damage":6.0,"enemies":"Sphere and 2 Shapes","floor":41.0,"turns":3.0},{"damage":0.0,"enemies":"Maw","floor":44.0,"turns":5.0},{"damage":0.0,"enemies":"Spire Growth","floor":47.0,"turns":3.0},{"damage":22.0,"enemies":"Awakened One","floor":50.0,"turns":7.0},{"damage":34.0,"enemies":"Time Eater","floor":51.0,"turns":7.0},{"damage":32,"enemies":"Shield and Spear","floor":55,"turns":2},{"damage":22,"enemies":"The Heart","floor":56,"turns":7}],"seed_played":"-4794545671324513586","potions_obtained":[{"floor":2.0,"key":"Energy Potion"},{"floor":10.0,"key":"Strength Potion"},{"floor":13.0,"key":"SkillPotion"},{"floor":21.0,"key":"Ancient Potion"},{"floor":29.0,"key":"PowerPotion"}],"is_trial":false,"path_per_floor":["M","M","?","?","M","R","E","R","T","E","M","R","M","M","R","B",null,"M","$","?","M","?","?","M","R","T","M","R","M","$","M","R","B",null,"M","?","M","?","M","R","M","R","T","M","R","T","M","?","R","B","B",null,"R","$","E","B",null],"character_chosen":"DEFECT","items_purchased":["Glacier","Cables","Panacea","EntropicBrew"],"campfire_rested":1,"item_purchase_floors":[19,19,30,54],"current_hp_per_floor":[63,62,62,58,54,54,1,22,29,28,21,21,12,8,8,6,60,60,60,60,60,60,60,39,39,39,39,39,39,39,39,39,39,68,68,68,68,68,68,68,62,62,62,62,62,62,62,62,62,40,6,60,60,60,28,6],"gold":36,"neow_bonus":"ONE_RANDOM_RARE_CARD","is_prod":false,"is_daily":false,"chose_seed":false,"campfire_upgraded":10,"win_rate":0,"timestamp":1559445449,"path_taken":["M","M","?","?","M","R","E","R","T","E","M","R","?","M","R","BOSS","M","$","?","?","?","?","M","R","T","M","R","M","$","M","R","BOSS","M","?","?","?","M","R","M","R","T","?","R","?","M","?","R","BOSS","BOSS","R","$","E","BOSS"],"build_version":"2019-01-23","purchased_purges":1,"victory":true,"max_hp_per_floor":[71,71,71,71,71,71,71,71,78,78,78,78,78,78,78,78,78,78,78,78,78,78,78,78,78,78,78,78,78,78,78,78,78,78,78,78,78,78,78,78,78,78,78,78,78,78,78,78,78,78,78,78,78,78,78,78],"card_choices":[{"not_picked":["Streamline","Melter"],"picked":"Cold Snap","floor":1.0},{"not_picked":["Cold Snap","Beam Cell"],"picked":"Coolheaded","floor":2.0},{"not_picked":["Undo","Rebound"],"picked":"Seek","floor":5.0},{"not_picked":["Static Discharge","Leap"],"picked":"Cold Snap","floor":7.0},{"not_picked":["Ball Lightning+1","Loop"],"picked":"Creative AI","floor":10.0},{"not_picked":["Hologram","Gash+1"],"picked":"Turbo","floor":11.0},{"not_picked":["Conserve Battery","Cold Snap+1"],"picked":"Recycle","floor":13.0},{"not_picked":["Hologram","Reprogram"],"picked":"Chill","floor":14.0},{"not_picked":["Fission","Multi-Cast"],"picked":"All For One+1","floor":16.0},{"not_picked":["Turbo","Gash+1"],"picked":"Defragment","floor":18.0},{"not_picked":["Gash+1","Sweeping Beam+1"],"picked":"Biased Cognition","floor":21.0},{"not_picked":["Fusion+1","Conserve Battery","Compile Driver+1"],"picked":"SKIP","floor":24.0},{"not_picked":["Conserve Battery","Sweeping Beam+1"],"picked":"Coolheaded","floor":27.0},{"not_picked":["Gash+1","Hologram"],"picked":"Heatsinks+1","floor":29.0},{"not_picked":["White Noise","Force Field+1"],"picked":"Storm","floor":31.0},{"not_picked":["Machine Learning","Hyperbeam+1"],"picked":"Seek","floor":33.0},{"not_picked":["Beam Cell+1","Rebound+1","Stack"],"picked":"SKIP","floor":35.0},{"not_picked":["Ball Lightning+1","Consume"],"picked":"Heatsinks","floor":37.0},{"not_picked":["Steam","Darkness"],"picked":"Loop","floor":39.0},{"not_picked":["Compile Driver+1","FTL+1"],"picked":"Storm+1","floor":41.0},{"not_picked":["Undo","Sweeping Beam+1","Streamline+1"],"picked":"SKIP","floor":44.0},{"not_picked":["Leap","Compile Driver+1"],"picked":"Defragment+1","floor":47.0},{"not_picked":["Undo","Sunder+1","Hologram"],"picked":"SKIP","floor":55}],"player_experience":5003042,"relics_obtained":[{"floor":7.0,"key":"Molten Egg 2"},{"floor":9.0,"key":"Strawberry"},{"floor":10.0,"key":"Tiny Chest"},{"floor":38.0,"key":"PreservedInsect"},{"floor":55,"key":"DataDisk"}],"event_choices":[{"damage_healed":0.0,"max_hp_gain":0.0,"max_hp_loss":0.0,"gold_gain":0.0,"event_name":"Liars Game","player_choice":"Ignored","floor":3.0,"gold_loss":0.0,"damage_taken":0.0},{"damage_healed":0.0,"max_hp_gain":0.0,"max_hp_loss":0.0,"gold_gain":0.0,"event_name":"The Woman in Blue","player_choice":"Bought 0 Potions","floor":4.0,"gold_loss":0.0,"damage_taken":0.0},{"damage_healed":0.0,"max_hp_gain":0.0,"max_hp_loss":0.0,"gold_gain":0.0,"event_name":"Match and Keep!","player_choice":"2 cards matched","floor":20.0,"gold_loss":0.0,"damage_taken":0.0,"cards_obtained":["Biased Cognition","Loop"]},{"damage_healed":0.0,"max_hp_gain":0.0,"max_hp_loss":0.0,"gold_gain":0.0,"event_name":"Vampires","player_choice":"Ignored","floor":22.0,"gold_loss":0.0,"damage_taken":0.0},{"damage_healed":0.0,"max_hp_gain":0.0,"max_hp_loss":0.0,"gold_gain":0.0,"event_name":"FaceTrader","player_choice":"Trade","floor":36.0,"gold_loss":0.0,"damage_taken":0.0,"relics_obtained":["GremlinMask"]},{"damage_healed":0.0,"max_hp_gain":0.0,"max_hp_loss":0.0,"gold_gain":0.0,"event_name":"Wheel of Change","player_choice":"Relic","floor":38.0,"gold_loss":0.0,"damage_taken":0.0},{"cards_removed":["Zap"],"damage_healed":0.0,"max_hp_gain":0.0,"max_hp_loss":0.0,"gold_gain":0.0,"event_name":"Bonfire Elementals","player_choice":"Offered Basic","floor":48.0,"gold_loss":0.0,"damage_taken":0.0}],"is_beta":false,"boss_relics":[{"not_picked":["White Beast Statue","Tiny House"],"picked":"Pandora\u0027s Box"},{"not_picked":["Eternal Feather","Inserter"],"picked":"Cursed Key"}],"items_purged_floors":[54],"is_endless":false,"potions_floor_spawned":[2,10,13,16,21,29,31,41,47],"ascension_level":20}