{"gold_per_floor":[115,115,129,54,54,83,83,95,95,107,107,133,133,164,164,260,260,278,278,278,302,217,257,257,257,257,296,310,324,324,224,224,317,317,336,669,226,226,226,226,11,11,11,26,77,77,96,108,108,108,108,108,108,14,46,46],"floor_reached":57,"playtime":2285,"items_purged":["Strike_B","Strike_B","Defend_B"],"score":2958,"play_id":"93e18a98-1b8a-4fa1-82f2-f10b1700b06d","local_time":"20190402230351","is_ascension_mode":true,"campfire_choices":[{"data":"Zap","floor":7.0,"key":"SMITH"},{"data":"Lockon","floor":11.0,"key":"SMITH"},{"data":"Dualcast","floor":15.0,"key":"SMITH"},{"data":"Turbo","floor":24.0,"key":"SMITH"},{"data":"Defragment","floor":30.0,"key":"SMITH"},{"data":"Coolheaded","floor":32.0,"key":"SMITH"},{"data":"Capacitor","floor":40.0,"key":"SMITH"},{"data":"Hologram","floor":42.0,"key":"SMITH"},{"data":"Defragment","floor":46.0,"key":"SMITH"},{"floor":49.0,"key":"RECALL"},{"data":"Reinforced Body","floor":53,"key":"SMITH"}],"neow_cost":"NONE","seed_source_timestamp":55997936137972,"circlet_count":0,"master_deck":["AscendersBane","Defend_B","Defend_B","Zap+1","Dualcast+1","Consume+1","Capacitor+1","Lockon+1","Ball Lightning","Seek","Ball Lightning","Creative AI","Turbo+1","Electrodynamics","Hologram+1","Reinforced Body+1","BootSequence","Coolheaded+1","Multi-Cast+1","Coolheaded+1","Defragment+1","All For One","Double Energy+1","Defragment+1","Undo+1","Coolheaded+1","Heatsinks","Turbo+1","Capacitor"],"special_seed":0,"relics":["FrozenCore","NeowsBlessing","Bottled Lightning","Sundial","Shuriken","Boot","Vajra","FossilizedHelix","Toxic Egg 2","Orichalcum","Nuclear Battery","Pocketwatch","Medical Kit","Ancient Tea Set","Lantern"],"potions_floor_usage":[56,56],"damage_taken":[{"damage":0.0,"enemies":"Cultist","floor":1.0,"turns":1.0},{"damage":0.0,"enemies":"2 Louse","floor":3.0,"turns":1.0},{"damage":0.0,"enemies":"Lagavulin","floor":6.0,"turns":1.0},{"damage":11.0,"enemies":"Small Slimes","floor":8.0,"turns":3.0},{"damage":7.0,"enemies":"2 Fungi Beasts","floor":10.0,"turns":3.0},{"damage":25.0,"enemies":"3 Sentries","floor":12.0,"turns":6.0},{"damage":0.0,"enemies":"Gremlin Nob","floor":14.0,"turns":2.0},{"damage":19.0,"enemies":"The Guardian","floor":16.0,"turns":7.0},{"damage":0.0,"enemies":"Chosen","floor":18.0,"turns":5.0},{"damage":6.0,"enemies":"Spheric Guardian","floor":21.0,"turns":3.0},{"damage":5.0,"enemies":"Gremlin Leader","floor":23.0,"turns":5.0},{"damage":4.0,"enemies":"Slavers","floor":27.0,"turns":3.0},{"damage":0.0,"enemies":"Chosen and Byrds","floor":28.0,"turns":4.0},{"damage":0.0,"enemies":"Cultist and Chosen","floor":29.0,"turns":5.0},{"damage":0.0,"enemies":"Automaton","floor":33.0,"turns":11.0},{"damage":0.0,"enemies":"Orb Walker","floor":35.0,"turns":3.0},{"damage":0.0,"enemies":"3 Shapes","floor":44.0,"turns":3.0},{"damage":0.0,"enemies":"Writhing Mass","floor":47.0,"turns":5.0},{"damage":0.0,"enemies":"Maw","floor":48.0,"turns":5.0},{"damage":0.0,"enemies":"Donu and Deca","floor":50.0,"turns":9.0},{"damage":16,"enemies":"Awakened One","floor":51,"turns":13},{"damage":0,"enemies":"Shield and Spear","floor":55,"turns":3},{"damage":38,"enemies":"The Heart","floor":56,"turns":11}],"seed_played":"-4044952261772160600","potions_obtained":[{"floor":6.0,"key":"Swift Potion"},{"floor":8.0,"key":"GamblersBrew"},{"floor":12.0,"key":"SkillPotion"},{"floor":16.0,"key":"Regen Potion"},{"floor":18.0,"key":"Strength Potion"},{"floor":23.0,"key":"Explosive Potion"},{"floor":33.0,"key":"PowerPotion"},{"floor":47.0,"key":"FocusPotion"}],"is_trial":false,"path_per_floor":["M","$","M","$","?","E","R","M","T","M","R","E","?","E","R","B",null,"M","?","?","M","?","E","R","?","T","E","M","M","R","$","R","B",null,"M","?","$","?","?","R","$","R","T","M","T","R","M","M","R","B","B",null,"R","$","E","B",null],"character_chosen":"DEFECT","items_purchased":["Pocketwatch","Medical Kit","Heatsinks","Turbo+1"],"campfire_rested":0,"item_purchase_floors":[37,41,54,54],"current_hp_per_floor":[64,64,64,64,64,64,64,53,53,46,46,21,21,21,21,2,49,49,49,49,43,43,52,52,52,52,48,48,48,48,48,48,48,60,60,60,60,60,60,60,60,60,60,60,60,60,60,60,60,60,44,59,59,59,59,21],"gold":46,"neow_bonus":"THREE_ENEMY_KILL","is_prod":false,"is_daily":false,"chose_seed":false,"campfire_upgraded":10,"win_rate":0,"timestamp":1554217431,"path_taken":["M","?","M","$","?","E","R","M","T","M","R","E","?","E","R","BOSS","M","?","?","?","?","E","R","?","T","E","M","M","R","?","R","BOSS","M","?","$","?","?","R","$","R","T","M","?","R","?","M","R","BOSS","BOSS","R","$","E","BOSS"],"build_version":"2019-01-23","purchased_purges":3,"victory":true,"max_hp_per_floor":[71,71,71,71,71,71,71,71,71,71,71,71,64,64,64,64,64,64,64,64,64,64,64,64,64,64,64,64,64,64,64,64,64,64,64,64,64,64,64,64,64,64,64,64,64,64,64,64,64,64,64,64,64,64,64,64],"card_choices":[{"not_picked":["Stack","Compile Driver"],"picked":"Consume","floor":1.0},{"not_picked":["Compile Driver","Rebound"],"picked":"Capacitor","floor":3.0},{"not_picked":["Fusion","Rebound"],"picked":"Lockon","floor":6.0},{"not_picked":["Coolheaded","Hologram"],"picked":"Ball Lightning","floor":8.0},{"not_picked":["Skim","Sweeping Beam"],"picked":"Seek","floor":10.0},{"not_picked":["Barrage","Conserve Battery"],"picked":"Ball Lightning","floor":12.0},{"not_picked":["Double Energy","Force Field","Redo"],"picked":"SKIP","floor":14.0},{"not_picked":["Machine Learning","Reboot"],"picked":"Creative AI","floor":16.0},{"not_picked":["FTL","Leap"],"picked":"Turbo","floor":18.0},{"not_picked":["Steam","Go for the Eyes"],"picked":"Hologram","floor":21.0},{"not_picked":["Sunder","Barrage"],"picked":"Reinforced Body","floor":23.0},{"not_picked":["Gash","Hello World"],"picked":"Multi-Cast+1","floor":27.0},{"not_picked":["Beam Cell+1","Chaos+1"],"picked":"Coolheaded+1","floor":28.0},{"not_picked":["Self Repair","Hello World"],"picked":"Defragment","floor":29.0},{"not_picked":["Machine Learning","Buffer"],"picked":"All For One","floor":33.0},{"not_picked":["Conserve Battery+1","Leap+1"],"picked":"Double Energy+1","floor":35.0},{"not_picked":["Compile Driver+1","Leap+1"],"picked":"Defragment","floor":44.0},{"not_picked":["Hello World","Redo+1"],"picked":"Undo+1","floor":47.0},{"not_picked":["Compile Driver+1","Self Repair"],"picked":"Coolheaded+1","floor":48.0},{"not_picked":["Beam Cell","Heatsinks"],"picked":"Capacitor","floor":55}],"player_experience":4028649,"relics_obtained":[{"floor":6.0,"key":"Bottled Lightning"},{"floor":9.0,"key":"Sundial"},{"floor":12.0,"key":"Shuriken"},{"floor":14.0,"key":"Boot"},{"floor":23.0,"key":"FossilizedHelix"},{"floor":26.0,"key":"Toxic Egg 2"},{"floor":27.0,"key":"Orichalcum"},{"floor":45.0,"key":"Ancient Tea Set"},{"floor":55,"key":"Lantern"}],"event_choices":[{"damage_healed":0.0,"max_hp_gain":0.0,"max_hp_loss":0.0,"gold_gain":0.0,"event_name":"Living Wall","player_choice":"Grow","floor":5.0,"gold_loss":0.0,"damage_taken":0.0,"cards_upgraded":["Consume"]},{"damage_healed":0.0,"max_hp_gain":0.0,"max_hp_loss":7.0,"gold_gain":0.0,"event_name":"Golden Idol","player_choice":"Lose Max HP","floor":13.0,"gold_loss":0.0,"damage_taken":0.0,"relics_obtained":["Golden Idol"]},{"damage_healed":0.0,"max_hp_gain":0.0,"max_hp_loss":0.0,"gold_gain":0.0,"event_name":"The Mausoleum","player_choice":"Ignored","floor":19.0,"gold_loss":0.0,"damage_taken":0.0},{"damage_healed":0.0,"max_hp_gain":0.0,"max_hp_loss":0.0,"gold_gain":0.0,"event_name":"Match and Keep!","player_choice":"1 cards matched","floor":20.0,"gold_loss":0.0,"damage_taken":0.0,"cards_obtained":["Electrodynamics"]},{"damage_healed":0.0,"max_hp_gain":0.0,"max_hp_loss":0.0,"gold_gain":0.0,"event_name":"Addict","player_choice":"Obtained Relic","floor":22.0,"gold_loss":85.0,"damage_taken":0.0,"relics_obtained":["Vajra"]},{"damage_healed":0.0,"max_hp_gain":0.0,"max_hp_loss":0.0,"gold_gain":0.0,"cards_transformed":["Strike_B","Strike_B"],"event_name":"Drug Dealer","player_choice":"Became Test Subject","floor":25.0,"gold_loss":0.0,"damage_taken":0.0,"cards_obtained":["BootSequence","Coolheaded"]},{"damage_healed":0.0,"max_hp_gain":0.0,"max_hp_loss":0.0,"gold_gain":333.0,"event_name":"The Moai Head","player_choice":"Gave Idol","floor":36.0,"relics_lost":["Golden Idol"],"gold_loss":0.0,"damage_taken":0.0},{"damage_healed":0.0,"max_hp_gain":0.0,"max_hp_loss":0.0,"gold_gain":0.0,"event_name":"Tomb of Lord Red Mask","player_choice":"Ignored","floor":38.0,"gold_loss":0.0,"damage_taken":0.0},{"cards_removed":["Defend_B"],"damage_healed":0.0,"max_hp_gain":0.0,"max_hp_loss":0.0,"gold_gain":0.0,"event_name":"Falling","player_choice":"Removed Skill","floor":39.0,"gold_loss":0.0,"damage_taken":0.0}],"is_beta":false,"boss_relics":[{"not_picked":["Orrery","Sozu"],"picked":"FrozenCore"},{"not_picked":["Lizard Tail","Velvet Choker"],"picked":"Nuclear Battery"}],"items_purged_floors":[4,31,37],"is_endless":false,"potions_floor_spawned":[6,8,12,16,18,23,29,33,35,47],"ascension_level":20}