{"gold_per_floor":[118,118,118,43,62,95,95,115,115,115,142,229,269,299,311,426,438,463,218,248,85,103,103,119,119,166,176,190,190,190,209,209,305,305,319,336,336,346,358,358,358,358,382,395,395,495,524,540,540,540],"floor_reached":51,"playtime":1884,"items_purged":["Strike_G","Strike_G","Defend_G"],"score":922,"play_id":"cf7c5d97-e5c6-4853-b628-efe4f8249b0a","local_time":"20181026103742","is_ascension_mode":false,"campfire_choices":[{"data":"Neutralize","floor":7.0,"key":"SMITH"},{"data":"Leg Sweep","floor":10.0,"key":"SMITH"},{"data":"Catalyst","floor":15.0,"key":"SMITH"},{"data":"Well Laid Plans","floor":23,"key":"SMITH"},{"data":"Deadly Poison","floor":25,"key":"SMITH"},{"data":"Footwork","floor":29,"key":"SMITH"},{"data":"Defend_G","floor":32,"key":"SMITH"},{"data":"Backflip","floor":40,"key":"SMITH"},{"data":"Defend_G","floor":42,"key":"SMITH"},{"data":"Defend_G","floor":45,"key":"SMITH"},{"data":"Escape Plan","floor":49,"key":"SMITH"}],"neow_cost":"NONE","seed_source_timestamp":5926413457581,"circlet_count":0,"master_deck":["Defend_G+1","Defend_G+1","Defend_G+1","Survivor+1","Neutralize+1","Leg Sweep+1","Catalyst+1","Masterful Stab+1","Infinite Blades","Deadly Poison+1","Skewer+1","Noxious Fumes+1","Crippling Poison+1","Footwork+1","Well Laid Plans+1","Escape Plan+1","After Image","Venomology","Backflip+1","Parasite"],"special_seed":0,"relics":["Ring of the Snake","NeowsBlessing","Paper Crane","Incense Burner","Gremlin Horn","MawBank","Ninja Scroll","Astrolabe","Bag of Preparation","Red Mask","Juzu Bracelet","Busted Crown","Whetstone","Ice Cream","Boot"],"potions_floor_usage":[20,22,31,36,38,39,46,47,48,50,50,50],"damage_taken":[{"damage":0.0,"enemies":"Small Slimes","floor":1.0,"turns":1.0},{"damage":0.0,"enemies":"Cultist","floor":5.0,"turns":1.0},{"damage":0.0,"enemies":"Lagavulin","floor":6.0,"turns":1.0},{"damage":0.0,"enemies":"2 Louse","floor":8.0,"turns":3.0},{"damage":13.0,"enemies":"3 Sentries","floor":11.0,"turns":12.0},{"damage":3.0,"enemies":"Lagavulin","floor":13.0,"turns":11.0},{"damage":0.0,"enemies":"Large Slime","floor":14.0,"turns":5.0},{"damage":6.0,"enemies":"Hexaghost","floor":16.0,"turns":12.0},{"damage":0,"enemies":"Chosen","floor":18,"turns":4},{"damage":4,"enemies":"Masked Bandits","floor":20,"turns":4},{"damage":4,"enemies":"2 Thieves","floor":22,"turns":3},{"damage":0,"enemies":"Shelled Parasite and Fungi","floor":24,"turns":5},{"damage":7,"enemies":"Snake Plant","floor":27,"turns":3},{"damage":0,"enemies":"Snecko","floor":28,"turns":5},{"damage":0,"enemies":"3 Cultists","floor":31,"turns":5},{"damage":25,"enemies":"Champ","floor":33,"turns":8},{"damage":0,"enemies":"3 Darklings","floor":35,"turns":5},{"damage":0,"enemies":"3 Shapes","floor":36,"turns":3},{"damage":0,"enemies":"Sphere and 2 Shapes","floor":38,"turns":4},{"damage":0,"enemies":"Transient","floor":39,"turns":5},{"damage":0,"enemies":"Jaw Worm Horde","floor":44,"turns":4},{"damage":0,"enemies":"Mind Bloom Boss Battle","floor":46,"turns":5},{"damage":0,"enemies":"Nemesis","floor":47,"turns":5},{"damage":0,"enemies":"Writhing Mass","floor":48,"turns":5},{"damage":0,"enemies":"Time Eater","floor":50,"turns":8}],"seed_played":"-9080416304730016859","potions_obtained":[{"floor":6.0,"key":"AttackPotion"},{"floor":11.0,"key":"SmokeBomb"},{"floor":13.0,"key":"Energy Potion"},{"floor":14.0,"key":"Dexterity Potion"},{"floor":18,"key":"Poison Potion"},{"floor":24,"key":"Block Potion"},{"floor":27,"key":"SmokeBomb"},{"floor":28,"key":"Dexterity Potion"},{"floor":39,"key":"GhostInAJar"},{"floor":47,"key":"Poison Potion"}],"is_trial":false,"path_per_floor":["M","?","?","$","M","E","R","M","T","R","E","?","E","M","R","B",null,"M","$","?","$","M","R","M","R","T","M","M","R","?","M","R","B",null,"M","M","?","M","M","R","?","R","T","M","R","?","E","M","R","B"],"character_chosen":"THE_SILENT","items_purchased":["Bag of Preparation","Well Laid Plans"],"campfire_rested":0,"item_purchase_floors":[19,21],"current_hp_per_floor":[70,70,75,75,75,75,75,75,75,75,62,51,48,48,48,42,75,75,75,71,71,67,67,67,67,67,60,60,60,60,60,60,35,75,75,75,75,75,75,75,75,75,75,75,75,75,75,75,75,75],"gold":540,"neow_bonus":"THREE_ENEMY_KILL","is_prod":false,"is_daily":false,"chose_seed":false,"campfire_upgraded":11,"win_rate":0,"timestamp":1540521462,"path_taken":["M","?","?","?","?","E","R","M","T","R","E","?","E","M","R","BOSS","M","$","?","$","M","R","M","R","T","M","M","R","?","M","R","BOSS","M","M","?","M","M","R","?","R","T","M","R","?","E","M","R","BOSS"],"build_version":"2018-10-25","purchased_purges":3,"victory":true,"max_hp_per_floor":[70,70,75,75,75,75,75,75,75,75,75,75,75,75,75,75,75,75,75,75,75,75,75,75,75,75,75,75,75,75,75,75,75,75,75,75,75,75,75,75,75,75,75,75,75,75,75,75,75,75],"card_choices":[{"not_picked":["Poisoned Stab","PiercingWail"],"picked":"Leg Sweep","floor":1.0},{"not_picked":["Underhanded Strike","Riddle With Holes"],"picked":"Catalyst","floor":5.0},{"not_picked":["Quick Slash","Dagger Spray","Flying Knee"],"picked":"SKIP","floor":6.0},{"not_picked":["Deflect","Slice"],"picked":"Masterful Stab","floor":8.0},{"not_picked":["Calculated Gamble","Sucker Punch"],"picked":"Infinite Blades","floor":11.0},{"not_picked":["Calculated Gamble","Caltrops"],"picked":"Deadly Poison","floor":13.0},{"not_picked":["Underhanded Strike","A Thousand Cuts","Prepared"],"picked":"SKIP","floor":14.0},{"not_picked":["Deflect","Choke+1"],"picked":"Footwork","floor":18},{"not_picked":["Underhanded Strike","All Out Attack+1","Slice"],"picked":"SKIP","floor":22},{"not_picked":["Underhanded Strike","Endless Agony","Outmaneuver+1"],"picked":"SKIP","floor":24},{"not_picked":["Bane+1","Backstab+1"],"picked":"Escape Plan","floor":27},{"not_picked":["Predator","Bane+1"],"picked":"After Image","floor":28},{"not_picked":["PiercingWail","Cloak And Dagger+1","Dagger Spray"],"picked":"SKIP","floor":31},{"not_picked":["Grand Finale","Tools of the Trade"],"picked":"Venomology","floor":33},{"not_picked":[],"picked":"Backflip","floor":35},{"not_picked":["Deflect+1"],"picked":"SKIP","floor":36},{"not_picked":["Deflect+1"],"picked":"SKIP","floor":38},{"not_picked":["Tactician+1"],"picked":"SKIP","floor":39},{"not_picked":["Endless Agony+1"],"picked":"SKIP","floor":44},{"not_picked":["Skewer"],"picked":"SKIP","floor":47},{"not_picked":["Dash+1"],"picked":"SKIP","floor":48}],"player_experience":646089,"relics_obtained":[{"floor":2.0,"key":"Paper Crane"},{"floor":6.0,"key":"Incense Burner"},{"floor":9.0,"key":"Gremlin Horn"},{"floor":11.0,"key":"MawBank"},{"floor":13.0,"key":"Ninja Scroll"},{"floor":20,"key":"Red Mask"},{"floor":26,"key":"Juzu Bracelet"},{"floor":43,"key":"Whetstone"},{"floor":46,"key":"Ice Cream"},{"floor":47,"key":"Boot"}],"event_choices":[{"damage_healed":0.0,"max_hp_gain":0.0,"max_hp_loss":0.0,"gold_gain":0.0,"event_name":"Wheel of Change","player_choice":"Relic","floor":2.0,"gold_loss":0.0,"damage_taken":0.0},{"damage_healed":0.0,"max_hp_gain":5.0,"max_hp_loss":0.0,"gold_gain":0.0,"event_name":"Big Fish","player_choice":"Donut","floor":3.0,"gold_loss":0.0,"damage_taken":0.0},{"damage_healed":0.0,"max_hp_gain":0.0,"max_hp_loss":0.0,"gold_gain":75.0,"event_name":"World of Goop","player_choice":"Gather Gold","floor":12.0,"gold_loss":0.0,"damage_taken":11.0},{"damage_healed":0,"gold_gain":0,"player_choice":"Fought Bandits","damage_taken":0,"max_hp_gain":0,"max_hp_loss":0,"event_name":"Masked Bandits","floor":20,"gold_loss":0},{"damage_healed":0,"gold_gain":0,"player_choice":"Forge","damage_taken":0,"max_hp_gain":0,"max_hp_loss":0,"event_name":"Accursed Blacksmith","floor":30,"gold_loss":0,"cards_upgraded":["Survivor"]},{"damage_healed":0,"gold_gain":0,"player_choice":"Full Heal","damage_taken":0,"max_hp_gain":0,"max_hp_loss":0,"event_name":"Wheel of Change","floor":37,"gold_loss":0},{"cards_removed":["Strike_G"],"damage_healed":0,"gold_gain":0,"player_choice":"Removed Attack","damage_taken":0,"max_hp_gain":0,"max_hp_loss":0,"event_name":"Falling","floor":41,"gold_loss":0},{"damage_healed":0,"gold_gain":0,"player_choice":"Fight","damage_taken":0,"max_hp_gain":0,"max_hp_loss":0,"event_name":"MindBloom","floor":46,"gold_loss":0}],"is_beta":false,"boss_relics":[{"not_picked":["Orrery","Tiny House"],"picked":"Astrolabe"},{"not_picked":["Snecko Eye","HoveringKite"],"picked":"Busted Crown"}],"items_purged_floors":[4,19,21],"is_endless":false,"potions_floor_spawned":[6,11,13,14,18,24,27,28,36,39,47],"ascension_level":0}