{"gold_per_floor":[361,361,376,394,410,410,335,352,379,379,399,399,411,428,428,503,503,516,532,532,543,164,164,164,179,179,179],"floor_reached":27,"playtime":562,"items_purged":["Strike_B"],"score":518,"play_id":"ac6a1381-9eec-4086-b98d-27ce73915285","local_time":"20190612163600","is_ascension_mode":true,"campfire_choices":[{"data":"Sunder","floor":6.0,"key":"SMITH"},{"data":"Heatsinks","floor":10.0,"key":"SMITH"},{"data":"Turbo","floor":15.0,"key":"SMITH"},{"data":"Coolheaded","floor":23,"key":"SMITH"}],"neow_cost":"TEN_PERCENT_HP_LOSS","seed_source_timestamp":74303755776281,"circlet_count":0,"master_deck":["AscendersBane","Strike_B","Defend_B","Defend_B","Defend_B","Defend_B","Zap","Dualcast","Sunder+1","Turbo+1","Heatsinks+1","Ball Lightning","Amplify","Ball Lightning","Biased Cognition+1","Buffer+1","Defragment+1","Self Repair","Coolheaded+1","Biased Cognition+1","Tempest","Ghostly","Ghostly","Ghostly"],"special_seed":0,"relics":["Cracked Core","Pen Nib","CultistMask","Astrolabe","Chemical X"],"potions_floor_usage":[],"damage_taken":[{"damage":4.0,"enemies":"Small Slimes","floor":1.0,"turns":4.0},{"damage":0.0,"enemies":"2 Louse","floor":3.0,"turns":2.0},{"damage":1.0,"enemies":"Cultist","floor":4.0,"turns":3.0},{"damage":13.0,"enemies":"Red Slaver","floor":5.0,"turns":3.0},{"damage":6.0,"enemies":"Lots of Slimes","floor":8.0,"turns":4.0},{"damage":8.0,"enemies":"Blue Slaver","floor":11.0,"turns":3.0},{"damage":12.0,"enemies":"2 Fungi Beasts","floor":13.0,"turns":2.0},{"damage":10.0,"enemies":"Large Slime","floor":14.0,"turns":5.0},{"damage":0.0,"enemies":"Slime Boss","floor":16.0,"turns":5.0},{"damage":6.0,"enemies":"Spheric Guardian","floor":18.0,"turns":4.0},{"damage":34.0,"enemies":"Shell Parasite","floor":19.0,"turns":5.0},{"damage":9,"enemies":"Centurion and Healer","floor":21,"turns":5},{"damage":0,"enemies":"Chosen and Byrds","floor":25,"turns":4},{"damage":34,"enemies":"Book of Stabbing","floor":27,"turns":3}],"seed_played":"3487352791760526494","potions_obtained":[{"floor":3.0,"key":"Strength Potion"},{"floor":4.0,"key":"FearPotion"},{"floor":18.0,"key":"Regen Potion"},{"floor":21,"key":"Weak Potion"}],"is_trial":false,"path_per_floor":["M","?","M","M","M","R","?","M","T","R","M","?","M","M","R","B",null,"M","M","?","M","$","R","?","M","T","E"],"character_chosen":"DEFECT","items_purchased":["Chemical X","Tempest"],"campfire_rested":0,"item_purchase_floors":[22,22],"current_hp_per_floor":[60,65,65,64,51,51,51,45,45,45,37,37,25,15,15,15,56,50,37,37,35,35,35,34,34,34,0],"gold":179,"neow_bonus":"TWO_FIFTY_GOLD","is_prod":false,"is_daily":false,"chose_seed":false,"campfire_upgraded":4,"win_rate":0,"timestamp":1560324960,"path_taken":["M","?","M","M","M","R","?","M","T","R","M","?","?","M","R","BOSS","M","M","?","?","$","R","?","M","T","E"],"build_version":"2019-01-23","purchased_purges":1,"victory":false,"max_hp_per_floor":[64,69,69,69,69,69,69,69,69,69,69,69,69,69,69,69,69,69,69,69,69,69,69,34,34,34,34],"card_choices":[{"not_picked":["Sweeping Beam","Capacitor"],"picked":"Sunder","floor":1.0},{"not_picked":["Compile Driver","Capacitor"],"picked":"Turbo","floor":3.0},{"not_picked":["Leap","Reprogram"],"picked":"Heatsinks","floor":4.0},{"not_picked":["Gash","Chaos"],"picked":"Ball Lightning","floor":5.0},{"not_picked":["Cold Snap","Rebound"],"picked":"Heatsinks","floor":8.0},{"not_picked":["Compile Driver","Force Field"],"picked":"Amplify","floor":11.0},{"not_picked":["Rebound","Blizzard","Genetic Algorithm"],"picked":"SKIP","floor":13.0},{"not_picked":["Leap","Cold Snap"],"picked":"Ball Lightning","floor":14.0},{"not_picked":["All For One","Meteor Strike"],"picked":"Seek","floor":16.0},{"not_picked":["Hologram","Stack"],"picked":"Self Repair","floor":18.0},{"not_picked":["Hologram","BootSequence"],"picked":"Coolheaded","floor":19.0},{"not_picked":["Consume","Cold Snap","Scrape"],"picked":"SKIP","floor":21},{"not_picked":["Compile Driver","Reprogram+1","Conserve Battery+1"],"picked":"SKIP","floor":25}],"player_experience":589175,"relics_obtained":[{"floor":9.0,"key":"Pen Nib"}],"event_choices":[{"damage_healed":0.0,"max_hp_gain":5.0,"max_hp_loss":0.0,"gold_gain":0.0,"event_name":"Big Fish","player_choice":"Donut","floor":2.0,"gold_loss":0.0,"damage_taken":0.0},{"cards_removed":["Strike_B"],"damage_healed":0.0,"max_hp_gain":0.0,"max_hp_loss":0.0,"gold_gain":0.0,"event_name":"The Cleric","player_choice":"Card Removal","floor":7.0,"gold_loss":75.0,"damage_taken":0.0},{"damage_healed":0.0,"max_hp_gain":0.0,"max_hp_loss":0.0,"gold_gain":0.0,"event_name":"FaceTrader","player_choice":"Trade","floor":12.0,"gold_loss":0.0,"damage_taken":0.0,"relics_obtained":["CultistMask"]},{"damage_healed":0.0,"max_hp_gain":0.0,"max_hp_loss":0.0,"gold_gain":0.0,"event_name":"Duplicator","player_choice":"Copied","floor":20.0,"gold_loss":0.0,"damage_taken":0.0,"cards_obtained":["Biased Cognition"]},{"damage_healed":0,"gold_gain":0,"player_choice":"Became a Ghost","damage_taken":0,"max_hp_gain":0,"max_hp_loss":35,"event_name":"Ghosts","floor":24,"gold_loss":0,"cards_obtained":["Ghostly","Ghostly","Ghostly"]}],"is_beta":false,"boss_relics":[{"not_picked":["Runic Dome","Lizard Tail"],"picked":"Astrolabe"}],"items_purged_floors":[22],"is_endless":false,"potions_floor_spawned":[3,4,11,14,18,21],"killed_by":"Book of Stabbing","ascension_level":20}