{"gold_per_floor":[113,30,30,30,44,44,7,32,32,70,70,123,137,151,151,245,245,260,221,146,146],"floor_reached":21,"playtime":579,"items_purged":["Strike_G"],"score":338,"play_id":"c1bdd219-a59b-48e4-8486-67146a680308","local_time":"20181118165625","is_ascension_mode":true,"campfire_choices":[{"data":"Neutralize","floor":6.0,"key":"SMITH"},{"data":"Catalyst","floor":15.0,"key":"SMITH"}],"neow_cost":"TEN_PERCENT_HP_LOSS","seed_source_timestamp":0,"circlet_count":0,"master_deck":["AscendersBane","Defend_G","Defend_G","Defend_G","Defend_G","Defend_G","Strike_G","Strike_G","Strike_G","Strike_G","Survivor","Neutralize+1","Backflip","Catalyst+1","Escape Plan","Deadly Poison","Poisoned Stab+1","Burst"],"special_seed":0,"relics":["Ring of the Snake","Turnip","Golden Idol","Molten Egg 2","Odd Mushroom","Fusion Hammer"],"potions_floor_usage":[],"damage_taken":[{"damage":4.0,"enemies":"Jaw Worm","floor":1.0,"turns":7.0},{"damage":4.0,"enemies":"2 Louse","floor":5.0,"turns":4.0},{"damage":3.0,"enemies":"Cultist","floor":8.0,"turns":5.0},{"damage":13.0,"enemies":"The Mushroom Lair","floor":10.0,"turns":5.0},{"damage":13.0,"enemies":"Blue Slaver","floor":13.0,"turns":4.0},{"damage":18.0,"enemies":"3 Louse","floor":14.0,"turns":6.0},{"damage":2.0,"enemies":"Hexaghost","floor":16.0,"turns":7.0},{"damage":7,"enemies":"Spheric Guardian","floor":18,"turns":5},{"damage":25,"enemies":"2 Thieves","floor":19,"turns":5},{"damage":0,"enemies":"Centurion and Healer","floor":21,"turns":1}],"seed_played":"8289142036292719911","potions_obtained":[{"floor":5.0,"key":"Explosive Potion"},{"floor":10.0,"key":"Block Potion"},{"floor":13.0,"key":"LiquidBronze"},{"floor":16.0,"key":"Strength Potion"}],"is_trial":false,"path_per_floor":["M","$","?","$","M","R","$","M","T","?","?","T","M","M","R","B",null,"M","M","$","M"],"character_chosen":"THE_SILENT","items_purchased":["Catalyst","Escape Plan"],"campfire_rested":0,"item_purchase_floors":[2,7],"current_hp_per_floor":[55,55,54,54,50,50,50,47,47,34,34,34,21,3,3,1,41,34,9,9,9],"gold":146,"neow_bonus":"ONE_RARE_RELIC","is_prod":false,"is_daily":false,"chose_seed":false,"campfire_upgraded":2,"win_rate":0,"timestamp":1542531385,"path_taken":["M","$","?","$","M","R","$","M","T","?","?","?","?","?","R","BOSS","M","M","$","M"],"build_version":"2018-11-15","purchased_purges":1,"victory":false,"max_hp_per_floor":[60,60,54,54,54,54,54,54,54,54,54,54,54,54,54,54,54,54,54,54,54],"card_choices":[{"not_picked":["Slice","PiercingWail"],"picked":"Backflip","floor":1.0},{"not_picked":["Slice","Flechettes","Masterful Stab"],"picked":"SKIP","floor":5.0},{"not_picked":["Backflip","Flying Knee","PiercingWail"],"picked":"SKIP","floor":8.0},{"not_picked":["Infinite Blades","Slice+1"],"picked":"Deadly Poison","floor":10.0},{"not_picked":["Storm of Steel","Slice+1","Quick Slash+1"],"picked":"SKIP","floor":13.0},{"not_picked":["Caltrops","Flying Knee+1"],"picked":"Poisoned Stab+1","floor":14.0},{"not_picked":["Phantasmal Killer","Night Terror"],"picked":"Burst","floor":16.0},{"not_picked":["Quick Slash+1","Cloak And Dagger","Setup"],"picked":"SKIP","floor":18},{"not_picked":["Quick Slash+1","Setup","All Out Attack+1"],"picked":"SKIP","floor":19}],"player_experience":535308,"relics_obtained":[{"floor":9.0,"key":"Molten Egg 2"},{"floor":10.0,"key":"Odd Mushroom"}],"event_choices":[{"damage_healed":0.0,"max_hp_gain":0.0,"max_hp_loss":6.0,"gold_gain":0.0,"event_name":"Golden Idol","player_choice":"Lose Max HP","floor":3.0,"gold_loss":0.0,"damage_taken":0.0,"relics_obtained":["Golden Idol"]},{"damage_healed":0.0,"max_hp_gain":0.0,"max_hp_loss":0.0,"gold_gain":0.0,"event_name":"Mushrooms","player_choice":"Fought Mushrooms","floor":10.0,"gold_loss":0.0,"damage_taken":0.0},{"damage_healed":0.0,"max_hp_gain":0.0,"max_hp_loss":0.0,"gold_gain":0.0,"event_name":"The Cleric","player_choice":"Leave","floor":11.0,"gold_loss":0.0,"damage_taken":0.0}],"is_beta":true,"boss_relics":[{"not_picked":["Ring of the Serpent","WristBlade"],"picked":"Fusion Hammer"}],"items_purged_floors":[20],"is_endless":false,"potions_floor_spawned":[5,10,13,16],"killed_by":"Centurion and Healer","ascension_level":20}