{"gold_per_floor":[114,6,6,6,18,44,62,96,119,132,142,142,154,167,167,167],"floor_reached":16,"playtime":469,"items_purged":[],"score":168,"play_id":"9452bbb9-3909-4493-bb11-20e0f50ea1e8","local_time":"20180920142627","is_ascension_mode":true,"campfire_choices":[{"data":"Barricade","floor":12,"key":"SMITH"},{"data":"Carnage","floor":15,"key":"SMITH"}],"neow_cost":"PERCENT_DAMAGE","seed_source_timestamp":6078496854402,"circlet_count":0,"master_deck":["Strike_R","Strike_R","Strike_R","Strike_R","Strike_R","Defend_R","Defend_R","Defend_R","Defend_R","Bash","Thunderclap","Power Through","Feel No Pain","Carnage+1","Barricade+1","Ghostly Armor","Feed"],"special_seed":0,"relics":["Burning Blood","Ancient Tea Set","Oddly Smooth Stone","Pantograph","Regal Pillow"],"potions_floor_usage":[5,10,10,11,13],"damage_taken":[{"damage":6.0,"enemies":"2 Louse","floor":1.0,"turns":3.0},{"damage":12,"enemies":"Jaw Worm","floor":5,"turns":4},{"damage":21,"enemies":"3 Sentries","floor":6,"turns":8},{"damage":0,"enemies":"Cultist","floor":7,"turns":3},{"damage":23,"enemies":"Lagavulin","floor":8,"turns":9},{"damage":0,"enemies":"Exordium Wildlife","floor":10,"turns":3},{"damage":5,"enemies":"Gremlin Gang","floor":11,"turns":5},{"damage":5,"enemies":"Red Slaver","floor":13,"turns":4},{"damage":8,"enemies":"Looter","floor":14,"turns":4},{"damage":30,"enemies":"Hexaghost","floor":16,"turns":4}],"seed_played":"7722023859025643173","potions_obtained":[{"floor":1.0,"key":"Fruit Juice"},{"floor":6,"key":"SteroidPotion"},{"floor":7,"key":"Weak Potion"},{"floor":8,"key":"FearPotion"},{"floor":11,"key":"SkillPotion"}],"is_trial":false,"path_per_floor":["M","$","?","?","M","E","M","E","T","M","M","R","M","M","R"],"character_chosen":"IRONCLAD","items_purchased":["Power Through","Feel No Pain"],"campfire_rested":0,"item_purchase_floors":[2,2],"current_hp_per_floor":[69,69,66,66,65,50,56,39,39,45,46,46,47,45,45,40],"gold":167,"neow_bonus":"TWENTY_PERCENT_HP_BONUS","is_prod":false,"is_daily":false,"chose_seed":false,"campfire_upgraded":2,"win_rate":0,"timestamp":1537424787,"path_taken":["M","$","?","?","M","E","M","E","T","M","?","R","?","M","R","BOSS"],"build_version":"2018-09-06","purchased_purges":0,"victory":false,"max_hp_per_floor":[96,96,96,96,101,101,101,101,101,101,101,101,101,101,101,101],"card_choices":[{"not_picked":["Heavy Blade","Bloodletting"],"picked":"Thunderclap","floor":1.0},{"not_picked":["Cleave","Flex"],"picked":"Carnage","floor":5},{"not_picked":["Carnage","Pommel Strike"],"picked":"Barricade","floor":6},{"not_picked":["Burning Pact","Uppercut"],"picked":"Ghostly Armor","floor":7},{"not_picked":["Anger","Pommel Strike","Feel No Pain"],"picked":"SKIP","floor":8},{"not_picked":["Anger","Clash","Armaments"],"picked":"SKIP","floor":10},{"not_picked":["Wild Strike","Clothesline","Corruption"],"picked":"SKIP","floor":11},{"not_picked":["Headbutt","Iron Wave","Clothesline"],"picked":"SKIP","floor":13},{"not_picked":["Iron Wave","Twin Strike"],"picked":"Feed","floor":14}],"player_experience":39019,"relics_obtained":[{"floor":6,"key":"Oddly Smooth Stone"},{"floor":8,"key":"Pantograph"},{"floor":9,"key":"Regal Pillow"}],"event_choices":[{"event_name":"Scrap Ooze","player_choice":"success","floor":3,"damage_taken":3},{"event_name":"Liars Game","player_choice":"disagreed","floor":4,"damage_taken":0}],"is_beta":false,"boss_relics":[],"items_purged_floors":[],"is_endless":false,"potions_floor_spawned":[1,6,7,8,11],"killed_by":"Hexaghost","ascension_level":5}