{"gold_per_floor":[112,112,37,55,55,81,100,23,23,23,33,68,68,68],"floor_reached":14,"playtime":234,"items_purged":["Strike_B"],"score":246,"play_id":"dda6b93d-987d-4f55-a4fd-85954aaa541c","local_time":"20190414070425","is_ascension_mode":true,"campfire_choices":[{"data":"Consume","floor":10.0,"key":"SMITH"},{"data":"Capacitor","floor":13.0,"key":"SMITH"}],"neow_cost":"NONE","seed_source_timestamp":69333683269139,"circlet_count":0,"master_deck":["AscendersBane","Strike_B+1","Strike_B","Defend_B","Defend_B","Defend_B+1","Defend_B","Zap","Dualcast","Cold Snap","Consume+1","Turbo","Capacitor+1","Ball Lightning","Skim"],"special_seed":0,"relics":["Cracked Core","NeowsBlessing","Mummified Hand","Bag of Preparation"],"potions_floor_usage":[14,14],"damage_taken":[{"damage":0.0,"enemies":"2 Louse","floor":1.0,"turns":1.0},{"damage":0.0,"enemies":"Jaw Worm","floor":4.0,"turns":1.0},{"damage":0.0,"enemies":"Gremlin Nob","floor":6.0,"turns":1.0},{"damage":4.0,"enemies":"Small Slimes","floor":7.0,"turns":3.0},{"damage":9.0,"enemies":"Red Slaver","floor":11.0,"turns":2.0},{"damage":12.0,"enemies":"3 Sentries","floor":12.0,"turns":6.0},{"damage":43,"enemies":"Gremlin Nob","floor":14,"turns":3}],"seed_played":"-9048825657359764707","potions_obtained":[{"floor":1.0,"key":"EntropicBrew"},{"floor":4.0,"key":"SpeedPotion"}],"is_trial":false,"path_per_floor":["M","?","$","M","?","E","M","$","T","R","M","E","R","E"],"character_chosen":"DEFECT","items_purchased":["Capacitor"],"campfire_rested":0,"item_purchase_floors":[8],"current_hp_per_floor":[64,43,43,43,36,36,32,32,32,32,23,11,11,0],"gold":68,"neow_bonus":"THREE_ENEMY_KILL","is_prod":false,"is_daily":false,"chose_seed":false,"campfire_upgraded":2,"win_rate":0,"timestamp":1555196665,"path_taken":["M","?","$","M","?","E","M","?","T","R","M","E","R","E"],"build_version":"2019-01-23","purchased_purges":1,"victory":false,"max_hp_per_floor":[71,71,71,71,71,71,71,71,71,71,71,71,71,71],"card_choices":[{"not_picked":["Hello World","Barrage"],"picked":"Cold Snap","floor":1.0},{"not_picked":["Self Repair","Redo"],"picked":"Consume","floor":4.0},{"not_picked":["Steam","Hologram"],"picked":"Turbo","floor":6.0},{"not_picked":["Force Field","Reprogram","Steam"],"picked":"SKIP","floor":7.0},{"not_picked":["Redo","Sunder"],"picked":"Ball Lightning","floor":11.0},{"not_picked":["BootSequence","Hello World"],"picked":"Skim","floor":12.0}],"player_experience":4273643,"relics_obtained":[{"floor":6.0,"key":"Mummified Hand"},{"floor":12.0,"key":"Bag of Preparation"}],"event_choices":[{"damage_healed":0.0,"max_hp_gain":0.0,"max_hp_loss":0.0,"gold_gain":0.0,"event_name":"Shining Light","player_choice":"Entered Light","floor":2.0,"gold_loss":0.0,"damage_taken":21.0,"cards_upgraded":["Defend_B","Strike_B"]},{"cards_removed":["Strike_B"],"damage_healed":0.0,"max_hp_gain":0.0,"max_hp_loss":0.0,"gold_gain":0.0,"event_name":"Golden Wing","player_choice":"Card Removal","floor":5.0,"gold_loss":0.0,"damage_taken":7.0}],"is_beta":false,"boss_relics":[],"items_purged_floors":[3],"is_endless":false,"potions_floor_spawned":[1,4,6],"killed_by":"Gremlin Nob","ascension_level":20}