{"gold_per_floor":[111,386,402,155,230,230,256,268,318,318,51,64,64,76,76,153,153,163,163,42,34,34,34,61,73,125,143,143,66,66,93,93,172,172,185,60,60],"floor_reached":37,"playtime":1262,"items_purged":["Regret","Strike_G","Strike_G"],"score":820,"play_id":"d1f529a4-1e19-466f-95d3-7d3dc6599b30","local_time":"20190405113443","is_ascension_mode":true,"campfire_choices":[{"data":"Predator","floor":6.0,"key":"SMITH"},{"data":"Well Laid Plans","floor":10.0,"key":"SMITH"},{"data":"Neutralize","floor":15.0,"key":"SMITH"},{"data":"Bouncing Flask","floor":23.0,"key":"SMITH"},{"data":"Bullet Time","floor":28.0,"key":"SMITH"},{"floor":30.0,"key":"REST"},{"data":"Footwork","floor":32.0,"key":"SMITH"}],"neow_cost":"NONE","seed_source_timestamp":805946461922,"circlet_count":0,"master_deck":["AscendersBane","Defend_G","Defend_G","Defend_G","Defend_G+1","Defend_G","Strike_G","Strike_G","Strike_G","Survivor","Neutralize+1","Predator+1","Reflex","Backflip+1","Well Laid Plans+1","Footwork+1","Bullet Time+1","Backflip","Footwork+1","Bouncing Flask+1","Deflect+1","Escape Plan","Noxious Fumes+1","Wraith Form v2+1"],"special_seed":0,"relics":["Ring of the Snake","NeowsBlessing","Omamori","Strawberry","Bag of Preparation","War Paint","Frozen Egg 2","Runic Pyramid","Matryoshka","Dodecahedron","Bag of Marbles","Art of War","Centennial Puzzle","Runic Dome"],"potions_floor_usage":[],"damage_taken":[{"damage":0.0,"enemies":"Jaw Worm","floor":1.0,"turns":1.0},{"damage":0.0,"enemies":"Cultist","floor":3.0,"turns":1.0},{"damage":0.0,"enemies":"Gremlin Nob","floor":7.0,"turns":1.0},{"damage":7.0,"enemies":"Small Slimes","floor":8.0,"turns":3.0},{"damage":4.0,"enemies":"Exordium Wildlife","floor":12.0,"turns":4.0},{"damage":0.0,"enemies":"Large Slime","floor":14.0,"turns":6.0},{"damage":16.0,"enemies":"Slime Boss","floor":16.0,"turns":13.0},{"damage":0.0,"enemies":"Chosen","floor":18.0,"turns":7.0},{"damage":7.0,"enemies":"2 Thieves","floor":21.0,"turns":5.0},{"damage":18.0,"enemies":"3 Cultists","floor":25.0,"turns":8.0},{"damage":2.0,"enemies":"Shelled Parasite and Fungi","floor":27.0,"turns":8.0},{"damage":23.0,"enemies":"Gremlin Leader","floor":31.0,"turns":8.0},{"damage":9.0,"enemies":"Collector","floor":33.0,"turns":11.0},{"damage":3,"enemies":"3 Darklings","floor":35,"turns":6},{"damage":0,"enemies":"2 Orb Walkers","floor":37,"turns":4}],"seed_played":"8817928117473929322","potions_obtained":[{"floor":7.0,"key":"SteroidPotion"},{"floor":12.0,"key":"SteroidPotion"},{"floor":16.0,"key":"EntropicBrew"},{"floor":18.0,"key":"Regen Potion"},{"floor":33.0,"key":"PowerPotion"}],"is_trial":false,"path_per_floor":["M","?","M","$","?","R","E","M","T","R","$","M","?","M","R","B",null,"M","?","$","M","?","R","T","M","T","M","R","$","R","E","R","B",null,"M","$","?"],"character_chosen":"THE_SILENT","items_purchased":["Omamori","War Paint","Footwork+1","Bouncing Flask","Noxious Fumes+1"],"campfire_rested":1,"item_purchase_floors":[4,11,20,20,29],"current_hp_per_floor":[59,59,59,59,48,48,55,48,48,48,48,44,44,44,44,28,62,62,62,62,55,34,34,34,16,16,14,14,14,37,14,14,5,60,57,57,57],"gold":60,"neow_bonus":"THREE_ENEMY_KILL","is_prod":false,"is_daily":false,"chose_seed":false,"campfire_upgraded":6,"win_rate":0,"timestamp":1554435283,"path_taken":["M","?","?","$","?","R","E","M","T","R","?","M","?","?","R","BOSS","M","?","?","M","?","R","?","M","T","M","R","$","R","E","R","BOSS","M","$","?"],"build_version":"2019-01-23","purchased_purges":3,"victory":false,"max_hp_per_floor":[66,66,66,66,66,66,73,73,73,73,73,73,73,73,73,73,73,73,73,73,73,78,78,78,78,78,78,78,78,78,78,78,78,78,78,78,78],"card_choices":[{"not_picked":["Poisoned Stab","Backflip"],"picked":"Predator","floor":1.0},{"not_picked":["Prepared","Outmaneuver"],"picked":"Reflex","floor":3.0},{"not_picked":["PiercingWail","Acrobatics"],"picked":"Backflip","floor":7.0},{"not_picked":["Prepared","Poisoned Stab"],"picked":"Well Laid Plans","floor":8.0},{"not_picked":["Flying Knee","Blur"],"picked":"Footwork","floor":12.0},{"not_picked":["Quick Slash","Slice","Dagger Spray"],"picked":"SKIP","floor":14.0},{"not_picked":["Doppelganger","Envenom+1"],"picked":"Bullet Time","floor":16.0},{"not_picked":["Well Laid Plans+1","Dodge and Roll"],"picked":"Backflip","floor":18.0},{"not_picked":["Dagger Spray+1","Flying Knee","Slice"],"picked":"SKIP","floor":21.0},{"not_picked":["Well Laid Plans+1","Dagger Spray","Deflect+1"],"picked":"SKIP","floor":25.0},{"not_picked":["Well Laid Plans+1","Dagger Spray"],"picked":"Deflect+1","floor":25.0},{"not_picked":["Underhanded Strike","Sucker Punch"],"picked":"Escape Plan","floor":27.0},{"not_picked":["Infinite Blades+1","Predator+1","Dagger Spray"],"picked":"SKIP","floor":31.0},{"not_picked":["Glass Knife","Venomology"],"picked":"Wraith Form v2+1","floor":33.0},{"not_picked":["Crippling Poison","Skewer","Deflect"],"picked":"SKIP","floor":35}],"player_experience":4069534,"relics_obtained":[{"floor":7.0,"key":"Strawberry"},{"floor":9.0,"key":"Bag of Preparation"},{"floor":24.0,"key":"Dodecahedron"},{"floor":26.0,"key":"Bag of Marbles"},{"floor":26.0,"key":"Art of War"},{"floor":31.0,"key":"Centennial Puzzle"}],"event_choices":[{"damage_healed":0.0,"max_hp_gain":0.0,"max_hp_loss":0.0,"gold_gain":275.0,"event_name":"Golden Shrine","player_choice":"Desecrate","floor":2.0,"gold_loss":0.0,"damage_taken":0.0,"cards_obtained":["Regret"]},{"damage_healed":0.0,"max_hp_gain":0.0,"max_hp_loss":0.0,"gold_gain":75.0,"event_name":"World of Goop","player_choice":"Gather Gold","floor":5.0,"gold_loss":0.0,"damage_taken":11.0},{"damage_healed":0.0,"max_hp_gain":0.0,"max_hp_loss":0.0,"gold_gain":0.0,"event_name":"Dead Adventurer","player_choice":"Searched \u00271\u0027 times","floor":13.0,"gold_loss":0.0,"damage_taken":0.0,"relics_obtained":["Frozen Egg 2"]},{"damage_healed":0.0,"max_hp_gain":0.0,"max_hp_loss":0.0,"gold_gain":0.0,"event_name":"WeMeetAgain","player_choice":"Gave Potion","floor":19.0,"gold_loss":0.0,"damage_taken":0.0,"relics_obtained":["Matryoshka"]},{"damage_healed":0.0,"max_hp_gain":5.0,"max_hp_loss":0.0,"gold_gain":0.0,"event_name":"Forgotten Altar","player_choice":"Shed Blood","floor":22.0,"gold_loss":0.0,"damage_taken":26.0},{"damage_healed":0,"gold_gain":0,"player_choice":"Fight","damage_taken":0,"max_hp_gain":0,"max_hp_loss":0,"event_name":"Mysterious Sphere","floor":37,"gold_loss":0}],"is_beta":false,"boss_relics":[{"not_picked":["Calling Bell","Sozu"],"picked":"Runic Pyramid"},{"not_picked":["Eternal Feather","Philosopher\u0027s Stone"],"picked":"Runic Dome"}],"items_purged_floors":[4,11,36],"is_endless":false,"potions_floor_spawned":[7,12,16,18,33],"killed_by":"2 Orb Walkers","ascension_level":20}