{"gold_per_floor":[118,43,43,54,54,54,84,100,147,147,167,178,22,47,47,118,118,132,143,143,163,174,174,229,229,229,239,139,139,139,167,167,239,239,250,250,83,83,103,103,134,134,134,134,146,158,158,33,33,33,33,33,33,33,61,61],"floor_reached":56,"playtime":1880,"items_purged":["Strike_R","Immolate","Demon Form"],"score":2171,"play_id":"f99235b4-fc9e-431e-a611-25180cd8eb48","local_time":"20190601225137","is_ascension_mode":true,"campfire_choices":[{"data":"Bash","floor":6.0,"key":"SMITH"},{"data":"Searing Blow","floor":15.0,"key":"SMITH"},{"data":"Searing Blow+1","floor":23.0,"key":"SMITH"},{"data":"Searing Blow+2","floor":25.0,"key":"SMITH"},{"data":"Searing Blow+3","floor":32.0,"key":"SMITH"},{"data":"Searing Blow+4","floor":40.0,"key":"SMITH"},{"data":"Searing Blow+5","floor":42.0,"key":"SMITH"},{"data":"Searing Blow+6","floor":44.0,"key":"SMITH"},{"data":"Searing Blow+7","floor":47.0,"key":"SMITH"},{"floor":49.0,"key":"RECALL"},{"data":"Searing Blow+8","floor":53.0,"key":"SMITH"}],"neow_cost":"PERCENT_DAMAGE","seed_source_timestamp":20268716613591,"circlet_count":0,"master_deck":["AscendersBane","Defend_R","Defend_R","Defend_R","Defend_R","Second Wind","Searing Blow+9","Power Through","Battle Trance","Offering","Sentinel+1","Offering","Sentinel","Shockwave","Barricade","Offering","Armaments+1","Offering"],"special_seed":0,"relics":["Burning Blood","WarpedTongs","Dream Catcher","Red Skull","Blue Candle","Astrolabe","Tiny Chest","Orichalcum","Sozu","Molten Egg 2","Prayer Wheel","Mercury Hourglass","Anchor"],"potions_floor_usage":[],"damage_taken":[{"damage":5.0,"enemies":"2 Louse","floor":1.0,"turns":4.0},{"damage":5.0,"enemies":"Small Slimes","floor":4.0,"turns":4.0},{"damage":39.0,"enemies":"Lagavulin","floor":7.0,"turns":8.0},{"damage":3.0,"enemies":"Cultist","floor":8.0,"turns":3.0},{"damage":1.0,"enemies":"Looter","floor":11.0,"turns":3.0},{"damage":0.0,"enemies":"Gremlin Gang","floor":12.0,"turns":3.0},{"damage":3.0,"enemies":"Gremlin Nob","floor":14.0,"turns":3.0},{"damage":16.0,"enemies":"Slime Boss","floor":16.0,"turns":9.0},{"damage":9.0,"enemies":"Shell Parasite","floor":18.0,"turns":4.0},{"damage":13.0,"enemies":"3 Byrds","floor":19.0,"turns":5.0},{"damage":11.0,"enemies":"Snake Plant","floor":21.0,"turns":10.0},{"damage":6.0,"enemies":"3 Cultists","floor":22.0,"turns":4.0},{"damage":7.0,"enemies":"Slavers","floor":24.0,"turns":4.0},{"damage":12.0,"enemies":"Centurion and Healer","floor":27.0,"turns":3.0},{"damage":12.0,"enemies":"Book of Stabbing","floor":31.0,"turns":11.0},{"damage":12.0,"enemies":"Collector","floor":33.0,"turns":15.0},{"damage":6.0,"enemies":"3 Shapes","floor":35.0,"turns":5.0},{"damage":18.0,"enemies":"Orb Walker","floor":39.0,"turns":2.0},{"damage":12.0,"enemies":"Reptomancer","floor":41.0,"turns":2.0},{"damage":12.0,"enemies":"3 Darklings","floor":45.0,"turns":4.0},{"damage":12.0,"enemies":"Jaw Worm Horde","floor":46.0,"turns":3.0},{"damage":21.0,"enemies":"Time Eater","floor":50.0,"turns":2.0},{"damage":12.0,"enemies":"Donu and Deca","floor":51.0,"turns":9.0},{"damage":18.0,"enemies":"Shield and Spear","floor":55.0,"turns":3.0},{"damage":49,"enemies":"The Heart","floor":56,"turns":2}],"seed_played":"2372827469879072546","potions_obtained":[{"floor":1.0,"key":"LiquidBronze"},{"floor":7.0,"key":"Dexterity Potion"},{"floor":14.0,"key":"PowerPotion"},{"floor":27.0,"key":"Weak Potion"},{"floor":33.0,"key":"SteroidPotion"}],"is_trial":false,"path_per_floor":["M","?","?","M","$","R","E","M","T","?","M","M","$","E","R","B",null,"M","M","?","M","M","R","E","R","T","M","$","?","?","E","R","B",null,"M","?","$","T","M","R","E","R","T","R","M","M","R","$","R","B","B",null,"R","$","E","B"],"character_chosen":"IRONCLAD","items_purchased":["Battle Trance","Offering"],"campfire_rested":0,"item_purchase_floors":[13,37],"current_hp_per_floor":[51,51,51,52,52,52,19,22,22,22,27,33,33,36,36,26,63,60,53,53,48,48,48,47,47,47,41,41,20,20,14,14,8,62,62,62,62,62,50,50,44,44,44,44,38,32,32,32,32,17,11,60,60,60,48,0],"gold":61,"neow_bonus":"TRANSFORM_TWO_CARDS","is_prod":false,"is_daily":false,"chose_seed":false,"campfire_upgraded":10,"win_rate":0,"timestamp":1559400697,"path_taken":["M","?","?","?","$","R","E","M","T","?","M","M","$","E","R","BOSS","M","?","?","M","?","R","E","R","T","M","$","?","?","E","R","BOSS","M","?","$","?","M","R","E","R","T","R","M","M","R","?","R","BOSS","BOSS","R","$","E","BOSS"],"build_version":"2019-01-23","purchased_purges":3,"victory":false,"max_hp_per_floor":[75,75,75,75,75,75,75,75,75,75,75,75,75,75,75,75,75,75,75,75,75,75,75,75,75,75,75,75,80,80,80,80,80,80,80,76,76,76,76,76,76,76,76,76,76,76,76,76,76,76,76,76,76,76,76,76],"card_choices":[{"not_picked":["Cleave","Iron Wave"],"picked":"Second Wind","floor":1.0},{"not_picked":["Armaments","Clothesline","Headbutt"],"picked":"SKIP","floor":4.0},{"not_picked":["Demon Form","Spot Weakness"],"picked":"Immolate","floor":7.0},{"not_picked":["Armaments","Bloodletting"],"picked":"Searing Blow","floor":8.0},{"not_picked":["Havoc","Body Slam"],"picked":"Power Through","floor":11.0},{"not_picked":["Headbutt","Whirlwind","Thunderclap"],"picked":"SKIP","floor":12.0},{"not_picked":["Spot Weakness","Body Slam","Wild Strike"],"picked":"SKIP","floor":14.0},{"not_picked":["Spot Weakness","Body Slam","Wild Strike"],"picked":"SKIP","floor":14.0},{"not_picked":["Feed","Barricade"],"picked":"Offering","floor":16.0},{"not_picked":["Sword Boomerang","True Grit","Hemokinesis"],"picked":"SKIP","floor":18.0},{"not_picked":["Anger","Whirlwind","Twin Strike"],"picked":"SKIP","floor":19.0},{"not_picked":["Rampage","Twin Strike","True Grit+1"],"picked":"SKIP","floor":21.0},{"not_picked":["Headbutt","Warcry","Power Through"],"picked":"SKIP","floor":22.0},{"not_picked":["Feel No Pain","Sentinel"],"picked":"Offering","floor":24.0},{"not_picked":["Armaments","Perfected Strike","Sever Soul"],"picked":"SKIP","floor":27.0},{"not_picked":["Shrug It Off","Seeing Red"],"picked":"Shockwave","floor":31.0},{"not_picked":["Juggernaut","Limit Break"],"picked":"Barricade","floor":33.0},{"not_picked":["Heavy Blade+1","Uppercut","Thunderclap+1"],"picked":"SKIP","floor":35.0},{"not_picked":["Warcry+1","Infernal Blade"],"picked":"Armaments+1","floor":39.0},{"not_picked":["Bloodletting","Pommel Strike+1"],"picked":"Offering","floor":41.0},{"not_picked":["Headbutt+1","Anger+1","Metallicize+1"],"picked":"SKIP","floor":45.0},{"not_picked":["Clothesline+1","Headbutt+1","Perfected Strike+1"],"picked":"SKIP","floor":45.0},{"not_picked":["Sword Boomerang+1","Fiend Fire+1","Iron Wave+1"],"picked":"SKIP","floor":46.0},{"not_picked":["Twin Strike+1","Havoc","Iron Wave+1"],"picked":"SKIP","floor":46.0},{"not_picked":["Ghostly Armor","Havoc","Wild Strike+1"],"picked":"SKIP","floor":55.0}],"player_experience":4977420,"relics_obtained":[{"floor":7.0,"key":"Dream Catcher"},{"floor":9.0,"key":"Red Skull"},{"floor":14.0,"key":"Blue Candle"},{"floor":24.0,"key":"Tiny Chest"},{"floor":31.0,"key":"Orichalcum"},{"floor":38.0,"key":"Molten Egg 2"},{"floor":41.0,"key":"Prayer Wheel"},{"floor":43.0,"key":"Mercury Hourglass"},{"floor":55.0,"key":"Anchor"}],"event_choices":[{"cards_removed":["Strike_R"],"damage_healed":0.0,"max_hp_gain":0.0,"max_hp_loss":0.0,"gold_gain":0.0,"event_name":"The Cleric","player_choice":"Card Removal","floor":2.0,"gold_loss":75.0,"damage_taken":0.0},{"damage_healed":0.0,"max_hp_gain":0.0,"max_hp_loss":0.0,"gold_gain":0.0,"event_name":"Accursed Blacksmith","player_choice":"Rummage","floor":3.0,"gold_loss":0.0,"damage_taken":0.0,"relics_obtained":["WarpedTongs"],"cards_obtained":["Pain"]},{"cards_removed":["Pain"],"damage_healed":0.0,"max_hp_gain":0.0,"max_hp_loss":0.0,"gold_gain":0.0,"event_name":"Fountain of Cleansing","player_choice":"Removed Curses","floor":10.0,"gold_loss":0.0,"damage_taken":0.0},{"cards_removed":["Bash"],"damage_healed":0.0,"max_hp_gain":0.0,"max_hp_loss":0.0,"gold_gain":0.0,"event_name":"Bonfire Elementals","player_choice":"Offered Basic","floor":20.0,"gold_loss":0.0,"damage_taken":0.0},{"damage_healed":0.0,"max_hp_gain":5.0,"max_hp_loss":0.0,"gold_gain":0.0,"event_name":"Forgotten Altar","player_choice":"Shed Blood","floor":29.0,"gold_loss":0.0,"damage_taken":26.0},{"damage_healed":0.0,"max_hp_gain":0.0,"max_hp_loss":0.0,"gold_gain":0.0,"cards_transformed":["Carnage","Dual Wield"],"event_name":"Drug Dealer","player_choice":"Became Test Subject","floor":30.0,"gold_loss":0.0,"damage_taken":0.0,"cards_obtained":["Sentinel","Demon Form"]},{"damage_healed":0.0,"max_hp_gain":0.0,"max_hp_loss":4.0,"gold_gain":0.0,"event_name":"Winding Halls","player_choice":"Max HP","floor":36.0,"gold_loss":0.0,"damage_taken":0.0}],"is_beta":false,"boss_relics":[{"not_picked":["Runic Dome","Ectoplasm"],"picked":"Astrolabe"},{"not_picked":["Snecko Eye","Black Blood"],"picked":"Sozu"}],"items_purged_floors":[13,28,48],"is_endless":false,"potions_floor_spawned":[1,7,11,14,18,27,31,33,45,46,55],"killed_by":"The Heart","ascension_level":20}