{"gold_per_floor":[14,26,41,61,75,75,108,120,186,198,285,297,10,39,39,135,135,149,3,3,3,3,3,23,35,62,62,75,75,88,99,99,196,196,212,238,238,112,62,62,62,82,107,120,134,134,153,103,103,103],"floor_reached":51,"playtime":1887,"items_purged":["Strike_B","Defend_B+1","Defend_B+1","Defend_B+1"],"score":682,"play_id":"f213a241-4c47-4d96-9a75-2a14277ec151","local_time":"20190616145107","is_ascension_mode":false,"campfire_choices":[{"data":"Loop","floor":6.0,"key":"SMITH"},{"data":"Consume","floor":8.0,"key":"SMITH"},{"data":"Dualcast","floor":10.0,"key":"SMITH"},{"data":"Zap","floor":12.0,"key":"SMITH"},{"data":"Storm","floor":15.0,"key":"SMITH"},{"data":"Defragment","floor":23.0,"key":"SMITH"},{"data":"Coolheaded","floor":27.0,"key":"SMITH"},{"data":"Skim","floor":29.0,"key":"SMITH"},{"data":"Recycle","floor":32.0,"key":"SMITH"},{"data":"Storm","floor":40.0,"key":"SMITH"},{"floor":46.0,"key":"RECALL"},{"data":"Creative AI","floor":49,"key":"SMITH"}],"neow_cost":"NO_GOLD","seed_source_timestamp":24161466330954,"circlet_count":0,"master_deck":["Defend_B+1","Zap+1","Dualcast+1","Skim+1","Cold Snap+1","Consume+1","Loop+1","Tempest+1","Storm+1","Undo+1","Electrodynamics+1","Coolheaded+1","Defragment+1","BootSequence+1","Chill+1","Turbo+1","Recycle+1","Heatsinks+1","Fission+1","Heatsinks+1","Loop+1","Capacitor+1","Blizzard+1","Storm+1","Creative AI+1"],"special_seed":0,"relics":["Cracked Core","Incense Burner","MawBank","Tiny Chest","DataDisk","Strawberry","Coffee Dripper","Dream Catcher","Astrolabe","Smiling Mask","Mark of the Bloom","Darkstone Periapt","Bag of Preparation"],"potions_floor_usage":[50],"damage_taken":[{"damage":0.0,"enemies":"2 Louse","floor":1.0,"turns":2.0},{"damage":0.0,"enemies":"Small Slimes","floor":2.0,"turns":3.0},{"damage":0.0,"enemies":"Cultist","floor":3.0,"turns":3.0},{"damage":8.0,"enemies":"Red Slaver","floor":4.0,"turns":3.0},{"damage":7.0,"enemies":"Exordium Thugs","floor":5.0,"turns":7.0},{"damage":9.0,"enemies":"3 Sentries","floor":7.0,"turns":6.0},{"damage":8.0,"enemies":"Lagavulin","floor":14.0,"turns":5.0},{"damage":16.0,"enemies":"Slime Boss","floor":16.0,"turns":5.0},{"damage":0.0,"enemies":"Shell Parasite","floor":18.0,"turns":5.0},{"damage":0.0,"enemies":"Spheric Guardian","floor":24.0,"turns":2.0},{"damage":0.0,"enemies":"3 Cultists","floor":25.0,"turns":2.0},{"damage":0.0,"enemies":"Sentry and Sphere","floor":28.0,"turns":2.0},{"damage":0.0,"enemies":"Cultist and Chosen","floor":30.0,"turns":4.0},{"damage":0.0,"enemies":"Snake Plant","floor":31.0,"turns":3.0},{"damage":24.0,"enemies":"Automaton","floor":33.0,"turns":8.0},{"damage":0.0,"enemies":"Orb Walker","floor":35.0,"turns":2.0},{"damage":0.0,"enemies":"3 Darklings","floor":42.0,"turns":3.0},{"damage":0.0,"enemies":"Maw","floor":44.0,"turns":2.0},{"damage":0.0,"enemies":"4 Shapes","floor":45.0,"turns":2.0},{"damage":2,"enemies":"Writhing Mass","floor":47,"turns":3},{"damage":31,"enemies":"Awakened One","floor":50,"turns":5}],"seed_played":"2102432646834718232","potions_obtained":[{"floor":2.0,"key":"AttackPotion"},{"floor":3.0,"key":"Weak Potion"},{"floor":7.0,"key":"Poison Potion"},{"floor":28.0,"key":"SkillPotion"},{"floor":33.0,"key":"Poison Potion"},{"floor":35.0,"key":"FearPotion"}],"is_trial":false,"path_per_floor":["M","M","M","M","M","R","E","R","T","R","?","R","$","E","R","B",null,"M","$","?","$","$","R","M","M","T","R","M","R","M","M","R","B",null,"M","T","?","$","$","R","T","M","T","M","M","R","M","$","R","B",null],"character_chosen":"DEFECT","items_purchased":["Storm","DataDisk","Defragment","BootSequence","Storm"],"campfire_rested":0,"item_purchase_floors":[13,13,19,19,38],"current_hp_per_floor":[75,75,75,67,60,60,51,51,51,51,40,40,40,39,39,23,82,82,82,82,82,82,82,82,82,82,82,82,82,82,82,82,58,82,82,82,82,82,82,82,82,82,82,82,82,82,80,80,80,49],"gold":103,"neow_bonus":"ONE_RARE_RELIC","is_prod":false,"is_daily":false,"chose_seed":false,"campfire_upgraded":11,"win_rate":0,"timestamp":1560667867,"path_taken":["M","M","M","M","M","R","E","R","T","R","?","R","$","E","R","BOSS","M","$","?","?","$","R","?","M","T","R","M","R","M","M","R","BOSS","M","?","?","?","$","R","?","M","T","M","M","R","M","$","R","BOSS"],"build_version":"2019-01-23","purchased_purges":4,"victory":true,"max_hp_per_floor":[75,75,75,75,75,75,75,75,75,75,75,75,75,82,82,82,82,82,82,82,82,82,82,82,82,82,82,82,82,82,82,82,82,82,82,82,82,82,82,82,82,82,82,82,82,82,82,82,82,82],"card_choices":[{"not_picked":["Streamline","Doom and Gloom"],"picked":"Skim","floor":1.0},{"not_picked":["Tempest","Double Energy"],"picked":"Cold Snap","floor":2.0},{"not_picked":["Blizzard","Streamline"],"picked":"Consume","floor":3.0},{"not_picked":["Storm","Sweeping Beam"],"picked":"Loop","floor":4.0},{"not_picked":["Compile Driver","Steam Power","Conserve Battery"],"picked":"SKIP","floor":5.0},{"not_picked":["Auto Shields","Static Discharge"],"picked":"Tempest","floor":7.0},{"not_picked":["Leap","Cold Snap"],"picked":"Undo","floor":14.0},{"not_picked":["Meteor Strike","Machine Learning"],"picked":"Electrodynamics","floor":16.0},{"not_picked":["Sweeping Beam","Tempest"],"picked":"Coolheaded","floor":18.0},{"not_picked":["Fusion","Gash"],"picked":"Chill","floor":24.0},{"not_picked":["Redo","Coolheaded","Streamline+1"],"picked":"SKIP","floor":25.0},{"not_picked":["Streamline","Conserve Battery"],"picked":"Turbo","floor":28.0},{"not_picked":["Turbo+1","Hologram"],"picked":"Recycle","floor":30.0},{"not_picked":["Glacier","Conserve Battery"],"picked":"Heatsinks","floor":31.0},{"not_picked":["Meteor Strike","Buffer"],"picked":"Fission","floor":33.0},{"not_picked":["Cold Snap+1","Beam Cell+1"],"picked":"Blizzard+1","floor":35.0},{"not_picked":["Self Repair","Gash","Conserve Battery+1"],"picked":"SKIP","floor":42.0},{"not_picked":["Sweeping Beam","Redo","Stack+1"],"picked":"SKIP","floor":44.0},{"not_picked":["Sweeping Beam+1","Go for the Eyes","Turbo"],"picked":"SKIP","floor":45.0},{"not_picked":["Capacitor+1","Steam+1"],"picked":"Creative AI","floor":47}],"player_experience":5303647,"relics_obtained":[{"floor":7.0,"key":"MawBank"},{"floor":9.0,"key":"Tiny Chest"},{"floor":14.0,"key":"Strawberry"},{"floor":26.0,"key":"Dream Catcher"},{"floor":36.0,"key":"Smiling Mask"},{"floor":41.0,"key":"Darkstone Periapt"},{"floor":43.0,"key":"Bag of Preparation"}],"event_choices":[{"damage_healed":0.0,"max_hp_gain":0.0,"max_hp_loss":0.0,"gold_gain":75.0,"event_name":"World of Goop","player_choice":"Gather Gold","floor":11.0,"gold_loss":0.0,"damage_taken":11.0},{"damage_healed":0.0,"max_hp_gain":0.0,"max_hp_loss":0.0,"gold_gain":0.0,"event_name":"NoteForYourself","player_choice":"Ignored","floor":20.0,"gold_loss":0.0,"damage_taken":0.0},{"damage_healed":0.0,"max_hp_gain":0.0,"max_hp_loss":0.0,"gold_gain":0.0,"event_name":"MindBloom","player_choice":"Upgrade","floor":37.0,"gold_loss":0.0,"damage_taken":0.0,"cards_upgraded":["Defend_B","Defend_B","Defend_B","Defend_B","Cold Snap","Tempest","Undo","Electrodynamics","BootSequence","Chill","Turbo","Heatsinks","Fission"],"relics_obtained":["Mark of the Bloom"]}],"is_beta":false,"boss_relics":[{"not_picked":["Tiny House","Orrery"],"picked":"Coffee Dripper"},{"not_picked":["Empty Cage","FrozenCore"],"picked":"Astrolabe"}],"items_purged_floors":[13,38,39,48],"is_endless":false,"potions_floor_spawned":[2,3,7,28,33,35],"ascension_level":0}