{"gold_per_floor":[118,118,18,18,318,318,344,362,362,362,397,50,64,75,75,152,152,169,11,21,33,33,33,33,33,113,113,140,154,154],"floor_reached":30,"playtime":631,"items_purged":["Strike_B"],"score":612,"play_id":"30c6496f-a215-4da0-b007-d16c46bcffe6","local_time":"20190612224908","is_ascension_mode":true,"campfire_choices":[{"data":"Chaos","floor":6.0,"key":"SMITH"},{"data":"Rainbow","floor":10.0,"key":"SMITH"},{"data":"Coolheaded","floor":15.0,"key":"SMITH"},{"data":"Turbo","floor":23.0,"key":"SMITH"},{"data":"Turbo","floor":25.0,"key":"SMITH"}],"neow_cost":"NONE","seed_source_timestamp":96448569343449,"circlet_count":0,"master_deck":["AscendersBane","Strike_B+1","Strike_B+1","Strike_B","Defend_B","Defend_B","Defend_B","Defend_B","Zap","Dualcast","Chaos+1","Turbo+1","Self Repair","Turbo+1","Rainbow+1","Loop","Tempest","Coolheaded+1","Core Surge","Coolheaded","Defragment","Consume","Tempest","Hologram","Amplify"],"special_seed":0,"relics":["Cracked Core","NeowsBlessing","Gremlin Horn","Old Coin","Ice Cream","Cables","Calipers","Pocketwatch","Sozu","Pen Nib"],"potions_floor_usage":[30,30],"damage_taken":[{"damage":0.0,"enemies":"Small Slimes","floor":1.0,"turns":1.0},{"damage":0.0,"enemies":"3 Sentries","floor":7.0,"turns":1.0},{"damage":0.0,"enemies":"Jaw Worm","floor":8.0,"turns":1.0},{"damage":0.0,"enemies":"Lagavulin","floor":11.0,"turns":7.0},{"damage":0.0,"enemies":"Cultist","floor":13.0,"turns":2.0},{"damage":12.0,"enemies":"Red Slaver","floor":14.0,"turns":3.0},{"damage":17.0,"enemies":"The Guardian","floor":16.0,"turns":9.0},{"damage":20.0,"enemies":"2 Thieves","floor":18.0,"turns":3.0},{"damage":18.0,"enemies":"Shell Parasite","floor":20.0,"turns":5.0},{"damage":18.0,"enemies":"Centurion and Healer","floor":21.0,"turns":5.0},{"damage":25.0,"enemies":"Book of Stabbing","floor":28.0,"turns":4.0},{"damage":0.0,"enemies":"Snecko","floor":29.0,"turns":4.0},{"damage":16,"enemies":"Snake Plant","floor":30,"turns":2}],"seed_played":"5531341926460028529","potions_obtained":[{"floor":1.0,"key":"Strength Potion"},{"floor":13.0,"key":"Poison Potion"},{"floor":16.0,"key":"SteroidPotion"}],"is_trial":false,"path_per_floor":["M","?","$","?","T","R","E","M","T","R","E","$","M","M","R","B",null,"M","$","M","M","$","R","$","R","T","?","E","M","M"],"character_chosen":"DEFECT","items_purchased":["Turbo","Self Repair","Pocketwatch","Defragment"],"campfire_rested":0,"item_purchase_floors":[3,3,12,19],"current_hp_per_floor":[64,59,59,38,38,38,45,45,45,45,52,52,59,54,54,44,64,51,51,40,29,29,29,29,29,29,29,4,11,0],"gold":154,"neow_bonus":"THREE_ENEMY_KILL","is_prod":false,"is_daily":false,"chose_seed":false,"campfire_upgraded":5,"win_rate":0,"timestamp":1560347348,"path_taken":["M","?","$","?","?","R","E","M","T","R","E","?","M","M","R","BOSS","M","$","?","M","?","R","?","R","T","?","E","M","M"],"build_version":"2019-01-23","purchased_purges":1,"victory":false,"max_hp_per_floor":[71,71,71,71,71,71,71,71,71,71,71,71,71,71,71,71,71,71,71,71,71,71,71,71,71,71,71,71,71,71],"card_choices":[{"not_picked":["Leap","Melter"],"picked":"Chaos","floor":1.0},{"not_picked":["Sweeping Beam","Cold Snap"],"picked":"Turbo","floor":7.0},{"not_picked":["Rebound","Sweeping Beam"],"picked":"Rainbow","floor":8.0},{"not_picked":["Go for the Eyes","Beam Cell"],"picked":"Loop","floor":11.0},{"not_picked":["Reprogram","Auto Shields"],"picked":"Tempest","floor":13.0},{"not_picked":["Compile Driver","Hologram"],"picked":"Coolheaded","floor":14.0},{"not_picked":["Reboot","Amplify"],"picked":"Core Surge","floor":16.0},{"not_picked":["Steam Power","Hologram"],"picked":"Coolheaded","floor":18.0},{"not_picked":["Lockon","Gash"],"picked":"Consume","floor":20.0},{"not_picked":["Self Repair","Turbo"],"picked":"Tempest","floor":21.0},{"not_picked":["Compile Driver","Go for the Eyes"],"picked":"Hologram","floor":28.0},{"not_picked":["Hello World+1","Hologram"],"picked":"Amplify","floor":29.0}],"player_experience":589865,"relics_obtained":[{"floor":5.0,"key":"Old Coin"},{"floor":7.0,"key":"Ice Cream"},{"floor":9.0,"key":"Cables"},{"floor":11.0,"key":"Calipers"},{"floor":28.0,"key":"Pen Nib"}],"event_choices":[{"damage_healed":0.0,"max_hp_gain":0.0,"max_hp_loss":0.0,"gold_gain":0.0,"event_name":"Scrap Ooze","player_choice":"Success","floor":2.0,"gold_loss":0.0,"damage_taken":5.0,"relics_obtained":["Gremlin Horn"]},{"damage_healed":0.0,"max_hp_gain":0.0,"max_hp_loss":0.0,"gold_gain":0.0,"event_name":"Shining Light","player_choice":"Entered Light","floor":4.0,"gold_loss":0.0,"damage_taken":21.0,"cards_upgraded":["Strike_B","Strike_B"]},{"damage_healed":0.0,"max_hp_gain":0.0,"max_hp_loss":0.0,"gold_gain":0.0,"event_name":"Vampires","player_choice":"Ignored","floor":27.0,"gold_loss":0.0,"damage_taken":0.0}],"is_beta":false,"boss_relics":[{"not_picked":["Ectoplasm","Calling Bell"],"picked":"Sozu"}],"items_purged_floors":[19],"is_endless":false,"potions_floor_spawned":[1,13,16,21,28],"killed_by":"Snake Plant","ascension_level":20}