{"gold_per_floor":[216,234,247,247,14,47,47,63,63,76,76,88,101,1,1,78,78,98,125,0,0,24,24,92,92,92,92,123,123,143,154,154,154],"floor_reached":33,"playtime":1068,"items_purged":["Strike_R","Strike_R","Strike_R"],"score":580,"play_id":"cd0be8ed-9d3c-4d63-96c4-96108b23f893","local_time":"20190524185926","is_ascension_mode":true,"campfire_choices":[{"data":"Armaments","floor":7.0,"key":"SMITH"},{"data":"Shockwave","floor":11.0,"key":"SMITH"},{"data":"Inflame","floor":15.0,"key":"SMITH"},{"data":"True Grit","floor":23,"key":"SMITH"},{"data":"Immolate","floor":25,"key":"SMITH"},{"data":"Wild Strike","floor":27,"key":"SMITH"},{"data":"Double Tap","floor":29,"key":"SMITH"},{"data":"Evolve","floor":32,"key":"SMITH"}],"neow_cost":"NONE","seed_source_timestamp":28550349532526,"circlet_count":0,"master_deck":["AscendersBane","Strike_R","Defend_R","Defend_R","Defend_R","Defend_R","Bash","Armaments+1","Evolve+1","Disarm","Double Tap+1","Ghostly Armor","Shockwave+1","Inflame+1","Wild Strike+1","Immolate+1","True Grit+1"],"special_seed":0,"relics":["Burning Blood","Vajra","Bottled Tornado","Paper Frog","Busted Crown","Red Mask","Ancient Tea Set","Singing Bowl","Red Skull"],"potions_floor_usage":[18,28],"damage_taken":[{"damage":7.0,"enemies":"Small Slimes","floor":1.0,"turns":4.0},{"damage":0.0,"enemies":"2 Louse","floor":2.0,"turns":3.0},{"damage":16.0,"enemies":"Jaw Worm","floor":3.0,"turns":5.0},{"damage":30.0,"enemies":"3 Sentries","floor":6.0,"turns":11.0},{"damage":10.0,"enemies":"Looter","floor":8.0,"turns":5.0},{"damage":10.0,"enemies":"Blue Slaver","floor":10.0,"turns":7.0},{"damage":5.0,"enemies":"3 Louse","floor":12.0,"turns":6.0},{"damage":13.0,"enemies":"Exordium Thugs","floor":13.0,"turns":5.0},{"damage":23.0,"enemies":"Slime Boss","floor":16.0,"turns":7.0},{"damage":3,"enemies":"3 Byrds","floor":18,"turns":4},{"damage":47,"enemies":"Masked Bandits","floor":19,"turns":4},{"damage":0,"enemies":"Slavers","floor":28,"turns":3},{"damage":6,"enemies":"2 Thieves","floor":30,"turns":4},{"damage":0,"enemies":"Centurion and Healer","floor":31,"turns":2},{"damage":29,"enemies":"Automaton","floor":33,"turns":5}],"seed_played":"5435223855056660511","potions_obtained":[{"floor":2.0,"key":"SpeedPotion"},{"floor":6.0,"key":"Block Potion"},{"floor":12.0,"key":"Block Potion"},{"floor":13.0,"key":"GamblersBrew"},{"floor":18,"key":"SpeedPotion"},{"floor":31,"key":"LiquidBronze"}],"is_trial":false,"path_per_floor":["M","M","M","?","$","E","R","M","T","M","R","M","M","$","R","B",null,"M","?","$","?","T","R","T","R","T","R","E","R","M","M","R","B"],"character_chosen":"IRONCLAD","items_purchased":["Vajra"],"campfire_rested":0,"item_purchase_floors":[5],"current_hp_per_floor":[67,73,63,63,63,39,39,35,35,31,31,32,25,25,25,8,58,61,20,20,20,20,20,20,20,20,20,28,28,30,38,38,9],"gold":154,"neow_bonus":"HUNDRED_GOLD","is_prod":false,"is_daily":false,"chose_seed":false,"campfire_upgraded":8,"win_rate":0,"timestamp":1558695566,"path_taken":["M","M","M","?","$","E","R","M","T","M","R","M","M","$","R","BOSS","M","?","$","?","?","R","?","R","T","R","E","R","M","M","R","BOSS"],"build_version":"2019-01-23","purchased_purges":3,"victory":false,"max_hp_per_floor":[75,75,75,75,75,75,75,75,75,75,75,75,75,75,75,75,75,75,75,75,75,75,75,75,75,75,75,77,77,79,81,81,81],"card_choices":[{"not_picked":["Iron Wave","Shrug It Off"],"picked":"Armaments","floor":1.0},{"not_picked":["Twin Strike","Pommel Strike"],"picked":"Evolve","floor":2.0},{"not_picked":["Clash","Sword Boomerang","Metallicize"],"picked":"SKIP","floor":3.0},{"not_picked":["Flex","Heavy Blade"],"picked":"Double Tap","floor":6.0},{"not_picked":["Dual Wield","Fire Breathing"],"picked":"Ghostly Armor","floor":8.0},{"not_picked":["Intimidate","True Grit"],"picked":"Shockwave","floor":10.0},{"not_picked":["Headbutt","Bloodletting"],"picked":"Inflame","floor":12.0},{"not_picked":["Clothesline","Warcry"],"picked":"Wild Strike","floor":13.0},{"not_picked":["Brutality","Demon Form"],"picked":"Immolate","floor":16.0},{"not_picked":["Dropkick"],"picked":"SKIP","floor":18},{"not_picked":["Flex+1"],"picked":"Singing Bowl","floor":28},{"not_picked":["Evolve"],"picked":"Singing Bowl","floor":30},{"not_picked":["Cleave"],"picked":"Singing Bowl","floor":31}],"player_experience":4829050,"relics_obtained":[{"floor":6.0,"key":"Bottled Tornado"},{"floor":9.0,"key":"Paper Frog"},{"floor":19,"key":"Red Mask"},{"floor":22,"key":"Ancient Tea Set"},{"floor":24,"key":"Singing Bowl"},{"floor":26,"key":"Red Skull"}],"event_choices":[{"damage_healed":0.0,"max_hp_gain":0.0,"max_hp_loss":0.0,"gold_gain":0.0,"cards_transformed":["Strike_R"],"event_name":"Living Wall","player_choice":"Change","floor":4.0,"gold_loss":0.0,"damage_taken":0.0,"cards_obtained":["Disarm"]},{"damage_healed":0,"gold_gain":0,"player_choice":"Fought Bandits","damage_taken":0,"max_hp_gain":0,"max_hp_loss":0,"event_name":"Masked Bandits","floor":19,"gold_loss":0},{"damage_healed":0,"gold_gain":0,"player_choice":"Read","damage_taken":0,"max_hp_gain":0,"max_hp_loss":0,"event_name":"The Library","floor":21,"gold_loss":0,"cards_obtained":["True Grit"]}],"is_beta":false,"boss_relics":[{"not_picked":["White Beast Statue","Philosopher\u0027s Stone"],"picked":"Busted Crown"}],"items_purged_floors":[5,14,20],"is_endless":false,"potions_floor_spawned":[2,6,10,12,13,16,18,31],"killed_by":"Automaton","ascension_level":20}