{"gold_per_floor":[116,131,131,143,143,143,159,159,205,232,257,115,115,132,132,132],"floor_reached":16,"playtime":361,"items_purged":["Strike_G"],"score":188,"play_id":"f060fd81-5f9d-4c8b-ae2a-e002a84db501","local_time":"20181227174012","is_ascension_mode":true,"campfire_choices":[{"data":"Neutralize","floor":6,"key":"SMITH"},{"data":"Deadly Poison","floor":8,"key":"SMITH"},{"data":"Noxious Fumes","floor":13,"key":"SMITH"},{"data":"Well Laid Plans","floor":15,"key":"SMITH"}],"neow_cost":"NONE","seed_source_timestamp":21414162789822,"circlet_count":0,"master_deck":["AscendersBane","Defend_G","Defend_G","Defend_G","Defend_G","Defend_G","Strike_G","Strike_G","Strike_G","Survivor","Neutralize+1","Escape Plan","Dash","Deadly Poison+1","Blur","Skewer","Deadly Poison","Noxious Fumes+1","Well Laid Plans+1","Backflip"],"relics":["Orrery","MawBank"],"potions_floor_usage":[11],"damage_taken":[{"damage":0,"enemies":"2 Louse","floor":1,"turns":4},{"damage":1,"enemies":"Small Slimes","floor":2,"turns":5},{"damage":0,"enemies":"Cultist","floor":4,"turns":4},{"damage":3,"enemies":"Looter","floor":7,"turns":3},{"damage":13,"enemies":"Exordium Wildlife","floor":10,"turns":7},{"damage":3,"enemies":"Red Slaver","floor":11,"turns":3},{"damage":9,"enemies":"Lots of Slimes","floor":14,"turns":5},{"damage":0,"enemies":"Slime Boss","floor":16,"turns":1}],"seed_played":"-4354485293088190032","potions_obtained":[{"floor":2,"key":"SteroidPotion"},{"floor":7,"key":"Dexterity Potion"},{"floor":10,"key":"Fire Potion"}],"is_trial":false,"path_per_floor":["M","M","?","M","?","R","M","R","T","M","M","$","R","M","R","B"],"character_chosen":"THE_SILENT","items_purchased":["Well Laid Plans"],"campfire_rested":0,"item_purchase_floors":[12],"current_hp_per_floor":[59,58,58,58,58,58,55,55,55,42,39,39,39,30,30,30],"gold":132,"neow_bonus":"BOSS_RELIC","is_prod":false,"is_daily":false,"chose_seed":false,"campfire_upgraded":4,"win_rate":0,"timestamp":1545903612,"path_taken":["M","M","?","M","?","R","M","R","T","M","M","$","R","M","R","BOSS"],"build_version":"2018-12-20","purchased_purges":1,"victory":false,"max_hp_per_floor":[66,66,66,66,66,66,66,66,66,66,66,66,66,66,66,66],"card_choices":[{"not_picked":["Bane","Sucker Punch"],"picked":"Escape Plan","floor":0},{"not_picked":["Distraction","Cloak And Dagger"],"picked":"Dash","floor":0},{"not_picked":["All Out Attack","Dagger Throw"],"picked":"Deadly Poison","floor":0},{"not_picked":["Crippling Poison","PiercingWail"],"picked":"Blur","floor":1},{"not_picked":["Dagger Throw","Reflex","Crippling Poison"],"picked":"SKIP","floor":2},{"not_picked":["Flechettes","Heel Hook","Cloak And Dagger"],"picked":"SKIP","floor":4},{"not_picked":["Blur","Poisoned Stab"],"picked":"Deadly Poison","floor":7},{"not_picked":["Slice","Riddle With Holes","Distraction"],"picked":"SKIP","floor":10},{"not_picked":["Skewer","Phantasmal Killer"],"picked":"Noxious Fumes","floor":11},{"not_picked":["Masterful Stab","Prepared"],"picked":"Backflip","floor":14}],"player_experience":1527708,"relics_obtained":[{"floor":9,"key":"MawBank"}],"event_choices":[{"damage_healed":0,"gold_gain":0,"player_choice":"Ignored","damage_taken":0,"max_hp_gain":0,"max_hp_loss":0,"event_name":"Liars Game","floor":3,"gold_loss":0},{"damage_healed":0,"gold_gain":0,"cards_transformed":["Strike_G"],"player_choice":"Transformed","damage_taken":0,"max_hp_gain":0,"max_hp_loss":0,"event_name":"Transmorgrifier","floor":5,"gold_loss":0,"cards_obtained":["Skewer"]}],"is_beta":false,"boss_relics":[],"items_purged_floors":[12],"is_endless":false,"potions_floor_spawned":[2,7,10],"killed_by":"Slime Boss","ascension_level":20}