{"gold_per_floor":[109,34,51,66,84,84,114,114,190,190,265,265,284,284,284,284],"floor_reached":16,"playtime":458,"items_purged":["Strike_G"],"score":200,"play_id":"e2ccbb0c-77b1-41a0-903b-cd993df89c5b","local_time":"20190104095400","is_ascension_mode":true,"campfire_choices":[{"data":"Noxious Fumes","floor":6,"key":"SMITH"},{"data":"Neutralize","floor":8,"key":"SMITH"},{"data":"Strike_G","floor":10,"key":"PURGE"},{"data":"Defend_G","floor":12,"key":"PURGE"},{"data":"Corpse Explosion","floor":15,"key":"SMITH"}],"neow_cost":"NONE","seed_source_timestamp":2452561330561,"circlet_count":0,"master_deck":["AscendersBane","Defend_G","Defend_G","Defend_G","Defend_G","Strike_G","Survivor","Neutralize+1","Noxious Fumes+1","PiercingWail","Bane","Acrobatics","Corpse Explosion+1"],"relics":["Ring of the Snake","Peace Pipe","The Courier"],"potions_floor_usage":[7,7],"damage_taken":[{"damage":0,"enemies":"Small Slimes","floor":1,"turns":5},{"damage":1,"enemies":"2 Louse","floor":3,"turns":4},{"damage":0,"enemies":"Jaw Worm","floor":4,"turns":6},{"damage":2,"enemies":"2 Fungi Beasts","floor":5,"turns":5},{"damage":30,"enemies":"Gremlin Nob","floor":7,"turns":4},{"damage":1,"enemies":"Blue Slaver","floor":13,"turns":5},{"damage":14,"enemies":"The Guardian","floor":16,"turns":2}],"seed_played":"-8844702290744219315","potions_obtained":[{"floor":1,"key":"SneckoOil"},{"floor":3,"key":"Strength Potion"}],"is_trial":false,"path_per_floor":["M","$","M","M","M","R","E","R","T","R","?","R","M","?","R","B"],"character_chosen":"THE_SILENT","items_purchased":[],"campfire_rested":0,"item_purchase_floors":[],"current_hp_per_floor":[59,59,58,58,56,56,26,26,26,26,15,15,14,7,7,0],"gold":284,"neow_bonus":"REMOVE_CARD","is_prod":false,"is_daily":false,"chose_seed":false,"campfire_upgraded":3,"win_rate":0,"timestamp":1546566840,"path_taken":["M","$","M","M","M","R","E","R","T","R","?","R","M","?","R","BOSS"],"build_version":"2019-01-03","purchased_purges":1,"victory":false,"max_hp_per_floor":[66,66,66,66,66,66,66,66,66,66,66,66,66,66,66,66],"card_choices":[{"not_picked":["Deadly Poison","Infinite Blades"],"picked":"Noxious Fumes","floor":1},{"not_picked":["Bane","Sucker Punch"],"picked":"PiercingWail","floor":3},{"not_picked":["Outmaneuver","Dagger Throw"],"picked":"Bane","floor":4},{"not_picked":["Quick Slash","Sucker Punch","Blade Dance"],"picked":"SKIP","floor":5},{"not_picked":["Bane","Reflex"],"picked":"Acrobatics","floor":7},{"not_picked":["Crippling Poison","Caltrops"],"picked":"Corpse Explosion","floor":13}],"player_experience":1715278,"relics_obtained":[{"floor":7,"key":"Peace Pipe"},{"floor":9,"key":"The Courier"}],"event_choices":[{"damage_healed":0,"gold_gain":75,"player_choice":"Gather Gold","damage_taken":11,"max_hp_gain":0,"max_hp_loss":0,"event_name":"World of Goop","floor":11,"gold_loss":0},{"cards_removed":["Strike_G"],"damage_healed":0,"gold_gain":0,"player_choice":"Card Removal","damage_taken":7,"max_hp_gain":0,"max_hp_loss":0,"event_name":"Golden Wing","floor":14,"gold_loss":0}],"is_beta":false,"boss_relics":[],"items_purged_floors":[2],"is_endless":false,"potions_floor_spawned":[1,3],"killed_by":"The Guardian","ascension_level":20}