{"gold_per_floor":[114,132,207,218,6,6,6,6,88,120,120,120,82,96,96,96],"floor_reached":16,"playtime":317,"items_purged":["Strike_R"],"score":196,"play_id":"c0fa6332-f9bf-4cc8-b7a7-d2ea164054dd","local_time":"20190108224439","is_ascension_mode":true,"campfire_choices":[{"data":"Uppercut","floor":6,"key":"SMITH"},{"data":"Bludgeon","floor":8,"key":"SMITH"},{"data":"Flex","floor":12,"key":"SMITH"},{"data":"Metallicize","floor":15,"key":"SMITH"}],"neow_cost":"TEN_PERCENT_HP_LOSS","seed_source_timestamp":40429102977890,"circlet_count":0,"master_deck":["AscendersBane","Strike_R","Strike_R","Strike_R","Strike_R","Defend_R","Defend_R","Defend_R","Defend_R","Bash","Reaper","Metallicize+1","Uppercut+1","Bludgeon+1","Flex+1","Evolve"],"relics":["Burning Blood","Membership Card","Potion Belt","Question Card","Pen Nib","Mummified Hand"],"potions_floor_usage":[16],"damage_taken":[{"damage":21,"enemies":"Jaw Worm","floor":1,"turns":7},{"damage":9,"enemies":"2 Louse","floor":2,"turns":4},{"damage":8,"enemies":"Small Slimes","floor":4,"turns":5},{"damage":19,"enemies":"3 Sentries","floor":10,"turns":8},{"damage":19,"enemies":"3 Louse","floor":14,"turns":5},{"damage":0,"enemies":"The Guardian","floor":16,"turns":3}],"seed_played":"5764162591718667358","potions_obtained":[{"floor":4,"key":"Ancient Potion"},{"floor":10,"key":"Fire Potion"}],"is_trial":false,"path_per_floor":["M","M","?","M","$","R","?","R","T","E","T","R","$","M","R","B"],"character_chosen":"IRONCLAD","items_purchased":["Membership Card"],"campfire_rested":0,"item_purchase_floors":[5],"current_hp_per_floor":[55,60,49,51,51,51,46,46,46,41,41,41,41,31,31,31],"gold":96,"neow_bonus":"THREE_RARE_CARDS","is_prod":false,"is_daily":false,"chose_seed":false,"campfire_upgraded":4,"win_rate":0,"timestamp":1546958679,"path_taken":["M","M","?","M","$","R","?","R","T","E","?","R","?","M","R","BOSS"],"build_version":"2019-01-03v4","purchased_purges":1,"victory":false,"max_hp_per_floor":[68,68,68,68,68,68,68,68,68,68,68,68,68,68,68,68],"card_choices":[{"not_picked":["Exhume","Impervious"],"picked":"Reaper","floor":0},{"not_picked":["Headbutt","Blood for Blood"],"picked":"Metallicize","floor":1},{"not_picked":["Iron Wave","Wild Strike"],"picked":"Uppercut","floor":2},{"not_picked":["Clothesline","Uppercut"],"picked":"Bludgeon","floor":4},{"not_picked":["Second Wind","Battle Trance","Whirlwind"],"picked":"Flex","floor":10},{"not_picked":["Thunderclap","Clash","Shockwave"],"picked":"Evolve","floor":14}],"player_experience":1868132,"relics_obtained":[{"floor":9,"key":"Question Card"},{"floor":10,"key":"Pen Nib"},{"floor":11,"key":"Mummified Hand"}],"event_choices":[{"damage_healed":0,"gold_gain":75,"player_choice":"Gather Gold","damage_taken":11,"max_hp_gain":0,"max_hp_loss":0,"event_name":"World of Goop","floor":3,"gold_loss":0},{"damage_healed":0,"gold_gain":0,"player_choice":"Success","damage_taken":5,"relics_obtained":["Potion Belt"],"max_hp_gain":0,"max_hp_loss":0,"event_name":"Scrap Ooze","floor":7,"gold_loss":0}],"is_beta":false,"boss_relics":[],"items_purged_floors":[13],"is_endless":false,"potions_floor_spawned":[4,10],"killed_by":"The Guardian","ascension_level":20}