{"gold_per_floor":[359,359,45,120,131,131,143,143,143,143,174,74,74,86,86,162,162,177,177,102,25,43,43,77,77,77,88,108,108,53,69,69,146,146,156,167,42,62,74,74,102,119,143,143,174,193,193,211,211,211,211,211,211,61,91,91],"floor_reached":57,"playtime":3224,"items_purged":["Strike_G","Strike_G","Defend_G","Defend_G"],"score":3089,"play_id":"397c6af9-03ec-4668-9e57-d795fab99b13","local_time":"20190715201721","is_ascension_mode":true,"campfire_choices":[{"data":"Apotheosis","floor":6.0,"key":"SMITH"},{"floor":8.0,"key":"REST"},{"floor":10.0,"key":"REST"},{"floor":15.0,"key":"REST"},{"floor":23.0,"key":"REST"},{"floor":25.0,"key":"RECALL"},{"data":"Well Laid Plans","floor":32.0,"key":"SMITH"},{"floor":40.0,"key":"REST"},{"data":"Acrobatics","floor":47.0,"key":"SMITH"},{"data":"Noxious Fumes","floor":49.0,"key":"SMITH"},{"data":"Adrenaline","floor":53,"key":"SMITH"}],"neow_cost":"TEN_PERCENT_HP_LOSS","seed_source_timestamp":25174768917718,"circlet_count":0,"master_deck":["AscendersBane","Defend_G","Defend_G","Survivor","Neutralize","Apotheosis+1","Noxious Fumes+1","Calculated Gamble","Blur","Infinite Blades","Grand Finale","Well Laid Plans+1","Prepared+1","Adrenaline+1","Acrobatics+1","Tactician+1","Acrobatics+1"],"special_seed":0,"relics":["Ring of the Snake","Mango","Sundial","Matryoshka","Dream Catcher","Singing Bowl","Bottled Tornado","Orrery","Ice Cream","Paper Crane","Snake Skull","FossilizedHelix"],"potions_floor_usage":[56,56],"damage_taken":[{"damage":11.0,"enemies":"Small Slimes","floor":1.0,"turns":4.0},{"damage":0.0,"enemies":"2 Louse","floor":5.0,"turns":3.0},{"damage":0.0,"enemies":"Cultist","floor":7.0,"turns":4.0},{"damage":31.0,"enemies":"Gremlin Nob","floor":11.0,"turns":5.0},{"damage":0.0,"enemies":"Looter","floor":14.0,"turns":4.0},{"damage":31.0,"enemies":"Slime Boss","floor":16.0,"turns":15.0},{"damage":5.0,"enemies":"Spheric Guardian","floor":18.0,"turns":8.0},{"damage":6.0,"enemies":"2 Thieves","floor":22.0,"turns":4.0},{"damage":0.0,"enemies":"Gremlin Leader","floor":24.0,"turns":6.0},{"damage":4.0,"enemies":"Snake Plant","floor":27.0,"turns":5.0},{"damage":20.0,"enemies":"Shelled Parasite and Fungi","floor":28.0,"turns":6.0},{"damage":0.0,"enemies":"Cultist and Chosen","floor":31.0,"turns":5.0},{"damage":0.0,"enemies":"Automaton","floor":33.0,"turns":7.0},{"damage":8.0,"enemies":"3 Shapes","floor":35.0,"turns":3.0},{"damage":1.0,"enemies":"3 Darklings","floor":36.0,"turns":2.0},{"damage":0.0,"enemies":"Jaw Worm Horde","floor":38.0,"turns":1.0},{"damage":0.0,"enemies":"4 Shapes","floor":39.0,"turns":1.0},{"damage":5.0,"enemies":"Nemesis","floor":41.0,"turns":9.0},{"damage":1.0,"enemies":"Sphere and 2 Shapes","floor":42.0,"turns":2.0},{"damage":0.0,"enemies":"Giant Head","floor":45.0,"turns":2.0},{"damage":0.0,"enemies":"Transient","floor":46.0,"turns":6.0},{"damage":0.0,"enemies":"4 Shapes","floor":48.0,"turns":1.0},{"damage":3.0,"enemies":"Donu and Deca","floor":50.0,"turns":3.0},{"damage":0,"enemies":"Time Eater","floor":51,"turns":6},{"damage":0,"enemies":"Shield and Spear","floor":55,"turns":1},{"damage":63,"enemies":"The Heart","floor":56,"turns":8}],"seed_played":"-2507664258672627895","potions_obtained":[{"floor":5.0,"key":"Poison Potion"},{"floor":14.0,"key":"LiquidBronze"},{"floor":16.0,"key":"Swift Potion"},{"floor":33.0,"key":"Energy Potion"},{"floor":39.0,"key":"EssenceOfSteel"},{"floor":41.0,"key":"LiquidBronze"},{"floor":42.0,"key":"Energy Potion"}],"is_trial":false,"path_per_floor":["M","?","$","?","M","R","M","R","T","R","E","$","?","M","R","B",null,"M","?","?","$","M","R","E","R","T","M","M","?","$","M","R","B",null,"M","M","$","M","M","R","E","M","T","?","E","M","R","M","R","B","B",null,"R","$","E","B",null],"character_chosen":"THE_SILENT","items_purchased":["Apotheosis","Noxious Fumes","Well Laid Plans","Acrobatics"],"campfire_rested":5,"item_purchase_floors":[3,3,21,30],"current_hp_per_floor":[48,27,27,16,16,16,16,38,38,60,29,29,29,29,51,20,61,56,35,35,35,29,52,52,52,52,50,30,30,30,32,32,34,82,76,75,75,75,77,101,98,99,99,99,101,103,103,105,105,102,102,109,109,109,111,48],"gold":91,"neow_bonus":"TWO_FIFTY_GOLD","is_prod":false,"is_daily":false,"chose_seed":false,"campfire_upgraded":5,"win_rate":0,"timestamp":1563193041,"path_taken":["M","?","$","?","M","R","M","R","T","R","E","$","?","M","R","BOSS","M","?","?","$","?","R","E","R","T","M","M","?","?","M","R","BOSS","M","M","$","M","M","R","E","M","T","?","E","?","R","M","R","BOSS","BOSS","R","$","E","BOSS"],"build_version":"2019-07-05","purchased_purges":4,"victory":true,"max_hp_per_floor":[60,74,74,74,74,74,74,74,74,74,74,74,74,74,74,74,74,74,79,79,79,79,79,79,79,79,81,81,81,81,83,83,85,95,97,97,97,97,99,101,103,105,105,105,107,109,109,111,111,111,111,111,111,111,113,113],"card_choices":[{"not_picked":["Dagger Spray","Accuracy","Underhanded Strike"],"picked":"SKIP","floor":1.0},{"not_picked":["Underhanded Strike","Poisoned Stab"],"picked":"Calculated Gamble","floor":5.0},{"not_picked":["Poisoned Stab","Terror"],"picked":"Blur","floor":7.0},{"not_picked":["Expertise","Flying Knee"],"picked":"Infinite Blades","floor":11.0},{"not_picked":["Expertise","PiercingWail","Acrobatics"],"picked":"SKIP","floor":14.0},{"not_picked":["Tools of the Trade","Envenom"],"picked":"Grand Finale","floor":16.0},{"not_picked":["Dodge and Roll","Caltrops","Skewer"],"picked":"SKIP","floor":18.0},{"not_picked":["Dodge and Roll","Caltrops","Skewer"],"picked":"SKIP","floor":18.0},{"not_picked":["Blade Dance","Catalyst+1"],"picked":"Prepared+1","floor":22.0},{"not_picked":["Noxious Fumes","PiercingWail","Dash"],"picked":"SKIP","floor":24.0},{"not_picked":["Sucker Punch","Deflect","Dagger Spray"],"picked":"Singing Bowl","floor":27.0},{"not_picked":["Backflip","Backstab"],"picked":"Adrenaline","floor":28.0},{"not_picked":["Sucker Punch+1","PiercingWail","Deflect"],"picked":"Singing Bowl","floor":31.0},{"not_picked":["Grand Finale","Corpse Explosion","Burst"],"picked":"Singing Bowl","floor":33.0},{"not_picked":["Caltrops","Distraction","Masterful Stab"],"picked":"Singing Bowl","floor":34.0},{"not_picked":["Prepared","Poisoned Stab+1","Blade Dance"],"picked":"Singing Bowl","floor":34.0},{"not_picked":["Infinite Blades","Deadly Poison+1","Acrobatics"],"picked":"Singing Bowl","floor":34.0},{"not_picked":["Slice","Deflect","Bane"],"picked":"Singing Bowl","floor":34.0},{"not_picked":["Deadly Poison","Backstab","Calculated Gamble"],"picked":"Singing Bowl","floor":34.0},{"not_picked":["Skewer","Quick Slash","Deflect+1"],"picked":"Singing Bowl","floor":35.0},{"not_picked":["All Out Attack","Predator+1"],"picked":"Tactician+1","floor":36.0},{"not_picked":["Sucker Punch","After Image"],"picked":"Acrobatics+1","floor":38.0},{"not_picked":["Dash","Dagger Spray+1","Dodge and Roll+1"],"picked":"Singing Bowl","floor":39.0},{"not_picked":["Choke+1","Prepared","Grand Finale"],"picked":"Singing Bowl","floor":40.0},{"not_picked":["Accuracy","Dodge and Roll","Well Laid Plans"],"picked":"Singing Bowl","floor":41.0},{"not_picked":["All Out Attack","Accuracy","Deadly Poison+1"],"picked":"Singing Bowl","floor":42.0},{"not_picked":["Eviscerate","Outmaneuver","Doppelganger"],"picked":"Singing Bowl","floor":45.0},{"not_picked":["Sucker Punch+1","Choke","Escape Plan"],"picked":"Singing Bowl","floor":46.0},{"not_picked":["Sucker Punch","Outmaneuver+1","Choke"],"picked":"Singing Bowl","floor":48.0},{"not_picked":["Deflect","Quick Slash+1","Catalyst"],"picked":"Singing Bowl","floor":55}],"player_experience":5731497,"relics_obtained":[{"floor":9.0,"key":"Sundial"},{"floor":11.0,"key":"Matryoshka"},{"floor":24.0,"key":"Dream Catcher"},{"floor":26.0,"key":"Singing Bowl"},{"floor":26.0,"key":"Bottled Tornado"},{"floor":41.0,"key":"Ice Cream"},{"floor":43.0,"key":"Paper Crane"},{"floor":45.0,"key":"Snake Skull"},{"floor":55,"key":"FossilizedHelix"}],"event_choices":[{"damage_healed":0.0,"max_hp_gain":0.0,"max_hp_loss":0.0,"gold_gain":0.0,"event_name":"Scrap Ooze","player_choice":"Success","floor":2.0,"gold_loss":0.0,"damage_taken":35.0,"relics_obtained":["Mango"]},{"damage_healed":0.0,"max_hp_gain":0.0,"max_hp_loss":0.0,"gold_gain":75.0,"event_name":"World of Goop","player_choice":"Gather Gold","floor":4.0,"gold_loss":0.0,"damage_taken":11.0},{"cards_removed":["Strike_G"],"damage_healed":0.0,"max_hp_gain":0.0,"max_hp_loss":0.0,"gold_gain":0.0,"event_name":"Living Wall","player_choice":"Forget","floor":13.0,"gold_loss":0.0,"damage_taken":0.0},{"damage_healed":0.0,"max_hp_gain":5.0,"max_hp_loss":0.0,"gold_gain":0.0,"event_name":"Forgotten Altar","player_choice":"Shed Blood","floor":19.0,"gold_loss":0.0,"damage_taken":26.0},{"cards_removed":["Strike_G"],"damage_healed":0.0,"max_hp_gain":0.0,"max_hp_loss":0.0,"gold_gain":0.0,"event_name":"Designer","player_choice":"Single Remove","floor":20.0,"gold_loss":75.0,"damage_taken":0.0},{"cards_removed":["Strike_G"],"damage_healed":0.0,"max_hp_gain":0.0,"max_hp_loss":0.0,"gold_gain":0.0,"event_name":"Back to Basics","player_choice":"Elegance","floor":29.0,"gold_loss":0.0,"damage_taken":0.0},{"cards_removed":["Defend_G"],"damage_healed":0.0,"max_hp_gain":0.0,"max_hp_loss":0.0,"gold_gain":0.0,"event_name":"Purifier","player_choice":"Purged","floor":44.0,"gold_loss":0.0,"damage_taken":0.0}],"is_beta":false,"boss_relics":[{"not_picked":["HoveringKite","Sozu","Philosopher\u0027s Stone"]},{"not_picked":["Lizard Tail","Astrolabe"],"picked":"Orrery"}],"items_purged_floors":[3,12,37,54],"is_endless":false,"potions_floor_spawned":[5,14,16,18,31,33,35,39,41,42,45],"ascension_level":20}