{"path_per_floor":["M","?","?","$","T","R","E","R","T","R","$","M","?","M","R"],"character_chosen":"THE_SILENT","items_purchased":["Toxic Egg 2","Dodge and Roll+1"],"gold_per_floor":[361,361,361,30,81,81,109,109,109,109,62,77,177,196,196,196],"floor_reached":16,"campfire_rested":1,"playtime":372,"item_purchase_floors":[4,11],"current_hp_per_floor":[49,49,49,49,49,49,17,17,17,17,17,17,17,17,51,0],"items_purged":["Defend_G"],"gold":196,"score":163,"play_id":"3d82287b-16a9-446d-a2af-9d12e83a3258","local_time":"20180616211348","is_prod":false,"is_daily":false,"chose_seed":false,"is_ascension_mode":true,"campfire_upgraded":3,"win_rate":0,"timestamp":1529154828,"campfire_choices":[{"data":"Neutralize","floor":6,"key":"SMITH"},{"data":"Footwork","floor":8,"key":"SMITH"},{"data":"Footwork","floor":10,"key":"SMITH"},{"floor":15,"key":"REST"}],"path_taken":["M","?","?","$","?","R","E","R","T","R","?","?","?","M","R","BOSS"],"build_version":"2018-06-14v2","seed_source_timestamp":40618428682432,"purchased_purges":1,"victory":false,"master_deck":["Defend_G","Defend_G","Defend_G","Defend_G","Strike_G","Strike_G","Strike_G","Strike_G","Strike_G","Survivor","Neutralize+1","AscendersBane","Footwork+1","Footwork+1","Dodge and Roll+1","Deflect+1","Poisoned Stab"],"max_hp_per_floor":[66,66,66,66,66,66,66,66,66,66,66,66,66,66,66,66],"relics":["Ring of the Snake","Toxic Egg 2","Orichalcum","Regal Pillow","Bottled Lightning"],"card_choices":[{"not_picked":["Quick Slash","Cloak And Dagger"],"picked":"Footwork","floor":1},{"not_picked":["Flechettes","Masterful Stab"],"picked":"Footwork","floor":7},{"not_picked":["Noxious Fumes","Underhanded Strike"],"picked":"Deflect+1","floor":12},{"not_picked":["Malaise+1","Masterful Stab"],"picked":"Poisoned Stab","floor":14}],"player_experience":625470,"potions_floor_usage":[16],"damage_taken":[{"damage":10,"enemies":"Small Slimes","floor":1,"turns":5},{"damage":32,"enemies":"Gremlin Nob","floor":7,"turns":6},{"damage":0,"enemies":"Jaw Worm","floor":12,"turns":6},{"damage":0,"enemies":"2 Louse","floor":14,"turns":4},{"damage":52,"enemies":"Slime Boss","floor":16,"turns":12}],"relics_obtained":[{"floor":5,"key":"Orichalcum"},{"floor":7,"key":"Regal Pillow"},{"floor":9,"key":"Bottled Lightning"}],"event_choices":[{"event_name":"Liars Game","player_choice":"disagreed","floor":2,"damage_taken":0},{"event_name":"Living Wall","player_choice":"Forget","floor":3,"damage_taken":0},{"event_name":"Golden Shrine","player_choice":"Pray","floor":13,"damage_taken":0}],"boss_relics":[],"items_purged_floors":[4],"is_endless":false,"potions_floor_spawned":[14],"seed_played":"-4602075997002405831","killed_by":"Slime Boss","ascension_level":14,"potions_obtained":[{"floor":14,"key":"FearPotion"}],"is_trial":false}