{"gold_per_floor":[109,128,142,105,1,27,27,55,103,103,28,28,41,57,57,134,134,144,144,164,64,91,91,118,137,137,137,137,137,171,189,189,189],"floor_reached":33,"playtime":1099,"items_purged":["Strike_G","Strike_G"],"score":636,"play_id":"0606bf73-8ca4-4277-a6e1-7044b63c2bbb","local_time":"20190407020105","is_ascension_mode":true,"campfire_choices":[{"data":"Bouncing Flask","floor":7.0,"key":"SMITH"},{"data":"Deadly Poison","floor":10.0,"key":"SMITH"},{"data":"Neutralize","floor":12.0,"key":"SMITH"},{"data":"Caltrops","floor":15.0,"key":"SMITH"},{"floor":23.0,"key":"RECALL"},{"data":"Backflip","floor":27.0,"key":"SMITH"},{"data":"Survivor","floor":29.0,"key":"SMITH"},{"data":"Reflex","floor":32,"key":"SMITH"}],"neow_cost":"NONE","seed_source_timestamp":54958878698786,"circlet_count":0,"master_deck":["AscendersBane","Defend_G","Defend_G","Defend_G","Defend_G","Defend_G","Strike_G","Strike_G","Survivor+1","Neutralize+1","Caltrops+1","Escape Plan","Bouncing Flask+1","Backflip+1","Deadly Poison+1","Wraith Form v2+1","Backflip+1","Reflex+1"],"special_seed":0,"relics":["Ring of the Snake","NeowsBlessing","Ninja Scroll","Boot","Happy Flower","HoveringKite","Bronze Scales","Torii","Pear"],"potions_floor_usage":[33],"damage_taken":[{"damage":0.0,"enemies":"Cultist","floor":1.0,"turns":1.0},{"damage":0.0,"enemies":"Small Slimes","floor":2.0,"turns":1.0},{"damage":0.0,"enemies":"Jaw Worm","floor":3.0,"turns":1.0},{"damage":28.0,"enemies":"Lagavulin","floor":6.0,"turns":6.0},{"damage":5.0,"enemies":"Gremlin Nob","floor":8.0,"turns":3.0},{"damage":0.0,"enemies":"Blue Slaver","floor":13.0,"turns":3.0},{"damage":0.0,"enemies":"Large Slime","floor":14.0,"turns":3.0},{"damage":1.0,"enemies":"The Guardian","floor":16.0,"turns":8.0},{"damage":7.0,"enemies":"Spheric Guardian","floor":18.0,"turns":7.0},{"damage":3.0,"enemies":"3 Byrds","floor":20.0,"turns":2.0},{"damage":0.0,"enemies":"Gremlin Leader","floor":24.0,"turns":7.0},{"damage":15.0,"enemies":"Shelled Parasite and Fungi","floor":25.0,"turns":6.0},{"damage":17.0,"enemies":"Slavers","floor":30.0,"turns":5.0},{"damage":10.0,"enemies":"Centurion and Healer","floor":31.0,"turns":8.0},{"damage":20,"enemies":"Collector","floor":33,"turns":6}],"seed_played":"-8489306267172756194","potions_obtained":[{"floor":1.0,"key":"Strength Potion"},{"floor":6.0,"key":"SteroidPotion"},{"floor":8.0,"key":"SteroidPotion"},{"floor":14.0,"key":"SpeedPotion"},{"floor":18.0,"key":"GamblersBrew"},{"floor":24.0,"key":"SkillPotion"},{"floor":25.0,"key":"Swift Potion"}],"is_trial":false,"path_per_floor":["M","M","M","$","$","E","R","E","T","R","?","R","M","M","R","B",null,"M","?","M","$","T","R","E","M","T","R","?","R","E","M","R","B"],"character_chosen":"THE_SILENT","items_purchased":["Bouncing Flask","Backflip"],"campfire_rested":0,"item_purchase_floors":[4,5],"current_hp_per_floor":[59,59,59,59,59,31,31,26,26,26,26,26,26,26,26,25,56,49,49,46,46,46,46,46,31,31,31,31,31,24,14,14,0],"gold":189,"neow_bonus":"THREE_ENEMY_KILL","is_prod":false,"is_daily":false,"chose_seed":false,"campfire_upgraded":7,"win_rate":0,"timestamp":1554573665,"path_taken":["M","M","M","?","$","E","R","E","T","R","?","R","M","M","R","BOSS","M","?","?","$","?","R","E","M","T","R","?","R","E","M","R","BOSS"],"build_version":"2019-01-23","purchased_purges":2,"victory":false,"max_hp_per_floor":[66,66,66,66,66,66,66,66,66,66,66,66,66,66,66,66,66,66,66,66,66,66,66,66,66,66,66,66,66,76,76,76,76],"card_choices":[{"not_picked":["Reflex","Outmaneuver","Dodge and Roll"],"picked":"SKIP","floor":1.0},{"not_picked":["Dagger Spray","Endless Agony"],"picked":"Caltrops","floor":2.0},{"not_picked":["Backflip","Backstab"],"picked":"Escape Plan","floor":3.0},{"not_picked":["Acrobatics","Envenom"],"picked":"Deadly Poison","floor":6.0},{"not_picked":["Cloak And Dagger","Backstab","Underhanded Strike"],"picked":"SKIP","floor":8.0},{"not_picked":["Slice","Predator","Crippling Poison"],"picked":"SKIP","floor":13.0},{"not_picked":["Blade Dance","Sucker Punch","Choke"],"picked":"SKIP","floor":14.0},{"not_picked":["Die Die Die","Night Terror"],"picked":"Wraith Form v2","floor":16.0},{"not_picked":["Predator","Dodge and Roll"],"picked":"Backflip","floor":18.0},{"not_picked":["Terror","Dodge and Roll+1","Infinite Blades"],"picked":"SKIP","floor":20.0},{"not_picked":["Dodge and Roll","Deadly Poison","Bullet Time"],"picked":"SKIP","floor":24.0},{"not_picked":["Poisoned Stab","Distraction","Backflip"],"picked":"SKIP","floor":25.0},{"not_picked":["Dash","Choke","PiercingWail"],"picked":"SKIP","floor":30.0},{"not_picked":["Backflip","Footwork"],"picked":"Reflex","floor":31}],"player_experience":4098589,"relics_obtained":[{"floor":6.0,"key":"Ninja Scroll"},{"floor":8.0,"key":"Boot"},{"floor":9.0,"key":"Happy Flower"},{"floor":24.0,"key":"Bronze Scales"},{"floor":26.0,"key":"Torii"},{"floor":30.0,"key":"Pear"}],"event_choices":[{"cards_removed":["Strike_G"],"damage_healed":0.0,"max_hp_gain":0.0,"max_hp_loss":0.0,"gold_gain":0.0,"event_name":"The Cleric","player_choice":"Card Removal","floor":11.0,"gold_loss":75.0,"damage_taken":0.0},{"damage_healed":0.0,"max_hp_gain":0.0,"max_hp_loss":0.0,"gold_gain":0.0,"event_name":"Upgrade Shrine","player_choice":"Upgraded","floor":19.0,"gold_loss":0.0,"damage_taken":0.0,"cards_upgraded":["Wraith Form v2"]},{"damage_healed":0.0,"max_hp_gain":0.0,"max_hp_loss":0.0,"gold_gain":0.0,"event_name":"Upgrade Shrine","player_choice":"Upgraded","floor":28.0,"gold_loss":0.0,"damage_taken":0.0,"cards_upgraded":["Backflip"]}],"is_beta":false,"boss_relics":[{"not_picked":["Ring of the Serpent","Empty Cage"],"picked":"HoveringKite"}],"items_purged_floors":[5,21],"is_endless":false,"potions_floor_spawned":[1,6,8,13,14,18,24,25,30],"killed_by":"Collector","ascension_level":20}