{"gold_per_floor":[118,118,268,268,55,55,55,89,89,118,118,132,132,151,151,226,226,241,25,39,52,52,52],"floor_reached":23,"playtime":530,"items_purged":[],"score":482,"play_id":"7598297b-a4af-4851-a47b-5a9e6587e02a","local_time":"20181219164707","is_ascension_mode":true,"campfire_choices":[{"data":"Neutralize","floor":6.0,"key":"SMITH"},{"data":"Catalyst","floor":11,"key":"SMITH"},{"data":"Corpse Explosion","floor":13,"key":"SMITH"},{"floor":15,"key":"RECALL"}],"neow_cost":"NONE","seed_source_timestamp":26785002090050,"circlet_count":0,"master_deck":["AscendersBane","Defend_G","Defend_G","Defend_G","Defend_G","Defend_G","Strike_G","Strike_G","Strike_G","Strike_G","Survivor","Neutralize+1","Leg Sweep","Catalyst+1","Poisoned Stab","Corpse Explosion+1","Apotheosis"],"special_seed":0,"relics":["Ring of the Snake","NeowsBlessing","Singing Bowl","Oddly Smooth Stone","Ancient Tea Set","Centennial Puzzle","Empty Cage"],"potions_floor_usage":[21],"damage_taken":[{"damage":0.0,"enemies":"Jaw Worm","floor":1.0,"turns":1.0},{"damage":0,"enemies":"Gremlin Nob","floor":8,"turns":1},{"damage":0,"enemies":"Lagavulin","floor":10,"turns":1},{"damage":0,"enemies":"2 Louse","floor":12,"turns":1},{"damage":0,"enemies":"Small Slimes","floor":14,"turns":1},{"damage":24,"enemies":"The Guardian","floor":16,"turns":8},{"damage":0,"enemies":"Spheric Guardian","floor":18,"turns":3},{"damage":9,"enemies":"Chosen","floor":20,"turns":5},{"damage":6,"enemies":"Centurion and Healer","floor":21,"turns":8},{"damage":54,"enemies":"Book of Stabbing","floor":23,"turns":6}],"seed_played":"-8928222740581009382","potions_obtained":[{"floor":1.0,"key":"Dexterity Potion"},{"floor":10,"key":"Explosive Potion"}],"is_trial":false,"path_per_floor":["M","?","?","?","$","R","?","E","T","E","R","M","R","M","R","B",null,"M","$","M","M","?","E"],"character_chosen":"THE_SILENT","items_purchased":["Catalyst","Oddly Smooth Stone","Apotheosis"],"campfire_rested":0,"item_purchase_floors":[5,5,19],"current_hp_per_floor":[59,41,41,41,41,41,41,41,41,41,41,43,43,45,45,23,60,62,62,55,51,51,0],"gold":52,"neow_bonus":"THREE_ENEMY_KILL","is_prod":false,"is_daily":false,"chose_seed":false,"campfire_upgraded":3,"win_rate":0,"timestamp":1545209227,"path_taken":["M","?","?","?","$","R","?","E","T","E","R","M","R","?","R","BOSS","M","$","M","M","?","E"],"build_version":"2018-12-13","purchased_purges":0,"victory":false,"max_hp_per_floor":[66,66,66,66,66,66,66,66,66,66,66,68,68,70,70,72,72,74,74,76,78,78,78],"card_choices":[{"not_picked":["Reflex","Flechettes"],"picked":"Leg Sweep","floor":1.0},{"not_picked":["Slice","Flying Knee"],"picked":"Poisoned Stab","floor":8},{"not_picked":["Concentrate","Grand Finale"],"picked":"Corpse Explosion","floor":10},{"not_picked":["Choke","All Out Attack","Flying Knee"],"picked":"Singing Bowl","floor":12},{"not_picked":["Dagger Spray","Choke","Acrobatics"],"picked":"Singing Bowl","floor":14},{"not_picked":["Glass Knife","Storm of Steel","Die Die Die"],"picked":"Singing Bowl","floor":16},{"not_picked":["Dodge and Roll+1","Acrobatics","Masterful Stab+1"],"picked":"Singing Bowl","floor":18},{"not_picked":["Acrobatics","Dodge and Roll","Quick Slash"],"picked":"Singing Bowl","floor":20},{"not_picked":["Dodge and Roll","Dash","Heel Hook"],"picked":"Singing Bowl","floor":21}],"player_experience":1382819,"relics_obtained":[{"floor":8,"key":"Ancient Tea Set"},{"floor":10,"key":"Centennial Puzzle"}],"event_choices":[{"damage_healed":0.0,"max_hp_gain":0.0,"max_hp_loss":0.0,"gold_gain":0.0,"event_name":"Scrap Ooze","player_choice":"Success","floor":2.0,"gold_loss":0.0,"damage_taken":18.0,"relics_obtained":["Singing Bowl"]},{"damage_healed":0.0,"max_hp_gain":0.0,"max_hp_loss":0.0,"gold_gain":150.0,"event_name":"Liars Game","player_choice":"AGREE","floor":3.0,"gold_loss":0.0,"damage_taken":0.0,"cards_obtained":["Doubt"]},{"cards_removed":["Doubt"],"damage_healed":0.0,"max_hp_gain":0.0,"max_hp_loss":0.0,"gold_gain":0.0,"event_name":"Living Wall","player_choice":"Forget","floor":4.0,"gold_loss":0.0,"damage_taken":0.0},{"damage_healed":0,"gold_gain":0,"player_choice":"Cursed","damage_taken":0,"max_hp_gain":0,"max_hp_loss":0,"event_name":"Wheel of Change","floor":7,"gold_loss":0,"cards_obtained":["Decay"]},{"damage_healed":0,"gold_gain":0,"player_choice":"Ignored","damage_taken":0,"max_hp_gain":0,"max_hp_loss":0,"event_name":"Cursed Tome","floor":22,"gold_loss":0}],"is_beta":false,"boss_relics":[{"not_picked":["Calling Bell","White Beast Statue"],"picked":"Empty Cage"}],"items_purged_floors":[],"is_endless":false,"potions_floor_spawned":[1,10,12,18,20],"killed_by":"Book of Stabbing","ascension_level":19}