{"gold_per_floor":[110,125,135,135,150,150,150,168,168,168,185,185,185,199,199,271,271,286,336,336,350,265,265,280,280,280,280,294,219,230,130,130,209,209,228,103,119,119,119,119,136,154,154,169,169,185,185,195,195,195],"floor_reached":50,"playtime":1900,"items_purged":["Scrape","Zap","Amplify"],"score":926,"play_id":"e24b0803-d276-4d42-9565-0f326a9b01f7","local_time":"20190117135859","is_ascension_mode":true,"campfire_choices":[{"data":"Sunder","floor":6.0,"key":"SMITH"},{"data":"Streamline","floor":10.0,"key":"SMITH"},{"data":"Hyperbeam","floor":13.0,"key":"SMITH"},{"data":"Coolheaded","floor":15.0,"key":"SMITH"},{"data":"Coolheaded","floor":23.0,"key":"SMITH"},{"data":"Sunder","floor":25.0,"key":"SMITH"},{"data":"Recycle","floor":27.0,"key":"SMITH"},{"data":"Reboot","floor":32.0,"key":"SMITH"},{"data":"Hyperbeam","floor":40.0,"key":"SMITH"},{"floor":49,"key":"REST"}],"neow_cost":"NONE","seed_source_timestamp":3798045895182,"circlet_count":0,"master_deck":["AscendersBane","Dualcast","Sunder+1","Streamline+1","Undo","Coolheaded+1","Hyperbeam+1","Reboot+1","Undo","Recycle+1","Coolheaded+1","Biased Cognition","Sunder+1","Coolheaded+1","Turbo+1","Hyperbeam+1","Fusion","Seek","Madness","Madness","Recycle+1"],"special_seed":0,"relics":["Nuclear Battery","Dead Branch","Pandora\u0027s Box","Gambling Chip","Incense Burner","Sozu","Pantograph"],"potions_floor_usage":[],"damage_taken":[{"damage":8.0,"enemies":"Cultist","floor":1.0,"turns":5.0},{"damage":2.0,"enemies":"Jaw Worm","floor":2.0,"turns":3.0},{"damage":0.0,"enemies":"Small Slimes","floor":3.0,"turns":2.0},{"damage":5.0,"enemies":"3 Louse","floor":5.0,"turns":3.0},{"damage":0.0,"enemies":"Blue Slaver","floor":8.0,"turns":4.0},{"damage":2.0,"enemies":"Large Slime","floor":11.0,"turns":4.0},{"damage":9.0,"enemies":"Red Slaver","floor":14.0,"turns":2.0},{"damage":18.0,"enemies":"Slime Boss","floor":16.0,"turns":6.0},{"damage":9.0,"enemies":"2 Thieves","floor":18.0,"turns":3.0},{"damage":5.0,"enemies":"3 Byrds","floor":21.0,"turns":2.0},{"damage":0.0,"enemies":"Snecko","floor":24.0,"turns":3.0},{"damage":2.0,"enemies":"Shelled Parasite and Fungi","floor":28.0,"turns":4.0},{"damage":0.0,"enemies":"Snake Plant","floor":30.0,"turns":3.0},{"damage":28.0,"enemies":"Automaton","floor":33.0,"turns":9.0},{"damage":0.0,"enemies":"3 Shapes","floor":35.0,"turns":3.0},{"damage":0.0,"enemies":"Orb Walker","floor":37.0,"turns":2.0},{"damage":0.0,"enemies":"Jaw Worm Horde","floor":41.0,"turns":1.0},{"damage":0.0,"enemies":"Spire Growth","floor":42.0,"turns":2.0},{"damage":13.0,"enemies":"Transient","floor":44.0,"turns":6.0},{"damage":11,"enemies":"Writhing Mass","floor":46,"turns":4},{"damage":0,"enemies":"4 Shapes","floor":48,"turns":4},{"damage":77,"enemies":"Time Eater","floor":50,"turns":5}],"seed_played":"-3822926420869421146","potions_obtained":[{"floor":3.0,"key":"AttackPotion"},{"floor":14.0,"key":"SteroidPotion"},{"floor":20.0,"key":"Swift Potion"},{"floor":20.0,"key":"SkillPotion"},{"floor":28.0,"key":"Regen Potion"}],"is_trial":false,"path_per_floor":["M","M","M","?","M","R","?","M","T","R","M","?","R","M","R","B",null,"M","?","?","M","?","R","M","R","T","R","M","$","M","$","R","B",null,"M","$","M","$","?","R","M","M","T","M","?","M","?","M","R","B"],"character_chosen":"DEFECT","items_purchased":[],"campfire_rested":1,"item_purchase_floors":[],"current_hp_per_floor":[56,54,54,59,54,54,47,47,47,47,45,45,45,36,36,18,62,53,53,53,48,48,48,48,48,48,48,46,46,46,46,46,18,62,62,62,62,62,62,62,62,62,62,49,49,38,24,24,46,0],"gold":195,"neow_bonus":"BOSS_RELIC","is_prod":false,"is_daily":false,"chose_seed":false,"campfire_upgraded":9,"win_rate":0,"timestamp":1547704739,"path_taken":["M","?","M","?","M","R","?","M","T","R","M","?","R","M","R","BOSS","M","?","?","?","?","R","M","R","T","R","M","?","M","$","R","BOSS","M","$","M","$","?","R","M","M","T","M","?","M","?","M","R","BOSS"],"build_version":"2019-01-10","purchased_purges":3,"victory":false,"max_hp_per_floor":[71,71,71,76,76,76,76,76,76,76,76,76,76,76,76,76,76,76,76,76,76,76,76,76,76,76,76,76,76,76,76,76,76,76,76,76,76,76,76,76,76,76,76,76,76,76,76,76,76,76],"card_choices":[{"not_picked":["Go for the Eyes","Tempest"],"picked":"Sunder","floor":1.0},{"not_picked":["Leap","Rebound"],"picked":"Streamline","floor":2.0},{"not_picked":["Beam Cell","Rebound","BootSequence"],"picked":"SKIP","floor":3.0},{"not_picked":["Gash","Chaos"],"picked":"Undo","floor":5.0},{"not_picked":["Loop","Cold Snap"],"picked":"Coolheaded","floor":8.0},{"not_picked":["Capacitor","Static Discharge"],"picked":"Hyperbeam","floor":11.0},{"not_picked":["Cold Snap","Rebound","Conserve Battery"],"picked":"SKIP","floor":14.0},{"not_picked":["Fission","Electrodynamics"],"picked":"Reboot","floor":16.0},{"not_picked":["Darkness","Aggregate","Coolheaded"],"picked":"SKIP","floor":18.0},{"not_picked":["Rebound","Redo"],"picked":"Coolheaded+1","floor":21.0},{"not_picked":["Darkness","Ball Lightning+1"],"picked":"Turbo+1","floor":24.0},{"not_picked":["Hologram","Defragment","Gash"],"picked":"SKIP","floor":28.0},{"not_picked":["Leap","Conserve Battery","Heatsinks"],"picked":"SKIP","floor":30.0},{"not_picked":["Creative AI","Multi-Cast"],"picked":"Hyperbeam","floor":33.0},{"not_picked":["Gash","Sweeping Beam","Steam"],"picked":"SKIP","floor":35.0},{"not_picked":["Barrage","Redo"],"picked":"Fusion","floor":37.0},{"not_picked":["Gash","Reprogram","Compile Driver"],"picked":"SKIP","floor":41.0},{"not_picked":["Hologram","Chaos","Coolheaded"],"picked":"SKIP","floor":42.0},{"not_picked":["Steam","Turbo"],"picked":"Seek","floor":44.0},{"not_picked":["Redo","Go for the Eyes","Barrage+1"],"picked":"SKIP","floor":46},{"not_picked":["BootSequence","Stack"],"picked":"Recycle+1","floor":48}],"player_experience":1970301,"relics_obtained":[{"floor":9.0,"key":"Dead Branch"},{"floor":26.0,"key":"Incense Burner"},{"floor":43.0,"key":"Pantograph"}],"event_choices":[{"damage_healed":0.0,"max_hp_gain":5.0,"max_hp_loss":0.0,"gold_gain":0.0,"event_name":"Big Fish","player_choice":"Donut","floor":4.0,"gold_loss":0.0,"damage_taken":0.0},{"cards_removed":["Strike_B"],"damage_healed":0.0,"max_hp_gain":0.0,"max_hp_loss":0.0,"gold_gain":0.0,"event_name":"Golden Wing","player_choice":"Card Removal","floor":7.0,"gold_loss":0.0,"damage_taken":7.0},{"damage_healed":0.0,"max_hp_gain":0.0,"max_hp_loss":0.0,"gold_gain":0.0,"event_name":"Liars Game","player_choice":"Ignored","floor":12.0,"gold_loss":0.0,"damage_taken":0.0},{"damage_healed":0.0,"max_hp_gain":0.0,"max_hp_loss":0.0,"gold_gain":50.0,"event_name":"Nest","player_choice":"Stole From Cult","floor":19.0,"gold_loss":0.0,"damage_taken":0.0},{"damage_healed":0.0,"max_hp_gain":0.0,"max_hp_loss":0.0,"gold_gain":0.0,"event_name":"Lab","player_choice":"Got Potions","floor":20.0,"gold_loss":0.0,"damage_taken":0.0},{"damage_healed":0.0,"max_hp_gain":0.0,"max_hp_loss":0.0,"gold_gain":0.0,"event_name":"Addict","player_choice":"Obtained Relic","floor":22.0,"gold_loss":85.0,"damage_taken":0.0,"relics_obtained":["Gambling Chip"]},{"damage_healed":0.0,"max_hp_gain":0.0,"max_hp_loss":0.0,"gold_gain":0.0,"event_name":"Mysterious Sphere","player_choice":"Ignored","floor":39.0,"gold_loss":0.0,"damage_taken":0.0},{"damage_healed":0.0,"max_hp_gain":0.0,"max_hp_loss":0.0,"gold_gain":0.0,"event_name":"SensoryStone","player_choice":"Memory 1","floor":45.0,"gold_loss":0.0,"damage_taken":0.0},{"damage_healed":0,"gold_gain":0,"player_choice":"Embrace Madness","damage_taken":14,"max_hp_gain":0,"max_hp_loss":0,"event_name":"Winding Halls","floor":47,"gold_loss":0,"cards_obtained":["Madness","Madness"]}],"is_beta":false,"boss_relics":[{"not_picked":["Velvet Choker","Inserter"],"picked":"Pandora\u0027s Box"},{"not_picked":["Tiny House","Calling Bell"],"picked":"Sozu"}],"items_purged_floors":[29,31,36],"is_endless":false,"potions_floor_spawned":[3,14,28,33,35,42,44],"killed_by":"Time Eater","ascension_level":20}