{"path_per_floor":["M","?","$","?","M","M","E","R","T","M","M","R","$","M","R","B",null,"M","?","?","T","?","R","$","R","T","M","E","R","E","M","R","B",null,"M","M","$","M","?","R","M","R","T","E","R","M","M","?","R","B"],"character_chosen":"THE_SILENT","items_purchased":["Escape Plan","Backflip","Flechettes","Finisher","Oddly Smooth Stone"],"gold_per_floor":[115,115,5,5,23,35,69,69,138,150,167,167,42,53,53,150,150,169,94,94,120,120,120,13,13,59,75,100,100,135,151,151,250,250,267,280,9,25,25,25,44,44,68,94,94,110,122,122,122,122],"floor_reached":51,"campfire_rested":4,"playtime":5088,"current_hp_per_floor":[70,70,70,70,68,68,42,42,42,23,21,42,42,40,61,38,70,70,70,70,70,70,70,70,70,70,69,67,67,68,70,70,58,70,70,57,57,59,70,70,68,68,68,24,45,47,49,49,70,19],"items_purged":["Regret","Normality","Slice"],"gold":122,"score":515,"play_id":"c33ac1e3-da96-4493-8882-5b28890e93bf","local_time":"20180304203817","is_prod":false,"is_daily":false,"is_ascension_mode":false,"campfire_upgraded":7,"timestamp":1520192297,"path_taken":["M","?","$","?","M","M","E","R","T","M","M","R","$","M","R","BOSS","M","?","?","?","?","R","$","R","T","M","E","R","E","M","R","BOSS","M","M","$","M","?","R","M","R","T","E","R","M","M","?","R","BOSS"],"build_version":"2018-03-01-PROD1","purchased_purges":3,"victory":true,"master_deck":["Survivor+1","Neutralize+1","Outmaneuver+1","Escape Plan+1","Predator+1","Footwork+1","Well Laid Plans+1","Escape Plan","Eviscerate","Backflip","Dash","Bullet Time","Heel Hook","Flechettes","Finisher+1","Backflip+1","Expertise+1","Quick Slash","Wraith Form+1","Blade Dance","Riddle With Holes","Endless Agony","Dodge and Roll","Bouncing Flask","Blur","Skewer+1","Calculated Gamble+1","Writhe","Footwork+1","Tools of the Trade"],"max_hp_per_floor":[70,70,70,70,70,70,70,70,70,70,70,70,70,70,70,70,70,70,70,70,70,70,70,70,70,70,70,70,70,70,70,70,70,70,70,70,70,70,70,70,70,70,70,70,70,70,70,70,70,70],"relics":["Ring of the Snake","Happy Flower","Art of War","Blood Vial","Matryoshka","Snecko Eye","Ancient Tea Set","Whetstone","Anchor","Bag of Preparation","Letter Opener","Ice Cream","Pandora\u0027s Box","Oddly Smooth Stone","War Paint","Du-Vu Doll"],"card_choices":[{"not_picked":["Escape Plan","Dagger Throw"],"picked":"Outmaneuver"},{"not_picked":["Poisoned Stab","Deflect"],"picked":"Predator"},{"not_picked":["Envenom","Dodge and Roll"],"picked":"Footwork"},{"not_picked":["Flying Knee","Cloak And Dagger"],"picked":"Well Laid Plans"},{"not_picked":["Flying Knee","Deflect"],"picked":"Escape Plan"},{"not_picked":["Backflip","Prepared"],"picked":"Eviscerate"},{"not_picked":["Well Laid Plans","Crippling Poison"],"picked":"Dash"},{"not_picked":["Phantasmal Killer","Die Die Die"],"picked":"Bullet Time"},{"not_picked":["Accuracy","Dash"],"picked":"Heel Hook"},{"not_picked":["Masterful Stab","Caltrops"],"picked":"Backflip"},{"not_picked":["Dagger Spray","Slice"],"picked":"Expertise"},{"not_picked":["Masterful Stab","Dodge and Roll"],"picked":"Quick Slash"},{"not_picked":["Bullet Time","Phantasmal Killer"],"picked":"Wraith Form"},{"not_picked":["Distraction","Dagger Spray"],"picked":"Skewer"},{"not_picked":["Noxious Fumes","PiercingWail"],"picked":"Calculated Gamble"},{"not_picked":["Bane","Quick Slash"],"picked":"Footwork"},{"not_picked":["Acrobatics","Bane"],"picked":"Tools of the Trade"}],"player_experience":70752,"potions_floor_usage":[7,10,18,33,44,46,50],"damage_taken":[{"damage":0,"enemies":"2 Louse","floor":1,"turns":4},{"damage":2,"enemies":"Cultist","floor":5,"turns":5},{"damage":0,"enemies":"Jaw Worm","floor":6,"turns":2},{"damage":26,"enemies":"Gremlin Nob","floor":7,"turns":4},{"damage":21,"enemies":"Gremlin Gang","floor":10,"turns":7},{"damage":4,"enemies":"Looter","floor":11,"turns":3},{"damage":4,"enemies":"Exordium Wildlife","floor":14,"turns":3},{"damage":25,"enemies":"Hexaghost","floor":16,"turns":14},{"damage":0,"enemies":"Chosen","floor":18,"turns":6},{"damage":1,"enemies":"Shell Parasite","floor":27,"turns":4},{"damage":3,"enemies":"Gremlin Leader","floor":28,"turns":4},{"damage":1,"enemies":"Slavers","floor":30,"turns":4},{"damage":0,"enemies":"Snecko","floor":31,"turns":3},{"damage":12,"enemies":"Automaton","floor":33,"turns":6},{"damage":0,"enemies":"3 Darklings","floor":35,"turns":3},{"damage":13,"enemies":"3 Shapes","floor":36,"turns":4},{"damage":0,"enemies":"3 Darklings","floor":38,"turns":4},{"damage":2,"enemies":"Sphere and 2 Shapes","floor":41,"turns":5},{"damage":46,"enemies":"2 Orb Walkers","floor":44,"turns":5},{"damage":0,"enemies":"Maw","floor":46,"turns":5},{"damage":0,"enemies":"3 Darklings","floor":47,"turns":2},{"damage":51,"enemies":"Donu and Deca","floor":50,"turns":9}],"event_choices":[{"event_name":"Big Fish","player_choice":"Box","floor":2,"damage_taken":0},{"event_name":"Accursed Blacksmith","player_choice":"Rummage","floor":4,"damage_taken":0},{"event_name":"Beggar","player_choice":"Gave Gold","floor":19,"damage_taken":0},{"event_name":"Drug Dealer","player_choice":"Ignored","floor":20,"damage_taken":0},{"event_name":"Back to Basics","player_choice":"Elegance","floor":22,"damage_taken":0},{"event_name":"Winding Halls","player_choice":"Writhe","floor":39,"damage_taken":0}],"boss_relics":[{"not_picked":["White Beast Statue","Question Card"],"picked":"Snecko Eye"},{"not_picked":["Eternal Feather","Philosopher\u0027s Stone"],"picked":"Pandora\u0027s Box"}],"potions_floor_spawned":[6,7,16,30,36,38,47],"seed_played":"-102408905256190502","ascension_level":0,"is_trial":false}