{"gold_per_floor":[117,267,283,165,183,183,258,268,321,321,336,336,352,352,352,423,423,435,435,114,34,34],"floor_reached":22,"playtime":697,"items_purged":["Doubt","Strike_B"],"score":348,"play_id":"d9631b90-ebe3-47ca-b4f3-f9d7865d5bb8","local_time":"20190216225116","is_ascension_mode":true,"campfire_choices":[{"data":"Chaos","floor":6.0,"key":"SMITH"},{"data":"Capacitor","floor":10.0,"key":"SMITH"},{"data":"Dualcast","floor":12.0,"key":"SMITH"},{"data":"Chaos","floor":15,"key":"SMITH"}],"neow_cost":"NONE","seed_source_timestamp":49926290408411,"circlet_count":0,"master_deck":["AscendersBane","Strike_B","Strike_B","Defend_B","Defend_B","Defend_B","Defend_B","Zap","Dualcast+1","Undo","Chaos+1","Capacitor+1","Genetic Algorithm","Chaos+1","Core Surge","Defragment","Conserve Battery"],"special_seed":0,"relics":["Cracked Core","Regal Pillow","Tiny Chest","Sozu","Runic Capacitor"],"potions_floor_usage":[],"damage_taken":[{"damage":0.0,"enemies":"Jaw Worm","floor":1.0,"turns":3.0},{"damage":1.0,"enemies":"2 Louse","floor":3.0,"turns":3.0},{"damage":0.0,"enemies":"Small Slimes","floor":5.0,"turns":3.0},{"damage":8.0,"enemies":"3 Louse","floor":8.0,"turns":3.0},{"damage":1.0,"enemies":"Lots of Slimes","floor":11.0,"turns":4.0},{"damage":34,"enemies":"Gremlin Gang","floor":13,"turns":5},{"damage":23,"enemies":"Slime Boss","floor":16,"turns":12},{"damage":23,"enemies":"Shell Parasite","floor":18,"turns":6},{"damage":15,"enemies":"2 Thieves","floor":21,"turns":4},{"damage":14,"enemies":"Cultist and Chosen","floor":22,"turns":4}],"seed_played":"4532909669692203194","potions_obtained":[{"floor":3.0,"key":"AttackPotion"},{"floor":16,"key":"Poison Potion"}],"is_trial":false,"path_per_floor":["M","?","M","$","M","R","?","M","T","R","M","R","M","?","R","B",null,"M","?","$","M","M"],"character_chosen":"DEFECT","items_purchased":["Chaos","Runic Capacitor"],"campfire_rested":0,"item_purchase_floors":[4,20],"current_hp_per_floor":[64,64,63,63,63,63,52,44,44,44,43,43,9,32,32,9,56,33,33,33,18,4],"gold":34,"neow_bonus":"RANDOM_COMMON_RELIC","is_prod":false,"is_daily":false,"chose_seed":false,"campfire_upgraded":4,"win_rate":0,"timestamp":1550328676,"path_taken":["M","?","M","$","M","R","?","M","T","R","M","R","M","?","R","BOSS","M","?","$","M","M"],"build_version":"2019-01-23","purchased_purges":2,"victory":false,"max_hp_per_floor":[71,71,71,71,71,71,71,71,71,71,71,71,71,71,71,71,71,71,71,71,71,71],"card_choices":[{"not_picked":["Leap","Barrage","Reprogram"],"picked":"SKIP","floor":1.0},{"not_picked":["Hologram","Barrage"],"picked":"Undo","floor":3.0},{"not_picked":["Steam Power","Tempest","Conserve Battery"],"picked":"SKIP","floor":5.0},{"not_picked":["Sweeping Beam","Go for the Eyes"],"picked":"Capacitor","floor":8.0},{"not_picked":["Cold Snap","Conserve Battery"],"picked":"Genetic Algorithm","floor":11.0},{"not_picked":["Coolheaded","Sunder"],"picked":"Chaos","floor":13},{"not_picked":["Reboot","All For One"],"picked":"Core Surge","floor":16},{"not_picked":["Redo","Turbo"],"picked":"Defragment","floor":18},{"not_picked":["Hologram","Lockon","Rebound"],"picked":"SKIP","floor":21}],"player_experience":2841815,"relics_obtained":[{"floor":9.0,"key":"Tiny Chest"}],"event_choices":[{"damage_healed":0.0,"max_hp_gain":0.0,"max_hp_loss":0.0,"gold_gain":150.0,"event_name":"Liars Game","player_choice":"AGREE","floor":2.0,"gold_loss":0.0,"damage_taken":0.0,"cards_obtained":["Doubt"]},{"damage_healed":0.0,"max_hp_gain":0.0,"max_hp_loss":0.0,"gold_gain":75.0,"event_name":"World of Goop","player_choice":"Gather Gold","floor":7.0,"gold_loss":0.0,"damage_taken":11.0},{"damage_healed":23,"gold_gain":0,"player_choice":"Banana","damage_taken":0,"max_hp_gain":0,"max_hp_loss":0,"event_name":"Big Fish","floor":14,"gold_loss":0},{"damage_healed":0,"gold_gain":0,"cards_transformed":["Strike_B"],"player_choice":"Transformed","damage_taken":0,"max_hp_gain":0,"max_hp_loss":0,"event_name":"Transmorgrifier","floor":19,"gold_loss":0,"cards_obtained":["Conserve Battery"]}],"is_beta":false,"boss_relics":[{"not_picked":["FrozenCore","Snecko Eye"],"picked":"Sozu"}],"items_purged_floors":[4,20],"is_endless":false,"potions_floor_spawned":[3,16],"killed_by":"Cultist and Chosen","ascension_level":20}