{"gold_per_floor":[116,41,41,51,61,61,95,95,172,172,191,191,191,222,222,298,298,318,351,351,85,715,715,730,730,730,746,621,648,648,182,182,260,260,279,379,359,184,203,203,235,251,276,287,287,33,33,65,65,65,65,65,65,65,91,91],"floor_reached":56,"playtime":2456,"items_purged":["Strike_G","Strike_G","Strike_G","Poisoned Stab","All Out Attack+1","Defend_G"],"score":2014,"play_id":"7560a96c-c081-42cf-9df0-1d1d20e2d0c7","local_time":"20190206153014","is_ascension_mode":true,"campfire_choices":[{"data":"All Out Attack","floor":6.0,"key":"SMITH"},{"data":"Neutralize","floor":8.0,"key":"SMITH"},{"data":"Noxious Fumes","floor":12.0,"key":"SMITH"},{"data":"Malaise","floor":15.0,"key":"SMITH"},{"floor":23.0,"key":"REST"},{"data":"Grand Finale","floor":25.0,"key":"SMITH"},{"data":"Outmaneuver","floor":30.0,"key":"SMITH"},{"data":"Corpse Explosion","floor":32.0,"key":"SMITH"},{"data":"Backflip","floor":40.0,"key":"SMITH"},{"floor":49.0,"key":"RECALL"},{"data":"Impatience","floor":53.0,"key":"SMITH"}],"neow_cost":"PERCENT_DAMAGE","seed_source_timestamp":0,"circlet_count":0,"master_deck":["AscendersBane","Defend_G","Defend_G","Defend_G","Defend_G","Survivor","Neutralize+1","Backstab","Malaise+1","Corpse Explosion+1","Outmaneuver+1","Grand Finale+1","Backflip+1","Finesse","Adrenaline","Impatience+1","Prepared"],"special_seed":0,"relics":["Ring of the Serpent","Gambling Chip","Ancient Tea Set","Snake Skull","Mercury Hourglass","PreservedInsect","Runic Pyramid","Red Mask","Frozen Egg 2","Happy Flower","TheAbacus","Torii","Potion Belt","Toxic Egg 2","Incense Burner"],"potions_floor_usage":[56,56,56,56],"damage_taken":[{"damage":0.0,"enemies":"2 Louse","floor":1.0,"turns":3.0},{"damage":0.0,"enemies":"Small Slimes","floor":4.0,"turns":4.0},{"damage":0.0,"enemies":"Cultist","floor":5.0,"turns":2.0},{"damage":3.0,"enemies":"Gremlin Nob","floor":7.0,"turns":3.0},{"damage":0.0,"enemies":"Looter","floor":11.0,"turns":2.0},{"damage":15.0,"enemies":"Lagavulin","floor":14.0,"turns":5.0},{"damage":2.0,"enemies":"Hexaghost","floor":16.0,"turns":8.0},{"damage":0.0,"enemies":"Chosen","floor":18.0,"turns":5.0},{"damage":0.0,"enemies":"Masked Bandits","floor":19.0,"turns":2.0},{"damage":4.0,"enemies":"Shell Parasite","floor":24.0,"turns":6.0},{"damage":0.0,"enemies":"Snake Plant","floor":27.0,"turns":3.0},{"damage":2.0,"enemies":"Champ","floor":33.0,"turns":7.0},{"damage":9.0,"enemies":"3 Darklings","floor":35.0,"turns":2.0},{"damage":0.0,"enemies":"Mind Bloom Boss Battle","floor":36.0,"turns":5.0},{"damage":0.0,"enemies":"3 Shapes","floor":39.0,"turns":3.0},{"damage":0.0,"enemies":"Nemesis","floor":41.0,"turns":5.0},{"damage":0.0,"enemies":"Writhing Mass","floor":42.0,"turns":6.0},{"damage":6.0,"enemies":"4 Shapes","floor":44.0,"turns":3.0},{"damage":0.0,"enemies":"Reptomancer","floor":48.0,"turns":4.0},{"damage":0.0,"enemies":"Awakened One","floor":50.0,"turns":13.0},{"damage":8.0,"enemies":"Time Eater","floor":51.0,"turns":14.0},{"damage":2.0,"enemies":"Shield and Spear","floor":55.0,"turns":5.0},{"damage":55,"enemies":"The Heart","floor":56,"turns":8}],"seed_played":"3441460525044390380","potions_obtained":[{"floor":5.0,"key":"Poison Potion"},{"floor":7.0,"key":"FairyPotion"},{"floor":11.0,"key":"Ancient Potion"},{"floor":18.0,"key":"FairyPotion"},{"floor":41.0,"key":"Swift Potion"},{"floor":42.0,"key":"GamblersBrew"},{"floor":55.0,"key":"EssenceOfSteel"}],"is_trial":false,"path_per_floor":["M","$","?","M","M","R","E","R","T","?","M","R","?","E","R","B",null,"M","?","?","$","?","R","M","R","T","M","$","T","R","$","R","B",null,"M","?","?","$","M","R","E","M","T","M","?","$","?","E","R","B","B",null,"R","$","E","B"],"character_chosen":"THE_SILENT","items_purchased":["Grand Finale","TheAbacus","Finesse","Prepared"],"campfire_rested":1,"item_purchase_floors":[21,31,31,46],"current_hp_per_floor":[44,44,9,9,9,9,6,6,6,6,6,6,6,6,6,4,51,51,51,51,51,3,22,18,18,18,18,18,18,18,18,18,16,54,45,45,45,45,45,45,45,45,45,39,39,39,39,39,39,39,31,57,57,57,55,0],"gold":91,"neow_bonus":"ONE_RARE_RELIC","is_prod":false,"is_daily":false,"chose_seed":false,"campfire_upgraded":9,"win_rate":0,"timestamp":1549438214,"path_taken":["M","$","?","M","M","R","E","R","T","?","?","R","?","E","R","BOSS","M","?","?","$","?","R","M","R","T","?","?","?","R","$","R","BOSS","M","?","?","$","M","R","E","?","T","M","?","$","?","E","R","BOSS","BOSS","R","$","E","BOSS"],"build_version":"2019-01-23","purchased_purges":6,"victory":false,"max_hp_per_floor":[66,66,66,66,66,66,66,66,66,66,66,66,66,66,66,66,66,66,66,66,66,66,66,66,66,66,66,66,66,66,66,66,66,66,66,66,66,66,66,66,66,66,66,66,66,66,66,66,66,66,66,66,66,66,66,66],"card_choices":[{"not_picked":["Dagger Spray","Dodge and Roll"],"picked":"Poisoned Stab","floor":1.0},{"not_picked":["Endless Agony","Dagger Throw"],"picked":"Backstab","floor":4.0},{"not_picked":["Underhanded Strike","PiercingWail"],"picked":"All Out Attack","floor":5.0},{"not_picked":["Prepared","Dodge and Roll","Slice"],"picked":"SKIP","floor":7.0},{"not_picked":["Escape Plan","Prepared"],"picked":"Noxious Fumes","floor":11.0},{"not_picked":["Terror","PiercingWail"],"picked":"Malaise","floor":14.0},{"not_picked":["Burst","Storm of Steel"],"picked":"Corpse Explosion","floor":16.0},{"not_picked":["Finisher","Dagger Spray+1","Accuracy"],"picked":"SKIP","floor":18.0},{"not_picked":["Flechettes+1","PiercingWail"],"picked":"Outmaneuver","floor":19.0},{"not_picked":["Footwork","Dagger Spray"],"picked":"Backflip","floor":24.0},{"not_picked":["Endless Agony","Underhanded Strike","Quick Slash"],"picked":"SKIP","floor":27.0},{"not_picked":["Endless Agony","Underhanded Strike","Quick Slash"],"picked":"SKIP","floor":27.0},{"not_picked":["Storm of Steel","Bullet Time"],"picked":"Adrenaline","floor":33.0},{"not_picked":["Sucker Punch","Dagger Throw+1","Outmaneuver"],"picked":"SKIP","floor":35.0},{"not_picked":["Dodge and Roll+1","Quick Slash","Tactician"],"picked":"SKIP","floor":39.0},{"not_picked":["Dodge and Roll+1","Noxious Fumes+1","Bouncing Flask"],"picked":"SKIP","floor":41.0},{"not_picked":["Heel Hook","Underhanded Strike","Distraction"],"picked":"SKIP","floor":42.0},{"not_picked":["Night Terror","Flying Knee+1","Underhanded Strike"],"picked":"SKIP","floor":44.0},{"not_picked":["Night Terror","Flying Knee+1","Underhanded Strike"],"picked":"SKIP","floor":44.0},{"not_picked":["Trip","Mayhem+1"],"picked":"Impatience","floor":45.0},{"not_picked":["Deadly Poison","Infinite Blades+1","Masterful Stab"],"picked":"SKIP","floor":48.0},{"not_picked":["All Out Attack","Masterful Stab","Backflip+1"],"picked":"SKIP","floor":55.0}],"player_experience":1429708,"relics_obtained":[{"floor":7.0,"key":"Snake Skull"},{"floor":9.0,"key":"Mercury Hourglass"},{"floor":14.0,"key":"PreservedInsect"},{"floor":19.0,"key":"Red Mask"},{"floor":26.0,"key":"Frozen Egg 2"},{"floor":29.0,"key":"Happy Flower"},{"floor":36.0,"key":"Torii"},{"floor":41.0,"key":"Potion Belt"},{"floor":48.0,"key":"Toxic Egg 2"},{"floor":55.0,"key":"Incense Burner"}],"event_choices":[{"damage_healed":0.0,"max_hp_gain":0.0,"max_hp_loss":0.0,"gold_gain":0.0,"event_name":"Scrap Ooze","player_choice":"Success","floor":3.0,"gold_loss":0.0,"damage_taken":35.0,"relics_obtained":["Ancient Tea Set"]},{"cards_removed":["Strike_G"],"damage_healed":0.0,"max_hp_gain":0.0,"max_hp_loss":0.0,"gold_gain":0.0,"event_name":"Purifier","player_choice":"Purged","floor":10.0,"gold_loss":0.0,"damage_taken":0.0},{"cards_removed":["Strike_G"],"damage_healed":0.0,"max_hp_gain":0.0,"max_hp_loss":0.0,"gold_gain":0.0,"event_name":"Living Wall","player_choice":"Forget","floor":13.0,"gold_loss":0.0,"damage_taken":0.0},{"damage_healed":0.0,"max_hp_gain":0.0,"max_hp_loss":0.0,"gold_gain":0.0,"event_name":"Masked Bandits","player_choice":"Fought Bandits","floor":19.0,"gold_loss":0.0,"damage_taken":0.0},{"damage_healed":0.0,"max_hp_gain":0.0,"max_hp_loss":0.0,"gold_gain":0.0,"event_name":"The Mausoleum","player_choice":"Ignored","floor":20.0,"gold_loss":0.0,"damage_taken":0.0},{"damage_healed":0.0,"max_hp_gain":0.0,"max_hp_loss":0.0,"gold_gain":630.0,"event_name":"Knowing Skull","player_choice":"GOLD GOLD GOLD GOLD GOLD GOLD GOLD ","floor":22.0,"potions_obtained":[],"gold_loss":0.0,"damage_taken":48.0,"cards_obtained":[]},{"damage_healed":0.0,"max_hp_gain":0.0,"max_hp_loss":0.0,"gold_gain":0.0,"event_name":"MindBloom","player_choice":"Fight","floor":36.0,"gold_loss":0.0,"damage_taken":0.0},{"damage_healed":0.0,"max_hp_gain":0.0,"max_hp_loss":0.0,"gold_gain":0.0,"event_name":"The Woman in Blue","player_choice":"Bought 1 Potion","floor":37.0,"gold_loss":0.0,"damage_taken":0.0},{"damage_healed":0.0,"max_hp_gain":0.0,"max_hp_loss":0.0,"gold_gain":0.0,"event_name":"SensoryStone","player_choice":"Memory 1","floor":45.0,"gold_loss":0.0,"damage_taken":0.0},{"cards_removed":["Noxious Fumes"],"damage_healed":0.0,"max_hp_gain":0.0,"max_hp_loss":0.0,"gold_gain":0.0,"event_name":"Falling","player_choice":"Removed Power","floor":47.0,"gold_loss":0.0,"damage_taken":0.0}],"is_beta":true,"boss_relics":[{"not_picked":["Busted Crown","Sozu"],"picked":"Runic Pyramid"},{"not_picked":["Pandora\u0027s Box","Tiny House"],"picked":"Ring of the Serpent"}],"items_purged_floors":[2,21,28,31,38,46],"is_endless":false,"potions_floor_spawned":[5,7,11,18,24,33,41,42,48,55],"killed_by":"The Heart","ascension_level":20}