{"gold_per_floor":[114,127,52,52,65,65,94,104,127,159,171,209,221,277,289,394,406,443,469,481,493,354,381,381,213,240,270,10,41,52,82,82,159,159,176,176,194,247,247,247,282,282,282,315,345,371,399,415,415,415,415,415,415,25,53,53],"floor_reached":57,"playtime":3411,"items_purged":["Strike_B","Strike_B","Strike_B","Defend_B"],"score":3775,"play_id":"d118bf0f-4c1d-4c69-bf87-e05524f6f453","local_time":"20190320193146","is_ascension_mode":true,"campfire_choices":[{"data":"Rip and Tear","floor":6.0,"key":"SMITH"},{"data":"Defragment","floor":11.0,"key":"SMITH"},{"data":"Dualcast","floor":15.0,"key":"SMITH"},{"data":"Zap","floor":24.0,"key":"SMITH"},{"data":"Turbo","floor":32.0,"key":"SMITH"},{"data":"Hologram","floor":40.0,"key":"SMITH"},{"data":"White Noise","floor":42.0,"key":"SMITH"},{"floor":49.0,"key":"RECALL"},{"data":"Skim","floor":53.0,"key":"SMITH"}],"neow_cost":"NONE","seed_source_timestamp":26265576587966,"circlet_count":0,"master_deck":["AscendersBane","Defend_B+1","Defend_B+1","Defend_B","Zap+1","Dualcast+1","Glacier","Rip and Tear+1","Cold Snap+1","White Noise+1","Ball Lightning+1","Defragment+1","Echo Form","Undo","Electrodynamics","Skim+1","Hologram+1","Capacitor","Turbo+1","Capacitor+1","Recycle+1","Echo Form","Skim+1","Consume+1","Echo Form","Coolheaded","Skim+1","Undo+1"],"special_seed":0,"relics":["Cracked Core","Vajra","Oddly Smooth Stone","Omamori","Bag of Marbles","MawBank","Thread and Needle","Bloody Idol","Letter Opener","Cursed Key","Potion Belt","DataDisk","Whetstone","Sundial","War Paint","Nuclear Battery","WingedGreaves","Bag of Preparation","Smiling Mask","Ice Cream","Orichalcum","Torii","TheAbacus","Boot","Dead Branch"],"potions_floor_usage":[56,56,56],"damage_taken":[{"damage":7.0,"enemies":"Jaw Worm","floor":1.0,"turns":3.0},{"damage":0.0,"enemies":"Small Slimes","floor":2.0,"turns":3.0},{"damage":0.0,"enemies":"Cultist","floor":5.0,"turns":2.0},{"damage":7.0,"enemies":"3 Sentries","floor":7.0,"turns":11.0},{"damage":0.0,"enemies":"2 Fungi Beasts","floor":8.0,"turns":3.0},{"damage":9.0,"enemies":"Gremlin Nob","floor":10.0,"turns":3.0},{"damage":0.0,"enemies":"Lagavulin","floor":12.0,"turns":6.0},{"damage":6.0,"enemies":"3 Sentries","floor":14.0,"turns":6.0},{"damage":0.0,"enemies":"The Guardian","floor":16.0,"turns":9.0},{"damage":0.0,"enemies":"Chosen","floor":18.0,"turns":3.0},{"damage":1.0,"enemies":"Spheric Guardian","floor":19.0,"turns":3.0},{"damage":16.0,"enemies":"Book of Stabbing","floor":23.0,"turns":5.0},{"damage":29.0,"enemies":"Gremlin Leader","floor":27.0,"turns":4.0},{"damage":3.0,"enemies":"Book of Stabbing","floor":29.0,"turns":5.0},{"damage":0.0,"enemies":"Centurion and Healer","floor":30.0,"turns":6.0},{"damage":9.0,"enemies":"Slavers","floor":31.0,"turns":4.0},{"damage":0.0,"enemies":"Collector","floor":33.0,"turns":6.0},{"damage":0.0,"enemies":"3 Darklings","floor":35.0,"turns":4.0},{"damage":0.0,"enemies":"Orb Walker","floor":37.0,"turns":3.0},{"damage":8.0,"enemies":"2 Orb Walkers","floor":38.0,"turns":3.0},{"damage":0.0,"enemies":"Reptomancer","floor":41.0,"turns":4.0},{"damage":0.0,"enemies":"Giant Head","floor":44.0,"turns":5.0},{"damage":0.0,"enemies":"Nemesis","floor":45.0,"turns":3.0},{"damage":0.0,"enemies":"Reptomancer","floor":46.0,"turns":4.0},{"damage":0.0,"enemies":"Nemesis","floor":47.0,"turns":3.0},{"damage":0.0,"enemies":"Writhing Mass","floor":48.0,"turns":5.0},{"damage":14.0,"enemies":"Time Eater","floor":50.0,"turns":9.0},{"damage":0.0,"enemies":"Awakened One","floor":51.0,"turns":6.0},{"damage":0,"enemies":"Shield and Spear","floor":55,"turns":6},{"damage":59,"enemies":"The Heart","floor":56,"turns":8}],"seed_played":"-7053950947585685435","potions_obtained":[{"floor":1.0,"key":"Ancient Potion"},{"floor":2.0,"key":"GamblersBrew"},{"floor":7.0,"key":"Fire Potion"},{"floor":16.0,"key":"SpeedPotion"},{"floor":29.0,"key":"Regen Potion"},{"floor":37.0,"key":"Swift Potion"},{"floor":41.0,"key":"Weak Potion"},{"floor":45.0,"key":"Fruit Juice"},{"floor":46.0,"key":"LiquidBronze"},{"floor":55,"key":"SkillPotion"}],"is_trial":false,"path_per_floor":["M","M","$","?","M","R","E","M","T","E","R","E","?","E","R","B",null,"M","M","?","?","$","E","R","$","T","E","$","E","M","E","R","B",null,"M","?","M","?","?","R","E","R","T","E","E","E","E","M","R","B","B",null,"R","$","E","B",null],"character_chosen":"DEFECT","items_purchased":["Hologram","Capacitor","Turbo","Weak Potion","TheAbacus","Boot"],"campfire_rested":0,"item_purchase_floors":[22,25,28,28,54,54],"current_hp_per_floor":[57,57,57,52,52,52,45,45,45,36,36,36,36,30,30,30,56,56,55,55,55,60,49,49,49,54,30,30,32,37,45,45,50,61,64,61,61,58,58,58,61,61,61,61,61,66,66,66,66,52,52,63,63,63,66,7],"gold":53,"neow_bonus":"RANDOM_COMMON_RELIC","is_prod":false,"is_daily":false,"chose_seed":false,"campfire_upgraded":8,"win_rate":0,"timestamp":1553081506,"path_taken":["M","M","$","?","M","R","E","M","T","E","R","E","?","E","R","BOSS","M","M","?","?","$","E","R","$","T","E","$","E","M","E","R","BOSS","M","?","M","?","?","R","E","R","T","E","E","E","E","?","R","BOSS","BOSS","R","$","E","BOSS"],"build_version":"2019-01-23","purchased_purges":4,"victory":true,"max_hp_per_floor":[71,71,71,71,71,71,71,71,71,71,71,71,64,64,64,64,64,64,64,64,64,64,64,64,64,64,64,64,64,64,64,64,64,64,64,61,61,61,61,61,61,61,61,61,61,66,66,66,66,66,66,66,66,66,66,66],"card_choices":[{"not_picked":["Cold Snap","Ball Lightning"],"picked":"Glacier","floor":1.0},{"not_picked":["Coolheaded","Tempest"],"picked":"Rip and Tear","floor":2.0},{"not_picked":["Lockon","Gash"],"picked":"Cold Snap","floor":5.0},{"not_picked":["Barrage","Reprogram"],"picked":"White Noise","floor":7.0},{"not_picked":["Barrage","Redo"],"picked":"Ball Lightning","floor":8.0},{"not_picked":["Steam","FTL"],"picked":"Defragment","floor":10.0},{"not_picked":["Defragment","Consume"],"picked":"Echo Form","floor":12.0},{"not_picked":["Hyperbeam","Rebound"],"picked":"Undo","floor":14.0},{"not_picked":["Core Surge","Seek"],"picked":"Electrodynamics","floor":16.0},{"not_picked":["Hello World","Barrage"],"picked":"Skim+1","floor":18.0},{"not_picked":["Go for the Eyes","Steam","Lockon"],"picked":"SKIP","floor":19.0},{"not_picked":["Fusion","Gash","Go for the Eyes"],"picked":"SKIP","floor":23.0},{"not_picked":["Melter","Blizzard","Scrape+1"],"picked":"SKIP","floor":27.0},{"not_picked":["Chill","Coolheaded"],"picked":"Capacitor+1","floor":29.0},{"not_picked":["Steam","Stack"],"picked":"Recycle+1","floor":30.0},{"not_picked":["Streamline","Gash","Hologram"],"picked":"SKIP","floor":31.0},{"not_picked":["Meteor Strike","Seek"],"picked":"Echo Form","floor":33.0},{"not_picked":["Reprogram+1","Force Field","Leap+1"],"picked":"SKIP","floor":35.0},{"not_picked":["Sunder+1","Compile Driver","Steam Power"],"picked":"SKIP","floor":37.0},{"not_picked":["Reinforced Body","Conserve Battery"],"picked":"Skim+1","floor":38.0},{"not_picked":["Beam Cell","Ball Lightning"],"picked":"Consume+1","floor":41.0},{"not_picked":["Self Repair+1","Hello World+1"],"picked":"Echo Form","floor":44.0},{"not_picked":["BootSequence+1","Hologram","Tempest"],"picked":"SKIP","floor":45.0},{"not_picked":["Blizzard","Genetic Algorithm+1"],"picked":"Coolheaded","floor":46.0},{"not_picked":["Sweeping Beam","BootSequence","Streamline+1"],"picked":"SKIP","floor":47.0},{"not_picked":["Streamline","Capacitor"],"picked":"Skim","floor":48.0},{"not_picked":["All For One","Genetic Algorithm"],"picked":"Undo+1","floor":55}],"player_experience":3751865,"relics_obtained":[{"floor":7.0,"key":"Omamori"},{"floor":9.0,"key":"Bag of Marbles"},{"floor":10.0,"key":"MawBank"},{"floor":12.0,"key":"Thread and Needle"},{"floor":14.0,"key":"Letter Opener"},{"floor":23.0,"key":"Potion Belt"},{"floor":26.0,"key":"DataDisk"},{"floor":27.0,"key":"Whetstone"},{"floor":29.0,"key":"Sundial"},{"floor":31.0,"key":"War Paint"},{"floor":38.0,"key":"WingedGreaves"},{"floor":41.0,"key":"Bag of Preparation"},{"floor":44.0,"key":"Smiling Mask"},{"floor":45.0,"key":"Ice Cream"},{"floor":46.0,"key":"Orichalcum"},{"floor":47.0,"key":"Torii"},{"floor":55,"key":"Dead Branch"}],"event_choices":[{"damage_healed":0.0,"max_hp_gain":0.0,"max_hp_loss":0.0,"gold_gain":0.0,"event_name":"Scrap Ooze","player_choice":"Success","floor":4.0,"gold_loss":0.0,"damage_taken":5.0,"relics_obtained":["Oddly Smooth Stone"]},{"damage_healed":0.0,"max_hp_gain":0.0,"max_hp_loss":7.0,"gold_gain":0.0,"event_name":"Golden Idol","player_choice":"Lose Max HP","floor":13.0,"gold_loss":0.0,"damage_taken":0.0,"relics_obtained":["Golden Idol"]},{"cards_removed":["Strike_B"],"damage_healed":0.0,"max_hp_gain":0.0,"max_hp_loss":0.0,"gold_gain":0.0,"event_name":"Back to Basics","player_choice":"Elegance","floor":20.0,"gold_loss":0.0,"damage_taken":0.0},{"damage_healed":0.0,"max_hp_gain":0.0,"max_hp_loss":0.0,"gold_gain":0.0,"event_name":"Forgotten Altar","player_choice":"Gave Idol","floor":21.0,"relics_lost":["Golden Idol"],"gold_loss":0.0,"damage_taken":0.0,"relics_obtained":["Bloody Idol"]},{"damage_healed":0.0,"max_hp_gain":0.0,"max_hp_loss":3.0,"gold_gain":0.0,"event_name":"Winding Halls","player_choice":"Max HP","floor":36.0,"gold_loss":0.0,"damage_taken":0.0},{"damage_healed":0.0,"max_hp_gain":0.0,"max_hp_loss":0.0,"gold_gain":0.0,"event_name":"Mysterious Sphere","player_choice":"Fight","floor":38.0,"gold_loss":0.0,"damage_taken":0.0},{"damage_healed":0.0,"max_hp_gain":0.0,"max_hp_loss":0.0,"gold_gain":0.0,"event_name":"Match and Keep!","player_choice":"0 cards matched","floor":39.0,"gold_loss":0.0,"damage_taken":0.0,"cards_obtained":[]}],"is_beta":false,"boss_relics":[{"not_picked":["Eternal Feather","Philosopher\u0027s Stone"],"picked":"Cursed Key"},{"not_picked":["Calling Bell","FrozenCore"],"picked":"Nuclear Battery"}],"items_purged_floors":[3,22,25,28],"is_endless":false,"potions_floor_spawned":[1,2,7,16,18,29,30,37,41,45,46,55],"ascension_level":20}