{"gold_per_floor":[119,131,141,91,103,103,117,130,203,203,213,70,70,70,70,174,174,185,110,110,126,142,142,158,173,173,186,196,196,208,221,221,326,326,341,360,360,372,272,272,272,70,70,70,82,98,98,114,114,114],"floor_reached":51,"playtime":2149,"items_purged":["Strike_G","Defend_G"],"score":774,"play_id":"7afa7410-3d38-473e-b435-7d3ed28d0fc1","local_time":"20181018203802","is_ascension_mode":false,"campfire_choices":[{"data":"Bouncing Flask","floor":6.0,"key":"SMITH"},{"data":"Bouncing Flask","floor":10.0,"key":"SMITH"},{"data":"Corpse Explosion","floor":13.0,"key":"SMITH"},{"data":"Neutralize","floor":15.0,"key":"SMITH"},{"data":"Footwork","floor":23.0,"key":"SMITH"},{"data":"Malaise","floor":29.0,"key":"SMITH"},{"data":"Calculated Gamble","floor":32,"key":"SMITH"},{"data":"Survivor","floor":40,"key":"SMITH"},{"data":"Night Terror","floor":44,"key":"SMITH"},{"data":"Malaise","floor":47,"key":"SMITH"},{"data":"Venomology","floor":49,"key":"SMITH"}],"neow_cost":"NONE","seed_source_timestamp":41550000652512,"circlet_count":0,"master_deck":["Defend_G","Defend_G","Defend_G","Defend_G","Strike_G","Survivor+1","Neutralize+1","Bouncing Flask+1","Bouncing Flask+1","Corpse Explosion+1","Malaise+1","Footwork+1","Dodge and Roll+1","Calculated Gamble+1","Venomology+1","Backflip+1","Calculated Gamble+1","Dodge and Roll+1","Night Terror+1","Malaise+1","Catalyst+1"],"special_seed":0,"relics":["Ring of the Snake","Dodecahedron","Runic Pyramid","Sundial","Cursed Key","Chemical X"],"potions_floor_usage":[30,31,33,35,35,38,46,48,50],"damage_taken":[{"damage":2.0,"enemies":"Jaw Worm","floor":1.0,"turns":8.0},{"damage":5.0,"enemies":"Small Slimes","floor":2.0,"turns":5.0},{"damage":4.0,"enemies":"Cultist","floor":3.0,"turns":4.0},{"damage":4.0,"enemies":"Looter","floor":5.0,"turns":3.0},{"damage":10.0,"enemies":"Exordium Thugs","floor":7.0,"turns":5.0},{"damage":12.0,"enemies":"Gremlin Gang","floor":8.0,"turns":6.0},{"damage":19.0,"enemies":"Exordium Wildlife","floor":11.0,"turns":4.0},{"damage":1.0,"enemies":"Hexaghost","floor":16.0,"turns":7.0},{"damage":0.0,"enemies":"Chosen","floor":18.0,"turns":3.0},{"damage":0.0,"enemies":"2 Thieves","floor":21.0,"turns":4.0},{"damage":0.0,"enemies":"Cultist and Chosen","floor":22.0,"turns":5.0},{"damage":0.0,"enemies":"Snake Plant","floor":24.0,"turns":4.0},{"damage":0.0,"enemies":"Snecko","floor":25.0,"turns":4.0},{"damage":0.0,"enemies":"Chosen and Byrds","floor":27.0,"turns":6.0},{"damage":0.0,"enemies":"Centurion and Healer","floor":28.0,"turns":5.0},{"damage":0,"enemies":"Shelled Parasite and Fungi","floor":30,"turns":4},{"damage":0,"enemies":"Snecko","floor":31,"turns":5},{"damage":0,"enemies":"Champ","floor":33,"turns":8},{"damage":0,"enemies":"3 Shapes","floor":35,"turns":4},{"damage":0,"enemies":"Orb Walker","floor":36,"turns":4},{"damage":0,"enemies":"Reptomancer","floor":38,"turns":5},{"damage":0,"enemies":"3 Darklings","floor":45,"turns":3},{"damage":0,"enemies":"Maw","floor":46,"turns":7},{"damage":0,"enemies":"4 Shapes","floor":48,"turns":4},{"damage":0,"enemies":"Time Eater","floor":50,"turns":7}],"seed_played":"8601231547427203625","potions_obtained":[{"floor":1.0,"key":"Dexterity Potion"},{"floor":2.0,"key":"EntropicBrew"},{"floor":8.0,"key":"EssenceOfSteel"},{"floor":18.0,"key":"Fruit Juice"}],"is_trial":false,"path_per_floor":["M","M","M","?","M","R","M","M","T","R","M","$","R","$","R","B",null,"M","$","?","M","M","R","M","M","T","M","M","R","M","M","R","B",null,"M","M","?","M","$","R","T","$","T","R","M","M","R","M","R","B"],"character_chosen":"THE_SILENT","items_purchased":["Corpse Explosion","Chemical X"],"campfire_rested":0,"item_purchase_floors":[12,42],"current_hp_per_floor":[75,70,66,66,62,62,52,40,40,40,21,21,21,21,21,20,77,77,77,77,82,82,82,82,82,82,82,82,82,82,82,82,82,82,82,82,82,82,82,82,82,82,82,82,82,82,82,82,82,82],"gold":114,"neow_bonus":"TEN_PERCENT_HP_BONUS","is_prod":false,"is_daily":false,"chose_seed":false,"campfire_upgraded":11,"win_rate":0,"timestamp":1539866282,"path_taken":["M","M","M","?","M","R","M","M","T","R","M","$","R","?","R","BOSS","M","$","?","M","M","R","M","M","T","?","M","R","M","M","R","BOSS","M","M","?","M","$","R","?","$","T","R","?","?","R","M","R","BOSS"],"build_version":"2018-10-11","purchased_purges":2,"victory":true,"max_hp_per_floor":[77,77,77,77,77,77,77,77,77,77,77,77,77,77,77,77,77,77,77,77,82,82,82,82,82,82,82,82,82,82,82,82,82,82,82,82,82,82,82,82,82,82,82,82,82,82,82,82,82,82],"card_choices":[{"not_picked":["Flechettes","Leg Sweep"],"picked":"Bouncing Flask","floor":1.0},{"not_picked":["Quick Slash","Prepared"],"picked":"Bouncing Flask","floor":2.0},{"not_picked":["Cloak And Dagger","Dagger Spray","Poisoned Stab"],"picked":"SKIP","floor":3.0},{"not_picked":["Flying Knee","Reflex","Outmaneuver"],"picked":"SKIP","floor":5.0},{"not_picked":["Deflect","Outmaneuver","Slice"],"picked":"SKIP","floor":7.0},{"not_picked":["Deflect","Blade Dance","Slice"],"picked":"SKIP","floor":8.0},{"not_picked":["Dodge and Roll","Heel Hook","Concentrate"],"picked":"SKIP","floor":11.0},{"not_picked":["Corpse Explosion","Adrenaline"],"picked":"Malaise","floor":16.0},{"not_picked":["Quick Slash+1","Sucker Punch+1","Expertise"],"picked":"SKIP","floor":18.0},{"not_picked":["Dagger Throw","Underhanded Strike"],"picked":"Footwork","floor":21.0},{"not_picked":["Infinite Blades","Dodge and Roll+1","Finisher"],"picked":"SKIP","floor":22.0},{"not_picked":["Infinite Blades","Finisher"],"picked":"Dodge and Roll+1","floor":22.0},{"not_picked":["Slice","All Out Attack"],"picked":"Calculated Gamble+1","floor":24.0},{"not_picked":["Flying Knee","Slice"],"picked":"Venomology","floor":25.0},{"not_picked":["Setup+1","Dagger Spray"],"picked":"Backflip+1","floor":27.0},{"not_picked":["Sucker Punch","Accuracy+1","Blade Dance+1"],"picked":"SKIP","floor":28.0},{"not_picked":["Sucker Punch","Accuracy+1","Blade Dance+1"],"picked":"SKIP","floor":28.0},{"not_picked":["Calculated Gamble","Accuracy","Acrobatics"],"picked":"SKIP","floor":30},{"not_picked":["Accuracy","Acrobatics"],"picked":"Calculated Gamble","floor":30},{"not_picked":["Underhanded Strike","Dagger Spray+1"],"picked":"Dodge and Roll+1","floor":31},{"not_picked":["Glass Knife","Burst"],"picked":"Night Terror","floor":33},{"not_picked":["Slice","Flying Knee","Deflect+1"],"picked":"SKIP","floor":35},{"not_picked":["Underhanded Strike+1","Dodge and Roll","Eviscerate"],"picked":"SKIP","floor":36},{"not_picked":["Eviscerate+1","Flying Knee+1","Dagger Throw"],"picked":"SKIP","floor":38},{"not_picked":["Cloak And Dagger+1","Finisher"],"picked":"Malaise","floor":45},{"not_picked":["Slice","Masterful Stab+1","Blur"],"picked":"SKIP","floor":46},{"not_picked":["Dagger Spray+1","Crippling Poison+1"],"picked":"Catalyst+1","floor":48}],"player_experience":349604,"relics_obtained":[{"floor":9.0,"key":"Dodecahedron"},{"floor":26.0,"key":"Sundial"}],"event_choices":[{"event_name":"The Cleric","player_choice":"Card Removal","floor":4.0,"damage_taken":0.0},{"event_name":"Wheel of Change","player_choice":"Card Removal","floor":20.0,"damage_taken":0.0},{"event_name":"Falling","player_choice":"Removed Attack","floor":37,"damage_taken":0}],"is_beta":false,"boss_relics":[{"not_picked":["WristBlade","Lizard Tail"],"picked":"Runic Pyramid"},{"not_picked":["HoveringKite","Fusion Hammer"],"picked":"Cursed Key"}],"items_purged_floors":[19,39],"is_endless":false,"potions_floor_spawned":[1,2,8,18,22,27,28,38,45,48],"ascension_level":0}