{"gold_per_floor":[116,128,145,29,40,40,40,73,96,96,21,39,66,86,86,162,162,178,195,195,208,108,143,18,52,52,78,78,78,78,103,103,181,181,199,214,214,230,241,268,280,299,299,399,399,239,565,415,415,415,415,415,415,2,29,29],"floor_reached":57,"playtime":4221,"items_purged":["Strike_G","Strike_G","Strike_G","Defend_G"],"score":3425,"play_id":"157fe318-c6a8-4122-b7ef-d5b3cb2b0e70","local_time":"20190630162744","is_ascension_mode":true,"campfire_choices":[{"data":"Bouncing Flask","floor":6.0,"key":"SMITH"},{"data":"Well Laid Plans","floor":10.0,"key":"SMITH"},{"data":"Flechettes","floor":15.0,"key":"SMITH"},{"data":"Tactician","floor":28.0,"key":"SMITH"},{"data":"Acrobatics","floor":30.0,"key":"SMITH"},{"data":"Neutralize","floor":32.0,"key":"SMITH"},{"floor":45.0,"key":"RECALL"},{"data":"Backflip","floor":49.0,"key":"SMITH"},{"data":"Escape Plan","floor":53,"key":"SMITH"}],"neow_cost":"TEN_PERCENT_HP_LOSS","seed_source_timestamp":0,"circlet_count":0,"master_deck":["AscendersBane","Defend_G","Defend_G","Defend_G","Defend_G+1","Survivor+1","Neutralize+1","Well Laid Plans+1","Acrobatics+1","Backflip+1","PiercingWail","Flechettes+1","Burst+1","Tactician+1","Well Laid Plans+1","Grand Finale+1","Prepared","Reflex+1","Escape Plan+1","Terror","Acrobatics+1"],"special_seed":0,"relics":["Ring of the Snake","Unceasing Top","Art of War","Omamori","Anchor","Coffee Dripper","Paper Crane","Oddly Smooth Stone","Matryoshka","Bag of Preparation","HoveringKite","Whetstone","Vajra","Question Card","Mango","War Paint","Old Coin","Tough Bandages","Blood Vial"],"potions_floor_usage":[56,56],"damage_taken":[{"damage":1.0,"enemies":"Jaw Worm","floor":1.0,"turns":5.0},{"damage":0.0,"enemies":"2 Louse","floor":2.0,"turns":3.0},{"damage":0.0,"enemies":"Cultist","floor":3.0,"turns":3.0},{"damage":6.0,"enemies":"Looter","floor":5.0,"turns":4.0},{"damage":31.0,"enemies":"Gremlin Nob","floor":8.0,"turns":4.0},{"damage":7.0,"enemies":"Lots of Slimes","floor":12.0,"turns":4.0},{"damage":4.0,"enemies":"Lagavulin","floor":13.0,"turns":7.0},{"damage":1.0,"enemies":"Large Slime","floor":14.0,"turns":6.0},{"damage":0.0,"enemies":"Hexaghost","floor":16.0,"turns":8.0},{"damage":0.0,"enemies":"Shell Parasite","floor":18.0,"turns":4.0},{"damage":0.0,"enemies":"3 Byrds","floor":19.0,"turns":4.0},{"damage":0.0,"enemies":"Centurion and Healer","floor":21.0,"turns":6.0},{"damage":17.0,"enemies":"Gremlin Leader","floor":23.0,"turns":6.0},{"damage":0.0,"enemies":"Slavers","floor":25.0,"turns":5.0},{"damage":0.0,"enemies":"Gremlin Leader","floor":27.0,"turns":4.0},{"damage":20.0,"enemies":"Slavers","floor":31.0,"turns":5.0},{"damage":9.0,"enemies":"Collector","floor":33.0,"turns":7.0},{"damage":0.0,"enemies":"Orb Walker","floor":35.0,"turns":3.0},{"damage":0.0,"enemies":"3 Darklings","floor":36.0,"turns":4.0},{"damage":0.0,"enemies":"Jaw Worm Horde","floor":38.0,"turns":2.0},{"damage":0.0,"enemies":"Sphere and 2 Shapes","floor":39.0,"turns":1.0},{"damage":0.0,"enemies":"Nemesis","floor":40.0,"turns":5.0},{"damage":0.0,"enemies":"Transient","floor":41.0,"turns":6.0},{"damage":0.0,"enemies":"Spire Growth","floor":42.0,"turns":3.0},{"damage":0.0,"enemies":"Mind Bloom Boss Battle","floor":44.0,"turns":3.0},{"damage":0.0,"enemies":"Reptomancer","floor":47.0,"turns":2.0},{"damage":0,"enemies":"Awakened One","floor":50,"turns":3},{"damage":0,"enemies":"Donu and Deca","floor":51,"turns":2},{"damage":0,"enemies":"Shield and Spear","floor":55,"turns":3},{"damage":7,"enemies":"The Heart","floor":56,"turns":6}],"seed_played":"1911964705304280605","potions_obtained":[{"floor":1.0,"key":"SteroidPotion"},{"floor":2.0,"key":"AttackPotion"},{"floor":12.0,"key":"Weak Potion"},{"floor":14.0,"key":"FearPotion"},{"floor":31.0,"key":"AttackPotion"},{"floor":33.0,"key":"Block Potion"},{"floor":38.0,"key":"Swift Potion"}],"is_trial":false,"path_per_floor":["M","M","M","$","M","R","?","E","T","R","?","M","E","M","R","B",null,"M","M","?","M","$","E","$","E","T","E","R","?","R","E","R","B",null,"M","M","?","M","M","E","M","M","T","?","R","$","E","$","R","B","B",null,"R","$","E","B",null],"character_chosen":"THE_SILENT","items_purchased":["Well Laid Plans","War Paint","Tough Bandages","Terror"],"campfire_rested":0,"item_purchase_floors":[4,46,54,54],"current_hp_per_floor":[58,58,58,58,52,52,52,21,21,21,21,14,10,9,9,9,47,47,47,47,47,47,30,30,30,30,30,30,30,30,10,10,1,45,45,45,60,60,60,60,60,60,60,74,74,74,74,74,74,74,74,74,74,74,74,67],"gold":29,"neow_bonus":"ONE_RARE_RELIC","is_prod":false,"is_daily":false,"chose_seed":false,"campfire_upgraded":8,"win_rate":0,"timestamp":1561883264,"path_taken":["M","M","M","$","M","R","?","E","T","R","?","M","E","M","R","BOSS","BOSS","M","M","?","?","$","E","$","E","T","E","R","?","R","E","R","BOSS","M","?","?","?","M","E","M","M","T","?","R","$","E","$","R","BOSS","BOSS","R","$","E","BOSS"],"build_version":"2019-01-23","purchased_purges":4,"victory":true,"max_hp_per_floor":[60,60,60,60,60,60,60,60,60,60,60,60,60,60,60,60,60,60,60,60,60,60,60,60,60,60,60,60,60,60,60,60,60,60,60,60,60,60,60,60,60,60,60,74,74,74,74,74,74,74,74,74,74,74,74,74],"card_choices":[{"not_picked":["Flying Knee","Heel Hook"],"picked":"Bouncing Flask","floor":1.0},{"not_picked":["Deflect","Blur","Dagger Spray"],"picked":"SKIP","floor":2.0},{"not_picked":["Quick Slash","Poisoned Stab","Bouncing Flask"],"picked":"SKIP","floor":3.0},{"not_picked":["Infinite Blades","Slice"],"picked":"Acrobatics","floor":5.0},{"not_picked":["Dagger Throw","Accuracy","Slice"],"picked":"SKIP","floor":8.0},{"not_picked":["Crippling Poison","Slice"],"picked":"Backflip","floor":12.0},{"not_picked":["Phantasmal Killer","Acrobatics"],"picked":"PiercingWail","floor":13.0},{"not_picked":["Underhanded Strike","Cloak And Dagger"],"picked":"Flechettes","floor":14.0},{"not_picked":["Night Terror","Venomology"],"picked":"Burst","floor":16.0},{"not_picked":["Skewer","Acrobatics","Expertise"],"picked":"SKIP","floor":18.0},{"not_picked":["Underhanded Strike","Poisoned Stab","Quick Slash"],"picked":"SKIP","floor":19.0},{"not_picked":["Deadly Poison","Poisoned Stab"],"picked":"Tactician","floor":21.0},{"not_picked":["All Out Attack+1","Distraction","Wraith Form v2"],"picked":"SKIP","floor":23.0},{"not_picked":["All Out Attack+1","Distraction","Wraith Form v2"],"picked":"SKIP","floor":23.0},{"not_picked":["Riddle With Holes","Endless Agony","Outmaneuver"],"picked":"SKIP","floor":25.0},{"not_picked":["Poisoned Stab","Underhanded Strike","Endless Agony"],"picked":"SKIP","floor":27.0},{"not_picked":["Poisoned Stab","Quick Slash","Deadly Poison"],"picked":"SKIP","floor":31.0},{"not_picked":["Poisoned Stab","Quick Slash","Deadly Poison"],"picked":"SKIP","floor":31.0},{"not_picked":["Bullet Time","Burst"],"picked":"Grand Finale","floor":33.0},{"not_picked":["Dodge and Roll","Underhanded Strike","Deadly Poison"],"picked":"SKIP","floor":35.0},{"not_picked":["Deflect","Blade Dance"],"picked":"Prepared","floor":36.0},{"not_picked":["Sucker Punch","Wraith Form v2"],"picked":"Reflex+1","floor":38.0},{"not_picked":["Slice","PiercingWail","Dagger Spray+1"],"picked":"SKIP","floor":39.0},{"not_picked":["Underhanded Strike","Deflect","Flying Knee"],"picked":"SKIP","floor":40.0},{"not_picked":["Underhanded Strike","Deadly Poison+1","Blade Dance"],"picked":"SKIP","floor":41.0},{"not_picked":["Flying Knee","Flechettes","Blade Dance"],"picked":"SKIP","floor":42.0},{"not_picked":["Concentrate+1","Deadly Poison","Tactician"],"picked":"Escape Plan","floor":44.0},{"not_picked":["Cloak And Dagger+1","Bane+1","Accuracy","Poisoned Stab"],"picked":"SKIP","floor":47.0},{"not_picked":["Riddle With Holes","Deadly Poison","Phantasmal Killer"],"picked":"Acrobatics+1","floor":55}],"player_experience":1496120,"relics_obtained":[{"floor":8.0,"key":"Art of War"},{"floor":9.0,"key":"Omamori"},{"floor":13.0,"key":"Anchor"},{"floor":23.0,"key":"Paper Crane"},{"floor":25.0,"key":"Oddly Smooth Stone"},{"floor":27.0,"key":"Matryoshka"},{"floor":31.0,"key":"Bag of Preparation"},{"floor":40.0,"key":"Whetstone"},{"floor":43.0,"key":"Vajra"},{"floor":43.0,"key":"Question Card"},{"floor":44.0,"key":"Mango"},{"floor":47.0,"key":"Old Coin"},{"floor":55,"key":"Blood Vial"}],"event_choices":[{"cards_removed":["Strike_G"],"damage_healed":0.0,"max_hp_gain":0.0,"max_hp_loss":0.0,"gold_gain":0.0,"event_name":"Living Wall","player_choice":"Forget","floor":7.0,"gold_loss":0.0,"damage_taken":0.0},{"cards_removed":["Strike_G"],"damage_healed":0.0,"max_hp_gain":0.0,"max_hp_loss":0.0,"gold_gain":0.0,"event_name":"The Cleric","player_choice":"Card Removal","floor":11.0,"gold_loss":75.0,"damage_taken":0.0},{"damage_healed":0.0,"max_hp_gain":0.0,"max_hp_loss":0.0,"gold_gain":0.0,"event_name":"Upgrade Shrine","player_choice":"Upgraded","floor":20.0,"gold_loss":0.0,"damage_taken":0.0,"cards_upgraded":["Burst"]},{"damage_healed":0.0,"max_hp_gain":0.0,"max_hp_loss":0.0,"gold_gain":0.0,"event_name":"Duplicator","player_choice":"Copied","floor":29.0,"gold_loss":0.0,"damage_taken":0.0,"cards_obtained":["Well Laid Plans"]},{"cards_removed":["Bouncing Flask"],"damage_healed":15.0,"max_hp_gain":0.0,"max_hp_loss":0.0,"gold_gain":0.0,"event_name":"Bonfire Elementals","player_choice":"Offered Uncommon","floor":37.0,"gold_loss":0.0,"damage_taken":0.0},{"damage_healed":0.0,"max_hp_gain":0.0,"max_hp_loss":0.0,"gold_gain":0.0,"event_name":"MindBloom","player_choice":"Fight","floor":44.0,"gold_loss":0.0,"damage_taken":0.0}],"is_beta":false,"boss_relics":[{"not_picked":["Black Star","Sozu"],"picked":"Coffee Dripper"},{"not_picked":["Tiny House","Ring of the Serpent"],"picked":"HoveringKite"}],"items_purged_floors":[4,22,24,48],"is_endless":false,"potions_floor_spawned":[1,2,12,14,21,23,31,33,38,41,44],"ascension_level":20}