{"gold_per_floor":[118,118,129,152,164,164,10,27,52,52,81,81,94,119,119,196,246,256,92,92,106,21,21,49,49,49,99,130,130,147,157,157,157],"floor_reached":33,"playtime":1014,"items_purged":["Strike_G"],"score":636,"play_id":"9b413bbf-29d6-4295-894d-ab911984fa93","local_time":"20181206191613","is_ascension_mode":true,"campfire_choices":[{"data":"Footwork","floor":6,"key":"SMITH"},{"data":"Bouncing Flask","floor":10,"key":"SMITH"},{"data":"Acrobatics","floor":15,"key":"SMITH"},{"data":"Deadly Poison","floor":23,"key":"SMITH"},{"data":"Ghostly","floor":29,"key":"SMITH"},{"data":"Concentrate","floor":32,"key":"SMITH"}],"neow_cost":"NONE","seed_source_timestamp":28301038577023,"circlet_count":0,"master_deck":["AscendersBane","Defend_G+1","Defend_G","Defend_G","Defend_G+1","Defend_G+1","Strike_G","Strike_G","Strike_G","Survivor","Neutralize+1","Acrobatics+1","Footwork+1","Bouncing Flask+1","Concentrate+1","Adrenaline","Ghostly+1","Ghostly","Ghostly","Deadly Poison+1","Tactician"],"relics":["Ring of the Snake","NeowsBlessing","Bronze Scales","Art of War","Ornamental Fan","Tiny House","Snake Skull","Lantern","War Paint","Strawberry","Bottled Tornado"],"potions_floor_usage":[11,16,28,30],"damage_taken":[{"damage":0,"enemies":"2 Louse","floor":1,"turns":1},{"damage":0,"enemies":"Cultist","floor":3,"turns":1},{"damage":0,"enemies":"Jaw Worm","floor":5,"turns":1},{"damage":0,"enemies":"Gremlin Gang","floor":8,"turns":8},{"damage":0,"enemies":"Lagavulin","floor":11,"turns":6},{"damage":22,"enemies":"Exordium Wildlife","floor":13,"turns":5},{"damage":16,"enemies":"Gremlin Nob","floor":14,"turns":4},{"damage":19,"enemies":"The Guardian","floor":16,"turns":10},{"damage":0,"enemies":"3 Byrds","floor":18,"turns":3},{"damage":0,"enemies":"Spheric Guardian","floor":21,"turns":5},{"damage":9,"enemies":"Book of Stabbing","floor":24,"turns":5},{"damage":12,"enemies":"Slavers","floor":28,"turns":6},{"damage":0,"enemies":"Snake Plant","floor":30,"turns":5},{"damage":14,"enemies":"Sentry and Sphere","floor":31,"turns":6},{"damage":34,"enemies":"Automaton","floor":33,"turns":6}],"seed_played":"427212698873146351","potions_obtained":[{"floor":1,"key":"EssenceOfSteel"},{"floor":3,"key":"PowerPotion"},{"floor":14,"key":"Swift Potion"},{"floor":17,"key":"Weak Potion"},{"floor":24,"key":"Regen Potion"},{"floor":30,"key":"Explosive Potion"}],"is_trial":false,"path_per_floor":["M","?","M","T","M","R","$","M","T","R","E","?","M","E","R","B",null,"M","$","?","M","?","R","E","$","T","?","E","R","M","M","R","B"],"character_chosen":"THE_SILENT","items_purchased":["Bouncing Flask","Snake Skull"],"campfire_rested":0,"item_purchase_floors":[7,19],"current_hp_per_floor":[59,59,59,59,59,59,59,59,59,59,59,59,37,21,21,2,55,55,55,35,35,35,35,26,26,33,29,17,17,31,17,17,0],"gold":157,"neow_bonus":"THREE_ENEMY_KILL","is_prod":false,"is_daily":false,"chose_seed":false,"campfire_upgraded":6,"win_rate":0,"timestamp":1544094973,"path_taken":["M","?","?","?","M","R","$","M","T","R","E","?","?","E","R","BOSS","M","$","?","M","?","R","E","$","T","?","E","R","M","M","R","BOSS"],"build_version":"2018-12-06","purchased_purges":1,"victory":false,"max_hp_per_floor":[66,66,66,66,66,66,66,66,66,66,66,66,66,66,66,66,71,71,71,35,35,35,35,35,35,42,42,42,42,42,42,42,42],"card_choices":[{"not_picked":["Prepared","Underhanded Strike"],"picked":"Acrobatics","floor":3},{"not_picked":["Sucker Punch","Predator"],"picked":"Footwork","floor":5},{"not_picked":["Flying Knee","Prepared","Outmaneuver"],"picked":"SKIP","floor":8},{"not_picked":["Escape Plan","Bane","Night Terror"],"picked":"SKIP","floor":11},{"not_picked":["PiercingWail","Blade Dance","Dagger Spray"],"picked":"SKIP","floor":13},{"not_picked":["Bane","After Image","All Out Attack"],"picked":"SKIP","floor":14},{"not_picked":["Phantasmal Killer","Doppelganger"],"picked":"Adrenaline","floor":16},{"not_picked":["Sucker Punch","Endless Agony","Quick Slash"],"picked":"SKIP","floor":18},{"not_picked":["Dash+1","Caltrops"],"picked":"Deadly Poison","floor":21},{"not_picked":["Dodge and Roll+1","Masterful Stab","Outmaneuver"],"picked":"SKIP","floor":24},{"not_picked":["Outmaneuver","Deflect"],"picked":"Tactician","floor":28},{"not_picked":["Poisoned Stab","Masterful Stab","Unload"],"picked":"SKIP","floor":30},{"not_picked":["Dash","Slice","Dagger Spray+1"],"picked":"SKIP","floor":31}],"player_experience":1201614,"relics_obtained":[{"floor":4,"key":"Bronze Scales"},{"floor":9,"key":"Art of War"},{"floor":14,"key":"Ornamental Fan"},{"floor":24,"key":"War Paint"},{"floor":26,"key":"Strawberry"},{"floor":28,"key":"Bottled Tornado"}],"event_choices":[{"damage_healed":0,"gold_gain":0,"player_choice":"Upgraded","damage_taken":0,"max_hp_gain":0,"max_hp_loss":0,"event_name":"Upgrade Shrine","floor":2,"gold_loss":0,"cards_upgraded":["Neutralize"]},{"damage_healed":0,"gold_gain":0,"cards_transformed":["Strike_G"],"player_choice":"Transformed","damage_taken":0,"max_hp_gain":0,"max_hp_loss":0,"event_name":"Transmorgrifier","floor":12,"gold_loss":0,"cards_obtained":["Concentrate"]},{"damage_healed":0,"gold_gain":0,"player_choice":"Became a Ghost","damage_taken":0,"max_hp_gain":0,"max_hp_loss":36,"event_name":"Ghosts","floor":20,"gold_loss":0,"cards_obtained":["Ghostly","Ghostly","Ghostly"]},{"damage_healed":0,"gold_gain":0,"player_choice":"Obtained Relic","damage_taken":0,"relics_obtained":["Lantern"],"max_hp_gain":0,"max_hp_loss":0,"event_name":"Addict","floor":22,"gold_loss":85},{"damage_healed":0,"gold_gain":50,"player_choice":"Touch","damage_taken":4,"max_hp_gain":0,"max_hp_loss":0,"event_name":"FaceTrader","floor":27,"gold_loss":0}],"is_beta":true,"boss_relics":[{"not_picked":["Runic Dome","Ectoplasm"],"picked":"Tiny House"}],"items_purged_floors":[7],"is_endless":false,"potions_floor_spawned":[1,3,14,24,30],"killed_by":"Automaton","ascension_level":20}