{"gold_per_floor":[110,35,45,45,61,61,76,103,103,103,103,103,137,147,147,247,247,265,265,131,231,241,241,257,257,257,286,299,325,325,337,337,442,442,458,1457,1121,1137,1137,1168,1182,1208,1208,1208,18,43,43,63,63,63,63,63,0,27,27],"floor_reached":56,"playtime":2840,"items_purged":["Strike_R","Strike_R","Normality"],"score":2221,"play_id":"3b82b914-1bcc-4cff-8cbb-2ead2292108a","local_time":"20181213133745","is_ascension_mode":true,"campfire_choices":[{"data":"Bash","floor":6.0,"key":"SMITH"},{"data":"Shrug It Off","floor":10.0,"key":"SMITH"},{"data":"Corruption","floor":12.0,"key":"SMITH"},{"floor":15.0,"key":"RECALL"},{"data":"Flash of Steel","floor":23.0,"key":"SMITH"},{"data":"Barricade","floor":25.0,"key":"SMITH"},{"data":"Feed","floor":32.0,"key":"SMITH"},{"data":"Offering","floor":44.0,"key":"SMITH"},{"data":"Flash of Steel","floor":49,"key":"SMITH"},{"data":"Second Wind","floor":52,"key":"SMITH"}],"neow_cost":"TEN_PERCENT_HP_LOSS","seed_source_timestamp":1561435359830,"circlet_count":0,"master_deck":["AscendersBane","Defend_R","Defend_R","Defend_R","Defend_R","Bash+1","Rampage+1","Shrug It Off+1","Corruption+1","Power Through","Barricade+1","Dual Wield","Flash of Steel+1","Second Wind+1","Feed+1","Offering+1","Shrug It Off","Normality","Battle Trance+1","Flash of Steel+1","Parasite","Entrench+1","Whirlwind+1","Writhe","Feel No Pain+1"],"special_seed":0,"relics":["Burning Blood","Art of War","Smiling Mask","Sundial","Runic Pyramid","Gambling Chip","Darkstone Periapt","Ornamental Fan","Runic Cube","Mango","PreservedInsect","Red Skull","The Courier","Membership Card","Vajra","Magic Flower","Pear","MawBank","Ice Cream","Thread and Needle","Bronze Scales","Molten Egg 2","Gremlin Horn","StoneCalendar","Oddly Smooth Stone","Blood Vial","Bag of Marbles","Bottled Tornado"],"potions_floor_usage":[55,55],"damage_taken":[{"damage":0.0,"enemies":"Small Slimes","floor":1.0,"turns":3.0},{"damage":0.0,"enemies":"Cultist","floor":3.0,"turns":3.0},{"damage":2.0,"enemies":"2 Louse","floor":5.0,"turns":2.0},{"damage":12.0,"enemies":"Exordium Thugs","floor":7.0,"turns":5.0},{"damage":23.0,"enemies":"Gremlin Nob","floor":8.0,"turns":5.0},{"damage":10.0,"enemies":"Lagavulin","floor":13.0,"turns":5.0},{"damage":0.0,"enemies":"2 Fungi Beasts","floor":14.0,"turns":4.0},{"damage":27.0,"enemies":"Hexaghost","floor":16.0,"turns":7.0},{"damage":0.0,"enemies":"Spheric Guardian","floor":18.0,"turns":4.0},{"damage":18.0,"enemies":"Colosseum Slavers","floor":21.0,"turns":4.0},{"damage":23.0,"enemies":"Colosseum Nobs","floor":21.0,"turns":3.0},{"damage":0.0,"enemies":"3 Byrds","floor":22.0,"turns":3.0},{"damage":0.0,"enemies":"Centurion and Healer","floor":24.0,"turns":3.0},{"damage":0.0,"enemies":"Gremlin Leader","floor":27.0,"turns":3.0},{"damage":7.0,"enemies":"Chosen and Byrds","floor":28.0,"turns":3.0},{"damage":31.0,"enemies":"Slavers","floor":29.0,"turns":5.0},{"damage":0.0,"enemies":"3 Cultists","floor":31.0,"turns":3.0},{"damage":0.0,"enemies":"Collector","floor":33.0,"turns":3.0},{"damage":6.0,"enemies":"Orb Walker","floor":35.0,"turns":3.0},{"damage":10.0,"enemies":"3 Shapes","floor":38.0,"turns":7.0},{"damage":60.0,"enemies":"Reptomancer","floor":40.0,"turns":5.0},{"damage":6.0,"enemies":"Writhing Mass","floor":41.0,"turns":6.0},{"damage":0.0,"enemies":"Giant Head","floor":42.0,"turns":8.0},{"damage":0,"enemies":"Nemesis","floor":46,"turns":8},{"damage":6,"enemies":"Maw","floor":48,"turns":9},{"damage":26,"enemies":"Donu and Deca","floor":50,"turns":14},{"damage":97,"enemies":"Shield and Spear","floor":54,"turns":10},{"damage":64,"enemies":"The Heart","floor":55,"turns":11}],"seed_played":"4091445869747163304","potions_obtained":[{"floor":3.0,"key":"Weak Potion"},{"floor":8.0,"key":"SpeedPotion"},{"floor":28.0,"key":"Strength Potion"},{"floor":42.0,"key":"LiquidBronze"}],"is_trial":false,"path_per_floor":["M","$","M","?","M","R","M","E","T","R","?","R","E","M","R","B",null,"M","?","$","?","M","R","M","R","T","E","M","E","?","M","R","B",null,"M","?","$","M","?","E","M","E","T","R","$","E","?","M","R","B",null,"R","$","E","B",null],"character_chosen":"IRONCLAD","items_purchased":["Flash of Steel","Mango","Membership Card","Vajra","Magic Flower","Pear","MawBank","Ice Cream","Thread and Needle","Bronze Scales","Molten Egg 2","Gremlin Horn","StoneCalendar","Oddly Smooth Stone","Bag of Marbles"],"campfire_rested":0,"item_purchase_floors":[20,37,45,45,45,45,45,45,45,45,45,45,45,45,53],"current_hp_per_floor":[72,72,72,72,72,72,66,49,49,49,49,49,45,51,51,30,62,68,68,68,39,45,45,51,51,51,57,56,31,31,40,40,50,72,76,88,102,106,96,42,52,62,62,62,72,87,129,141,141,139,157,157,157,78,32],"gold":27,"neow_bonus":"REMOVE_TWO","is_prod":false,"is_daily":false,"chose_seed":false,"campfire_upgraded":9,"win_rate":0,"timestamp":1544679465,"path_taken":["M","$","M","?","M","R","?","E","T","R","?","R","E","M","R","BOSS","M","?","$","?","M","R","M","R","T","E","M","E","?","?","R","BOSS","M","?","$","M","?","E","M","E","T","R","$","E","?","M","R","BOSS","R","$","E","BOSS"],"build_version":"2018-12-06","purchased_purges":3,"victory":true,"max_hp_per_floor":[72,72,72,72,72,72,72,72,72,72,72,72,72,72,72,72,72,72,72,72,72,72,72,72,72,72,72,72,72,72,75,75,79,79,83,95,109,117,117,117,127,131,131,131,141,145,151,155,155,163,163,163,163,167,171],"card_choices":[{"not_picked":["Clash","Wild Strike"],"picked":"Rampage","floor":1.0},{"not_picked":["Clothesline","Flame Barrier","Flex"],"picked":"SKIP","floor":3.0},{"not_picked":["Searing Blow","Blood for Blood","Body Slam"],"picked":"SKIP","floor":5.0},{"not_picked":["Corruption","Searing Blow"],"picked":"Shrug It Off","floor":7.0},{"not_picked":["Perfected Strike","Body Slam","Wild Strike"],"picked":"SKIP","floor":8.0},{"not_picked":["Wild Strike","Thunderclap"],"picked":"Power Through","floor":13.0},{"not_picked":["Flex","Warcry","Sword Boomerang"],"picked":"SKIP","floor":14.0},{"not_picked":["Exhume","Demon Form"],"picked":"Barricade","floor":16.0},{"not_picked":["Flex+1","Pommel Strike"],"picked":"Dual Wield","floor":18.0},{"not_picked":["Anger","Armaments","Corruption"],"picked":"SKIP","floor":22.0},{"not_picked":["Perfected Strike+1","Armaments"],"picked":"Second Wind","floor":24.0},{"not_picked":["Clash","Spot Weakness","Armaments"],"picked":"SKIP","floor":27.0},{"not_picked":["Uppercut","Clash","Heavy Blade"],"picked":"SKIP","floor":28.0},{"not_picked":["Sword Boomerang","Intimidate","Rupture"],"picked":"SKIP","floor":29.0},{"not_picked":["Cleave","Body Slam","Headbutt"],"picked":"SKIP","floor":31.0},{"not_picked":["Limit Break","Fiend Fire"],"picked":"Offering","floor":33.0},{"not_picked":["Twin Strike","Flex"],"picked":"Shrug It Off","floor":35.0},{"not_picked":["Uppercut","Flex"],"picked":"Battle Trance+1","floor":38.0},{"not_picked":["Jack Of All Trades","Discovery"],"picked":"Flash of Steel","floor":39.0},{"not_picked":["Evolve","Inflame","Warcry"],"picked":"SKIP","floor":40.0},{"not_picked":["Power Through","Body Slam+1"],"picked":"Entrench+1","floor":41.0},{"not_picked":["Inflame+1","Infernal Blade","Spot Weakness"],"picked":"SKIP","floor":42.0},{"not_picked":["Carnage+1","Rage+1"],"picked":"Whirlwind+1","floor":46},{"not_picked":["Clash+1","Hemokinesis+1","Flex"],"picked":"SKIP","floor":48},{"not_picked":["Cleave+1","Clash+1"],"picked":"Feel No Pain+1","floor":54}],"player_experience":1231907,"relics_obtained":[{"floor":8.0,"key":"Art of War"},{"floor":9.0,"key":"Smiling Mask"},{"floor":13.0,"key":"Sundial"},{"floor":21.0,"key":"Gambling Chip"},{"floor":21.0,"key":"Darkstone Periapt"},{"floor":27.0,"key":"Ornamental Fan"},{"floor":40.0,"key":"PreservedInsect"},{"floor":42.0,"key":"Red Skull"},{"floor":43.0,"key":"The Courier"},{"floor":46,"key":"Blood Vial"},{"floor":54,"key":"Bottled Tornado"}],"event_choices":[{"damage_healed":0.0,"max_hp_gain":0.0,"max_hp_loss":0.0,"gold_gain":0.0,"event_name":"Accursed Blacksmith","player_choice":"Forge","floor":4.0,"gold_loss":0.0,"damage_taken":0.0,"cards_upgraded":["Rampage"]},{"damage_healed":0.0,"max_hp_gain":0.0,"max_hp_loss":0.0,"gold_gain":0.0,"cards_transformed":["Strike_R"],"event_name":"Transmorgrifier","player_choice":"Transformed","floor":11.0,"gold_loss":0.0,"damage_taken":0.0,"cards_obtained":["Corruption"]},{"damage_healed":0.0,"max_hp_gain":0.0,"max_hp_loss":0.0,"gold_gain":0.0,"event_name":"Cursed Tome","player_choice":"Ignored","floor":19.0,"gold_loss":0.0,"damage_taken":0.0},{"damage_healed":0.0,"max_hp_gain":0.0,"max_hp_loss":0.0,"gold_gain":0.0,"event_name":"Colosseum","player_choice":"Fight","floor":21.0,"gold_loss":0.0,"damage_taken":0.0},{"damage_healed":0.0,"max_hp_gain":0.0,"max_hp_loss":0.0,"gold_gain":0.0,"event_name":"Colosseum","player_choice":"Fought Nobs","floor":21.0,"gold_loss":0.0,"damage_taken":0.0},{"damage_healed":0.0,"max_hp_gain":0.0,"max_hp_loss":0.0,"gold_gain":0.0,"event_name":"Match and Keep!","player_choice":"1 cards matched","floor":30.0,"gold_loss":0.0,"damage_taken":0.0,"cards_obtained":["Feed"]},{"damage_healed":0.0,"max_hp_gain":0.0,"max_hp_loss":0.0,"gold_gain":999.0,"event_name":"MindBloom","player_choice":"Gold","floor":36.0,"gold_loss":0.0,"damage_taken":0.0,"cards_obtained":["Normality","Normality"]},{"damage_healed":0.0,"max_hp_gain":0.0,"max_hp_loss":0.0,"gold_gain":0.0,"event_name":"SensoryStone","player_choice":"Memory 3","floor":39.0,"gold_loss":0.0,"damage_taken":10.0},{"damage_healed":36,"gold_gain":0,"player_choice":"Writhe","damage_taken":0,"max_hp_gain":0,"max_hp_loss":0,"event_name":"Winding Halls","floor":47,"gold_loss":0,"cards_obtained":["Writhe"]}],"is_beta":false,"boss_relics":[{"not_picked":["Velvet Choker","White Beast Statue"],"picked":"Runic Pyramid"},{"not_picked":["Tiny House","Astrolabe"],"picked":"Runic Cube"}],"items_purged_floors":[2,20,37],"is_endless":false,"potions_floor_spawned":[3,8,13,21,28,29,31,38,42,46,54],"ascension_level":12}