{"gold_per_floor":[117,136,136,156,136,170,170,204,230,230,246,246,269,25,25,25],"floor_reached":16,"playtime":301,"items_purged":["Strike_G"],"score":220,"play_id":"b3840597-0f82-4316-a2e7-9e7e85b44173","local_time":"20190804013506","is_ascension_mode":true,"campfire_choices":[{"data":"Masterful Stab","floor":7.0,"key":"SMITH"},{"floor":10.0,"key":"REST"},{"data":"Neutralize","floor":12.0,"key":"SMITH"},{"data":"Flechettes","floor":15.0,"key":"SMITH"}],"neow_cost":"TEN_PERCENT_HP_LOSS","seed_source_timestamp":0,"circlet_count":0,"master_deck":["AscendersBane","Strike_G","Strike_G","Defend_G","Defend_G","Defend_G","Defend_G","Defend_G","Survivor","Neutralize+1","Glass Knife","Bane","Endless Agony","Masterful Stab+1","Flechettes+1"],"special_seed":0,"relics":["Ring of the Snake","Golden Idol","Bag of Marbles","Vajra","Oddly Smooth Stone","Happy Flower"],"potions_floor_usage":[16],"damage_taken":[{"damage":2.0,"enemies":"Jaw Worm","floor":1.0,"turns":5.0},{"damage":3.0,"enemies":"Small Slimes","floor":2.0,"turns":4.0},{"damage":0.0,"enemies":"Cultist","floor":4.0,"turns":3.0},{"damage":50.0,"enemies":"Lagavulin","floor":6.0,"turns":6.0},{"damage":14.0,"enemies":"3 Sentries","floor":8.0,"turns":8.0},{"damage":0.0,"enemies":"Large Slime","floor":11.0,"turns":1.0},{"damage":0.0,"enemies":"Blue Slaver","floor":13.0,"turns":1.0},{"damage":20,"enemies":"The Guardian","floor":16,"turns":6}],"seed_played":"7616309419298298711","potions_obtained":[{"floor":1.0,"key":"SteroidPotion"},{"floor":5.0,"key":"Regen Potion"},{"floor":6.0,"key":"PowerPotion"},{"floor":11.0,"key":"Poison Potion"}],"is_trial":false,"path_per_floor":["M","M","?","M","?","E","R","E","T","R","M","R","M","$","R","B"],"character_chosen":"THE_SILENT","items_purchased":["Happy Flower"],"campfire_rested":1,"item_purchase_floors":[14],"current_hp_per_floor":[57,54,54,54,54,16,16,2,2,18,18,18,18,18,18,0],"gold":25,"neow_bonus":"TRANSFORM_TWO_CARDS","is_prod":false,"is_daily":false,"chose_seed":false,"campfire_upgraded":3,"win_rate":0,"timestamp":1564850106,"path_taken":["M","M","?","M","?","E","R","E","T","R","M","R","M","$","R","BOSS"],"build_version":"2019-07-17","purchased_purges":1,"victory":false,"max_hp_per_floor":[60,60,54,54,54,54,54,54,54,54,54,54,54,54,54,54],"card_choices":[{"not_picked":["Endless Agony","Poisoned Stab","Dodge and Roll"],"picked":"SKIP","floor":1.0},{"not_picked":["Setup","Endless Agony","Dagger Throw"],"picked":"SKIP","floor":2.0},{"not_picked":["Setup","Dagger Throw"],"picked":"Endless Agony","floor":2.0},{"not_picked":["Underhanded Strike","All Out Attack"],"picked":"Masterful Stab","floor":4.0},{"not_picked":["Slice","Endless Agony"],"picked":"Flechettes","floor":6.0},{"not_picked":["Bouncing Flask","Cloak And Dagger","Poisoned Stab"],"picked":"SKIP","floor":8.0},{"not_picked":["Deadly Poison","Dagger Throw","Storm of Steel"],"picked":"SKIP","floor":11.0},{"not_picked":["Quick Slash","Backflip","Finisher"],"picked":"SKIP","floor":13.0}],"player_experience":752305,"relics_obtained":[{"floor":6.0,"key":"Bag of Marbles"},{"floor":8.0,"key":"Vajra"},{"floor":9.0,"key":"Oddly Smooth Stone"}],"event_choices":[{"damage_healed":0.0,"max_hp_gain":0.0,"max_hp_loss":6.0,"gold_gain":0.0,"event_name":"Golden Idol","player_choice":"Lose Max HP","floor":3.0,"gold_loss":0.0,"damage_taken":0.0,"relics_obtained":["Golden Idol"]},{"damage_healed":0.0,"max_hp_gain":0.0,"max_hp_loss":0.0,"gold_gain":0.0,"event_name":"The Woman in Blue","player_choice":"Bought 1 Potion","floor":5.0,"gold_loss":0.0,"damage_taken":0.0}],"is_beta":false,"boss_relics":[],"items_purged_floors":[14],"is_endless":false,"potions_floor_spawned":[1,6,11],"killed_by":"The Guardian","ascension_level":20}