{"gold_per_floor":[111,111,186,204,214,214,139,160,160,7,34,34,53,67,67,140,140,140],"floor_reached":18,"playtime":520,"items_purged":["Strike_B"],"score":304,"play_id":"b76ff111-1c1e-4ccd-aa62-51cc807b8518","local_time":"20181012115114","is_ascension_mode":true,"campfire_choices":[{"data":"Zap","floor":6,"key":"SMITH"},{"floor":12,"key":"REST"},{"data":"Consume","floor":15,"key":"SMITH"}],"neow_cost":"NONE","seed_source_timestamp":129764960481215,"circlet_count":0,"master_deck":["Strike_B","Strike_B","Defend_B","Defend_B","Defend_B","Defend_B","Zap+1","Dualcast","AscendersBane","Ball Lightning","Consume+1","Skim","Glacier","Loop","Steam","Streamline","Thunder Strike"],"special_seed":0,"relics":["Cracked Core","NeowsBlessing","Blue Candle","Odd Mushroom","Art of War","Blood Vial","Nuclear Battery"],"potions_floor_usage":[14],"damage_taken":[{"damage":0,"enemies":"Cultist","floor":1,"turns":1},{"damage":0,"enemies":"2 Louse","floor":4,"turns":1},{"damage":0,"enemies":"Small Slimes","floor":5,"turns":1},{"damage":19,"enemies":"The Mushroom Lair","floor":8,"turns":4},{"damage":28,"enemies":"3 Sentries","floor":11,"turns":10},{"damage":6,"enemies":"Looter","floor":13,"turns":3},{"damage":1,"enemies":"Large Slime","floor":14,"turns":7},{"damage":38,"enemies":"Slime Boss","floor":16,"turns":7},{"damage":21,"enemies":"3 Byrds","floor":18,"turns":4}],"seed_played":"-8261055139904745058","potions_obtained":[{"floor":8,"key":"FearPotion"},{"floor":11,"key":"Regen Potion"}],"is_trial":false,"path_per_floor":["M","T","?","M","M","R","?","?","T","$","E","R","M","M","R","B",null],"character_chosen":"DEFECT","items_purchased":["Loop"],"campfire_rested":1,"item_purchase_floors":[10],"current_hp_per_floor":[64,64,53,53,53,53,53,34,34,34,6,27,23,38,38,2,54,35],"gold":140,"neow_bonus":"THREE_ENEMY_KILL","is_prod":false,"is_daily":false,"chose_seed":false,"campfire_upgraded":2,"win_rate":0,"timestamp":1539316274,"path_taken":["M","?","?","?","M","R","?","?","T","?","E","R","M","M","R","BOSS","M"],"build_version":"2018-10-11","purchased_purges":1,"victory":false,"max_hp_per_floor":[71,71,71,71,71,71,71,71,71,71,71,71,71,71,71,71,71,71],"card_choices":[{"not_picked":["Compile Driver","Hologram"],"picked":"Ball Lightning","floor":1},{"not_picked":["Static Discharge","Redo"],"picked":"Consume","floor":4},{"not_picked":["Beam Cell","Compile Driver"],"picked":"Skim","floor":5},{"not_picked":["White Noise","Coolheaded"],"picked":"Glacier","floor":8},{"not_picked":["Storm","Streamline"],"picked":"Steam","floor":11},{"not_picked":["Redo","Sunder","Leap"],"picked":"SKIP","floor":13},{"not_picked":["Redo","Ball Lightning"],"picked":"Streamline","floor":14},{"not_picked":["Buffer","Hyperbeam"],"picked":"Thunder Strike","floor":16}],"player_experience":300354,"relics_obtained":[{"floor":2,"key":"Blue Candle"},{"floor":8,"key":"Odd Mushroom"},{"floor":9,"key":"Art of War"},{"floor":11,"key":"Blood Vial"}],"event_choices":[{"event_name":"World of Goop","player_choice":"Gather Gold","floor":3,"damage_taken":0},{"event_name":"The Cleric","player_choice":"Card Removal","floor":7,"damage_taken":0},{"event_name":"Mushrooms","player_choice":"Fought Mushrooms","floor":8,"damage_taken":0}],"is_beta":false,"boss_relics":[{"not_picked":["White Beast Statue","Fusion Hammer"],"picked":"Nuclear Battery"}],"items_purged_floors":[10],"is_endless":false,"potions_floor_spawned":[8,11,13],"killed_by":"3 Byrds","ascension_level":18}