{"gold_per_floor":[111,123,23,35,35,35,52,79,79,160,191,208,208,208,208,208],"floor_reached":16,"playtime":247,"items_purged":[],"score":220,"play_id":"660d5460-6527-4441-9852-34bd532c2514","local_time":"20190426010104","is_ascension_mode":true,"campfire_choices":[{"data":"Discovery","floor":6,"key":"SMITH"},{"data":"Defragment","floor":13,"key":"SMITH"},{"data":"Darkness","floor":15,"key":"SMITH"}],"neow_cost":"NONE","seed_source_timestamp":45253841265240,"circlet_count":0,"master_deck":["AscendersBane","Strike_B","Strike_B","Strike_B","Defend_B","Defend_B","Defend_B","Defend_B","Zap","Dualcast","Streamline","Discovery+1","Darkness+1","Turbo","Defragment+1","Redo"],"relics":["Cracked Core","NeowsBlessing","Anchor","Matryoshka","Mercury Hourglass","Unceasing Top"],"potions_floor_usage":[11],"damage_taken":[{"damage":0,"enemies":"Cultist","floor":1,"turns":1},{"damage":0,"enemies":"Jaw Worm","floor":2,"turns":1},{"damage":0,"enemies":"2 Louse","floor":4,"turns":1},{"damage":2,"enemies":"2 Fungi Beasts","floor":7,"turns":3},{"damage":31,"enemies":"Gremlin Nob","floor":8,"turns":4},{"damage":13,"enemies":"Lagavulin","floor":11,"turns":6},{"damage":4,"enemies":"Red Slaver","floor":12,"turns":3},{"damage":31,"enemies":"The Guardian","floor":16,"turns":2}],"seed_played":"5523007704943739506","potions_obtained":[{"floor":2,"key":"LiquidBronze"},{"floor":7,"key":"Block Potion"}],"is_trial":false,"path_per_floor":["M","M","$","M","?","R","M","E","T","T","E","M","R","?","R","B"],"character_chosen":"DEFECT","items_purchased":["Discovery"],"campfire_rested":0,"item_purchase_floors":[3],"current_hp_per_floor":[64,64,64,64,64,64,62,31,31,31,18,14,14,14,14,0],"gold":208,"neow_bonus":"THREE_ENEMY_KILL","is_prod":false,"is_daily":false,"chose_seed":false,"campfire_upgraded":3,"win_rate":0,"timestamp":1556211664,"path_taken":["M","M","$","?","?","R","?","E","T","?","E","?","R","?","R","BOSS"],"build_version":"2019-01-23","purchased_purges":0,"victory":false,"max_hp_per_floor":[71,71,71,71,71,71,71,71,71,71,71,71,71,71,71,71],"card_choices":[{"not_picked":["Sweeping Beam","Beam Cell","Aggregate"],"picked":"SKIP","floor":1},{"not_picked":["Rebound","Sweeping Beam"],"picked":"Streamline","floor":2},{"not_picked":["Redo","Force Field","Tempest"],"picked":"SKIP","floor":4},{"not_picked":["Ball Lightning","Capacitor"],"picked":"Darkness","floor":7},{"not_picked":["Leap","Gash"],"picked":"Turbo","floor":8},{"not_picked":["Amplify","Ball Lightning"],"picked":"Defragment","floor":11},{"not_picked":["Stack","Barrage"],"picked":"Redo","floor":12}],"player_experience":4518121,"relics_obtained":[{"floor":8,"key":"Anchor"},{"floor":9,"key":"Matryoshka"},{"floor":10,"key":"Mercury Hourglass"},{"floor":11,"key":"Unceasing Top"}],"event_choices":[{"cards_removed":["Strike_B"],"damage_healed":0,"gold_gain":0,"player_choice":"Offered Basic","damage_taken":0,"max_hp_gain":0,"max_hp_loss":0,"event_name":"Bonfire Elementals","floor":5,"gold_loss":0},{"damage_healed":0,"gold_gain":0,"player_choice":"Ignored","damage_taken":0,"max_hp_gain":0,"max_hp_loss":0,"event_name":"Liars Game","floor":14,"gold_loss":0}],"is_beta":false,"boss_relics":[],"items_purged_floors":[],"is_endless":false,"potions_floor_spawned":[2,7,8],"killed_by":"The Guardian","ascension_level":20}