{"gold_per_floor":[115,115,115,131,145,184,184,223,223,223,238,163,163,5,5,101,101,117,117,42,42,57,57,57],"floor_reached":24,"playtime":761,"items_purged":["Strike_B","Defend_B"],"score":604,"play_id":"ff6ef325-25b5-41df-9f1c-9870912bf550","local_time":"20190314171020","is_ascension_mode":true,"campfire_choices":[{"data":"Consume","floor":7.0,"key":"SMITH"},{"data":"Dualcast","floor":10.0,"key":"SMITH"},{"data":"Zap","floor":13.0,"key":"SMITH"},{"data":"Hologram","floor":15,"key":"SMITH"},{"data":"Fission","floor":23,"key":"SMITH"}],"neow_cost":"CURSE","seed_source_timestamp":32640073632980,"circlet_count":0,"master_deck":["AscendersBane","Defend_B","Defend_B","Zap+1","Dualcast+1","Conserve Battery","Barrage","Consume+1","Cold Snap","Rip and Tear","White Noise","Reboot","Hologram+1","Cold Snap","Fission+1","Redo","Steam"],"special_seed":0,"relics":["Cracked Core","Golden Idol","Blue Candle","Unceasing Top","Ice Cream","Busted Crown"],"potions_floor_usage":[24,24],"damage_taken":[{"damage":11.0,"enemies":"2 Louse","floor":1.0,"turns":2.0},{"damage":0.0,"enemies":"Jaw Worm","floor":4.0,"turns":3.0},{"damage":0.0,"enemies":"Cultist","floor":5.0,"turns":3.0},{"damage":29.0,"enemies":"Gremlin Nob","floor":6.0,"turns":4.0},{"damage":21.0,"enemies":"Lagavulin","floor":8.0,"turns":8.0},{"damage":1.0,"enemies":"Looter","floor":11.0,"turns":5.0},{"damage":1,"enemies":"The Guardian","floor":16,"turns":10},{"damage":8,"enemies":"Shell Parasite","floor":18,"turns":3},{"damage":3,"enemies":"2 Thieves","floor":22,"turns":5},{"damage":40,"enemies":"Slavers","floor":24,"turns":5}],"seed_played":"1689113550575913537","potions_obtained":[{"floor":1.0,"key":"Dexterity Potion"},{"floor":4.0,"key":"SpeedPotion"},{"floor":16,"key":"Dexterity Potion"}],"is_trial":false,"path_per_floor":["M","?","?","M","M","E","R","E","T","R","M","$","R","$","R","B",null,"M","$","?","?","M","R","E"],"character_chosen":"DEFECT","items_purchased":["Cold Snap"],"campfire_rested":0,"item_purchase_floors":[14],"current_hp_per_floor":[53,53,53,53,53,24,24,3,3,3,2,2,2,2,2,1,48,40,40,40,40,37,37,0],"gold":57,"neow_bonus":"TRANSFORM_TWO_CARDS","is_prod":false,"is_daily":false,"chose_seed":false,"campfire_upgraded":5,"win_rate":0,"timestamp":1552554620,"path_taken":["M","?","?","M","M","E","R","E","T","R","M","?","R","$","R","BOSS","M","$","?","?","M","R","E"],"build_version":"2019-01-23","purchased_purges":2,"victory":false,"max_hp_per_floor":[71,71,64,64,64,64,64,64,64,64,64,64,64,64,64,64,64,64,64,64,64,64,64,64],"card_choices":[{"not_picked":["Fusion","Beam Cell"],"picked":"Consume","floor":1.0},{"not_picked":["Go for the Eyes","Sweeping Beam"],"picked":"Cold Snap","floor":4.0},{"not_picked":["Redo","Turbo"],"picked":"Rip and Tear","floor":5.0},{"not_picked":["Storm","Heatsinks"],"picked":"White Noise","floor":6.0},{"not_picked":["Cold Snap","Leap"],"picked":"Reboot","floor":8.0},{"not_picked":["Steam Power","Conserve Battery"],"picked":"Hologram","floor":11.0},{"not_picked":["All For One","Amplify"],"picked":"Fission","floor":16},{"not_picked":[],"picked":"Redo","floor":18},{"not_picked":["Steam"],"picked":"SKIP","floor":22},{"not_picked":[],"picked":"Steam","floor":22}],"player_experience":3591215,"relics_obtained":[{"floor":6.0,"key":"Blue Candle"},{"floor":8.0,"key":"Unceasing Top"},{"floor":9.0,"key":"Ice Cream"}],"event_choices":[{"cards_removed":["Regret"],"damage_healed":0.0,"max_hp_gain":0.0,"max_hp_loss":0.0,"gold_gain":0.0,"event_name":"Living Wall","player_choice":"Forget","floor":2.0,"gold_loss":0.0,"damage_taken":0.0},{"damage_healed":0.0,"max_hp_gain":0.0,"max_hp_loss":7.0,"gold_gain":0.0,"event_name":"Golden Idol","player_choice":"Lose Max HP","floor":3.0,"gold_loss":0.0,"damage_taken":0.0,"relics_obtained":["Golden Idol"]},{"cards_removed":["Defend_B"],"damage_healed":0,"gold_gain":0,"player_choice":"Gave Gold","damage_taken":0,"max_hp_gain":0,"max_hp_loss":0,"event_name":"Beggar","floor":20,"gold_loss":75},{"cards_removed":["Strike_B"],"damage_healed":0,"gold_gain":0,"player_choice":"Purged","damage_taken":0,"max_hp_gain":0,"max_hp_loss":0,"event_name":"Purifier","floor":21,"gold_loss":0}],"is_beta":false,"boss_relics":[{"not_picked":["Fusion Hammer","FrozenCore"],"picked":"Busted Crown"}],"items_purged_floors":[12,14],"is_endless":false,"potions_floor_spawned":[1,4,16,22],"killed_by":"Slavers","ascension_level":20}