{"gold_per_floor":[111,111,121,132,57,70,82,82,105,105,138,138,138,156,156,234,234,215,66,83,101,101,101,101],"floor_reached":24,"playtime":676,"items_purged":[],"score":327,"play_id":"90b2de05-be73-49c8-a06c-83eb1050fe0d","local_time":"20181012125218","is_ascension_mode":true,"campfire_choices":[{"data":"Capacitor","floor":8,"key":"SMITH"},{"data":"Loop","floor":10,"key":"SMITH"},{"data":"Zap","floor":13,"key":"SMITH"},{"data":"Dualcast","floor":15,"key":"SMITH"},{"floor":23,"key":"REST"}],"neow_cost":"CURSE","seed_source_timestamp":9194130338015,"circlet_count":0,"master_deck":["Strike_B+1","Strike_B","Strike_B","Strike_B","Defend_B","Defend_B","Defend_B","Defend_B+1","Zap+1","Dualcast+1","AscendersBane","Clumsy","Core Surge","Loop+1","Auto Shields","Gash","Capacitor+1","Ball Lightning","Gash","Glacier","Echo Form","Hologram+1","Coolheaded"],"relics":["Cracked Core","Orichalcum","Bag of Marbles","Inserter","Bag of Preparation"],"potions_floor_usage":[11,16,20],"damage_taken":[{"damage":1,"enemies":"Small Slimes","floor":1,"turns":5},{"damage":0,"enemies":"Jaw Worm","floor":3,"turns":3},{"damage":7,"enemies":"2 Louse","floor":4,"turns":4},{"damage":10,"enemies":"Looter","floor":6,"turns":4},{"damage":0,"enemies":"2 Fungi Beasts","floor":7,"turns":3},{"damage":20,"enemies":"Gremlin Nob","floor":11,"turns":5},{"damage":0,"enemies":"Large Slime","floor":14,"turns":4},{"damage":3,"enemies":"Hexaghost","floor":16,"turns":9},{"damage":23,"enemies":"2 Thieves","floor":18,"turns":4},{"damage":8,"enemies":"Chosen","floor":20,"turns":4},{"damage":26,"enemies":"Snecko","floor":21,"turns":6},{"damage":24,"enemies":"Centurion and Healer","floor":24,"turns":5}],"seed_played":"-6095101911995595577","potions_obtained":[{"floor":4,"key":"GamblersBrew"},{"floor":6,"key":"LiquidBronze"},{"floor":7,"key":"Energy Potion"},{"floor":11,"key":"Fire Potion"},{"floor":16,"key":"Dexterity Potion"}],"is_trial":false,"path_per_floor":["M","?","M","M","$","M","M","R","T","R","E","$","R","M","R","B",null,"M","$","M","M","?","R"],"character_chosen":"DEFECT","items_purchased":["Capacitor","Bag of Preparation"],"campfire_rested":1,"item_purchase_floors":[5,19],"current_hp_per_floor":[67,52,52,45,45,35,35,35,35,35,15,15,15,15,15,12,59,36,36,28,2,2,24,0],"gold":101,"neow_bonus":"THREE_RARE_CARDS","is_prod":false,"is_daily":false,"chose_seed":false,"campfire_upgraded":4,"win_rate":0,"timestamp":1539319938,"path_taken":["M","?","M","M","$","M","M","R","T","R","E","$","R","M","R","BOSS","M","$","M","M","?","R","M"],"build_version":"2018-10-11","purchased_purges":0,"victory":false,"max_hp_per_floor":[75,75,75,75,75,75,75,75,75,75,75,75,75,75,75,75,75,75,75,75,75,75,75,75],"card_choices":[{"not_picked":["Meteor Strike","Buffer"],"picked":"Core Surge","floor":0},{"not_picked":["Force Field","Stack"],"picked":"Loop","floor":1},{"not_picked":["Tempest","Rebound"],"picked":"Auto Shields","floor":3},{"not_picked":["Barrage","Sweeping Beam"],"picked":"Gash","floor":4},{"not_picked":["Scrape","Force Field"],"picked":"Ball Lightning","floor":6},{"not_picked":["Static Discharge","Hologram"],"picked":"Gash","floor":7},{"not_picked":["Hyperbeam","Aggregate"],"picked":"Glacier","floor":11},{"not_picked":["Stack","Double Energy","Rebound"],"picked":"SKIP","floor":14},{"not_picked":["Core Surge","Seek"],"picked":"Echo Form","floor":16},{"not_picked":["Double Energy","Rebound","Beam Cell"],"picked":"SKIP","floor":18},{"not_picked":["Cold Snap+1","Go for the Eyes"],"picked":"Hologram+1","floor":20},{"not_picked":["Hologram+1","Hello World"],"picked":"Coolheaded","floor":21}],"player_experience":124918,"relics_obtained":[{"floor":9,"key":"Orichalcum"},{"floor":11,"key":"Bag of Marbles"}],"event_choices":[{"event_name":"Shining Light","player_choice":"Entered Light","floor":2,"damage_taken":0},{"event_name":"Vampires","player_choice":"Ignored","floor":22,"damage_taken":0}],"is_beta":false,"boss_relics":[{"not_picked":["Cursed Key","Pandora\u0027s Box"],"picked":"Inserter"}],"items_purged_floors":[],"is_endless":false,"potions_floor_spawned":[4,6,7,11,16],"killed_by":"Centurion and Healer","ascension_level":13}