{"gold_per_floor":[115,134,134,59,78,78,111,111,136,146,146,146,157,169,169,169],"floor_reached":16,"playtime":473,"items_purged":["Strike_B"],"score":204,"play_id":"60c4ecca-1dc5-4599-9a0f-c468c5325fe7","local_time":"20190202212024","is_ascension_mode":true,"campfire_choices":[{"data":"Dualcast","floor":6,"key":"SMITH"},{"data":"Zap","floor":8,"key":"SMITH"},{"data":"Capacitor","floor":11,"key":"SMITH"},{"data":"Recycle","floor":15,"key":"SMITH"}],"neow_cost":"NONE","seed_source_timestamp":2148661313729,"circlet_count":0,"master_deck":["AscendersBane","Strike_B","Strike_B","Defend_B","Defend_B+1","Defend_B","Defend_B","Zap+1","Dualcast+1","Genetic Algorithm","Ball Lightning+1","Self Repair","Capacitor+1","Capacitor","Recycle+1"],"relics":["Cracked Core","Art of War","Question Card"],"potions_floor_usage":[13,16,16],"damage_taken":[{"damage":5,"enemies":"Small Slimes","floor":1,"turns":3},{"damage":0,"enemies":"2 Louse","floor":2,"turns":2},{"damage":0,"enemies":"Cultist","floor":5,"turns":3},{"damage":17,"enemies":"Lagavulin","floor":7,"turns":7},{"damage":11,"enemies":"2 Fungi Beasts","floor":10,"turns":4},{"damage":8,"enemies":"Blue Slaver","floor":13,"turns":3},{"damage":0,"enemies":"Looter","floor":14,"turns":2},{"damage":27,"enemies":"Hexaghost","floor":16,"turns":11}],"seed_played":"6978790066921573400","potions_obtained":[{"floor":1,"key":"Fruit Juice"},{"floor":2,"key":"Block Potion"},{"floor":13,"key":"SkillPotion"}],"is_trial":false,"path_per_floor":["M","M","?","$","M","R","E","R","T","M","R","?","M","M","R","B"],"character_chosen":"DEFECT","items_purchased":[],"campfire_rested":0,"item_purchase_floors":[],"current_hp_per_floor":[59,59,38,38,38,38,28,28,28,24,24,13,17,24,24,0],"gold":169,"neow_bonus":"REMOVE_CARD","is_prod":false,"is_daily":false,"chose_seed":false,"campfire_upgraded":4,"win_rate":0,"timestamp":1549113624,"path_taken":["M","M","?","$","M","R","E","R","T","M","R","?","M","M","R","BOSS"],"build_version":"2019-01-23","purchased_purges":1,"victory":false,"max_hp_per_floor":[71,71,71,71,71,71,71,71,71,71,71,71,76,76,76,76],"card_choices":[{"not_picked":["Fusion","FTL"],"picked":"Genetic Algorithm","floor":1},{"not_picked":["Redo","Leap"],"picked":"Ball Lightning","floor":2},{"not_picked":["Turbo","FTL"],"picked":"Self Repair","floor":5},{"not_picked":["Double Energy","Reprogram"],"picked":"Capacitor","floor":7},{"not_picked":["Leap","Streamline"],"picked":"Capacitor","floor":10},{"not_picked":["Rip and Tear","Blizzard","Beam Cell","Rebound"],"picked":"SKIP","floor":13},{"not_picked":["Rebound","Conserve Battery","BootSequence"],"picked":"Recycle","floor":14}],"player_experience":2464006,"relics_obtained":[{"floor":7,"key":"Art of War"}],"event_choices":[{"damage_healed":0,"gold_gain":0,"player_choice":"Entered Light","damage_taken":21,"max_hp_gain":0,"max_hp_loss":0,"event_name":"Shining Light","floor":3,"gold_loss":0,"cards_upgraded":["Ball Lightning","Defend_B"]},{"damage_healed":0,"gold_gain":0,"player_choice":"Success","damage_taken":11,"relics_obtained":["Question Card"],"max_hp_gain":0,"max_hp_loss":0,"event_name":"Scrap Ooze","floor":12,"gold_loss":0}],"is_beta":false,"boss_relics":[],"items_purged_floors":[4],"is_endless":false,"potions_floor_spawned":[1,2,13],"killed_by":"Hexaghost","ascension_level":20}