{"gold_per_floor":[117,136,147,165,179,179,179,194,194,194,211,161,161,180,180,257,257,276,292,292,217,167,167,199,199,199,228,228,255,255,270,270,341,341,357,84,84,84,97,97,126,138,138,138,138,166,166,63,63,63,63,63,63,13,44,44],"floor_reached":57,"playtime":3989,"items_purged":["Strike_G","Strike_G","Strike_G","Defend_G","Defend_G"],"score":3016,"play_id":"305a3a25-01e6-478c-a490-6b61ce0a41b1","local_time":"20190211165725","is_ascension_mode":true,"campfire_choices":[{"data":"Neutralize","floor":6.0,"key":"SMITH"},{"data":"Cloak And Dagger","floor":10.0,"key":"SMITH"},{"data":"Footwork","floor":13.0,"key":"SMITH"},{"data":"Cloak And Dagger","floor":15.0,"key":"SMITH"},{"data":"Reflex","floor":23.0,"key":"SMITH"},{"floor":25.0,"key":"REST"},{"data":"Tactician","floor":28.0,"key":"SMITH"},{"data":"Tools of the Trade","floor":30.0,"key":"SMITH"},{"data":"Escape Plan","floor":32.0,"key":"SMITH"},{"data":"Master of Strategy","floor":40.0,"key":"SMITH"},{"data":"Tactician","floor":45.0,"key":"SMITH"},{"floor":47.0,"key":"RECALL"},{"data":"Impatience","floor":49.0,"key":"SMITH"},{"data":"Backflip","floor":53.0,"key":"SMITH"}],"neow_cost":"PERCENT_DAMAGE","seed_source_timestamp":12180874925939,"circlet_count":0,"master_deck":["AscendersBane","Defend_G","Survivor","Neutralize+1","Infinite Blades","Footwork+1","Tactician+1","After Image","Escape Plan+1","Cloak And Dagger+1","Reflex+1","Cloak And Dagger+1","Tools of the Trade+1","Acrobatics+1","Well Laid Plans+1","Wraith Form v2+1","Tools of the Trade+1","Tactician+1","Master of Strategy+1","Infinite Blades+1","Envenom+1","Tactician+1","Backflip+1","Impatience+1","Backflip+1"],"special_seed":0,"relics":["Ring of the Snake","Smiling Mask","Shuriken","Sozu","Darkstone Periapt","Frozen Egg 2","Ornamental Fan","StoneCalendar","Coffee Dripper","Membership Card","Lantern","Regal Pillow","Pen Nib"],"potions_floor_usage":[],"damage_taken":[{"damage":0.0,"enemies":"Cultist","floor":1.0,"turns":4.0},{"damage":1.0,"enemies":"Small Slimes","floor":2.0,"turns":5.0},{"damage":0.0,"enemies":"2 Louse","floor":3.0,"turns":5.0},{"damage":0.0,"enemies":"2 Fungi Beasts","floor":4.0,"turns":6.0},{"damage":4.0,"enemies":"Blue Slaver","floor":5.0,"turns":6.0},{"damage":11.0,"enemies":"Large Slime","floor":8.0,"turns":10.0},{"damage":5.0,"enemies":"3 Louse","floor":11.0,"turns":4.0},{"damage":1.0,"enemies":"2 Fungi Beasts","floor":14.0,"turns":4.0},{"damage":20.0,"enemies":"The Guardian","floor":16.0,"turns":11.0},{"damage":0.0,"enemies":"3 Byrds","floor":18.0,"turns":6.0},{"damage":0.0,"enemies":"Spheric Guardian","floor":19.0,"turns":7.0},{"damage":24.0,"enemies":"Colosseum Slavers","floor":20.0,"turns":7.0},{"damage":22.0,"enemies":"Slavers","floor":24.0,"turns":11.0},{"damage":0.0,"enemies":"Gremlin Leader","floor":27.0,"turns":7.0},{"damage":0.0,"enemies":"Book of Stabbing","floor":29.0,"turns":6.0},{"damage":0.0,"enemies":"Shelled Parasite and Fungi","floor":31.0,"turns":4.0},{"damage":0.0,"enemies":"Automaton","floor":33.0,"turns":7.0},{"damage":0.0,"enemies":"3 Darklings","floor":35.0,"turns":4.0},{"damage":8.0,"enemies":"Orb Walker","floor":39.0,"turns":4.0},{"damage":2.0,"enemies":"Nemesis","floor":41.0,"turns":9.0},{"damage":0.0,"enemies":"Transient","floor":42.0,"turns":6.0},{"damage":0.0,"enemies":"Reptomancer","floor":46.0,"turns":5.0},{"damage":29.0,"enemies":"Donu and Deca","floor":50.0,"turns":7.0},{"damage":0.0,"enemies":"Awakened One","floor":51.0,"turns":6.0},{"damage":20.0,"enemies":"Shield and Spear","floor":55.0,"turns":6.0},{"damage":29,"enemies":"The Heart","floor":56,"turns":8}],"seed_played":"1203029367186864178","potions_obtained":[{"floor":3.0,"key":"Explosive Potion"},{"floor":4.0,"key":"GhostInAJar"},{"floor":5.0,"key":"Fire Potion"},{"floor":16.0,"key":"Block Potion"}],"is_trial":false,"path_per_floor":["M","M","M","M","M","R","?","M","T","R","M","$","R","M","R","B",null,"M","M","?","?","$","R","E","R","T","E","R","E","R","M","R","B",null,"M","$","?","?","M","R","E","M","T","?","R","E","R","$","R","B","B",null,"R","$","E","B",null],"character_chosen":"THE_SILENT","items_purchased":["Membership Card","Impatience"],"campfire_rested":1,"item_purchase_floors":[36,48],"current_hp_per_floor":[44,43,43,43,39,39,39,28,28,28,23,23,23,22,22,2,50,50,50,26,26,26,26,4,23,23,23,23,23,23,23,23,23,55,55,55,55,50,42,42,40,40,40,40,40,40,40,40,40,11,11,50,50,50,30,1],"gold":44,"neow_bonus":"REMOVE_TWO","is_prod":false,"is_daily":false,"chose_seed":false,"campfire_upgraded":12,"win_rate":0,"timestamp":1549875445,"path_taken":["M","?","M","M","M","R","?","?","T","R","M","$","R","M","R","BOSS","BOSS","M","M","?","?","$","R","E","R","T","E","R","E","R","M","R","BOSS","M","$","?","?","M","R","E","M","T","?","R","E","R","$","R","BOSS","BOSS","R","$","E","BOSS"],"build_version":"2019-01-23","purchased_purges":5,"victory":true,"max_hp_per_floor":[66,66,66,66,66,66,66,66,66,66,66,66,66,66,66,66,66,66,66,66,66,66,66,66,66,66,66,66,66,66,66,66,66,66,66,66,63,63,63,63,63,63,63,63,63,63,63,63,63,63,63,63,63,63,63,63],"card_choices":[{"not_picked":["Dodge and Roll","Dagger Spray"],"picked":"Infinite Blades","floor":1.0},{"not_picked":["All Out Attack","Underhanded Strike"],"picked":"Footwork","floor":2.0},{"not_picked":["Sucker Punch","Dagger Spray"],"picked":"Tactician","floor":3.0},{"not_picked":["Deadly Poison","Blade Dance"],"picked":"After Image","floor":4.0},{"not_picked":["Poisoned Stab","Prepared"],"picked":"Escape Plan","floor":5.0},{"not_picked":["Sucker Punch","Bane"],"picked":"Cloak And Dagger","floor":8.0},{"not_picked":["Outmaneuver","Blur"],"picked":"Reflex","floor":11.0},{"not_picked":["Doppelganger","Backflip"],"picked":"Cloak And Dagger","floor":14.0},{"not_picked":["Night Terror","Die Die Die"],"picked":"Tools of the Trade","floor":16.0},{"not_picked":["Bane+1","Prepared","Outmaneuver"],"picked":"SKIP","floor":18.0},{"not_picked":["Choke","Poisoned Stab"],"picked":"Acrobatics+1","floor":19.0},{"not_picked":["Deadly Poison+1","Bane","Blade Dance"],"picked":"SKIP","floor":24.0},{"not_picked":["Bane+1","Slice"],"picked":"Well Laid Plans+1","floor":27.0},{"not_picked":["Footwork+1","Deadly Poison"],"picked":"Wraith Form v2+1","floor":29.0},{"not_picked":["Deadly Poison","Flying Knee","Bane"],"picked":"SKIP","floor":31.0},{"not_picked":["Burst","Doppelganger"],"picked":"Tools of the Trade+1","floor":33.0},{"not_picked":["Sucker Punch","Quick Slash+1"],"picked":"Tactician+1","floor":35.0},{"not_picked":["Panacea","Forethought"],"picked":"Master of Strategy","floor":38.0},{"not_picked":["Slice","Endless Agony"],"picked":"Infinite Blades+1","floor":39.0},{"not_picked":["Predator","Prepared"],"picked":"Envenom+1","floor":41.0},{"not_picked":["Eviscerate","Poisoned Stab"],"picked":"Tactician","floor":42.0},{"not_picked":["Dash","Endless Agony"],"picked":"Backflip","floor":46.0},{"not_picked":["Slice+1","PiercingWail+1"],"picked":"Backflip+1","floor":55.0}],"player_experience":2603622,"relics_obtained":[{"floor":9.0,"key":"Shuriken"},{"floor":24.0,"key":"Darkstone Periapt"},{"floor":26.0,"key":"Frozen Egg 2"},{"floor":27.0,"key":"Ornamental Fan"},{"floor":29.0,"key":"StoneCalendar"},{"floor":41.0,"key":"Lantern"},{"floor":46.0,"key":"Regal Pillow"},{"floor":55.0,"key":"Pen Nib"}],"event_choices":[{"damage_healed":0.0,"max_hp_gain":0.0,"max_hp_loss":0.0,"gold_gain":0.0,"event_name":"WeMeetAgain","player_choice":"Gave Potion","floor":7.0,"gold_loss":0.0,"damage_taken":0.0,"relics_obtained":["Smiling Mask"]},{"damage_healed":0.0,"max_hp_gain":0.0,"max_hp_loss":0.0,"gold_gain":0.0,"event_name":"Colosseum","player_choice":"Fight","floor":20.0,"gold_loss":0.0,"damage_taken":0.0},{"damage_healed":0.0,"max_hp_gain":0.0,"max_hp_loss":0.0,"gold_gain":0.0,"event_name":"Colosseum","player_choice":"Fled From Nobs","floor":20.0,"gold_loss":0.0,"damage_taken":0.0},{"cards_removed":["Strike_G"],"damage_healed":0.0,"max_hp_gain":0.0,"max_hp_loss":0.0,"gold_gain":0.0,"event_name":"Beggar","player_choice":"Gave Gold","floor":21.0,"gold_loss":75.0,"damage_taken":0.0},{"damage_healed":0.0,"max_hp_gain":0.0,"max_hp_loss":3.0,"gold_gain":0.0,"event_name":"Winding Halls","player_choice":"Max HP","floor":37.0,"gold_loss":0.0,"damage_taken":0.0},{"damage_healed":0.0,"max_hp_gain":0.0,"max_hp_loss":0.0,"gold_gain":0.0,"event_name":"SensoryStone","player_choice":"Memory 2","floor":38.0,"gold_loss":0.0,"damage_taken":5.0},{"cards_removed":["Defend_G"],"damage_healed":0.0,"max_hp_gain":0.0,"max_hp_loss":0.0,"gold_gain":0.0,"event_name":"Falling","player_choice":"Removed Skill","floor":44.0,"gold_loss":0.0,"damage_taken":0.0}],"is_beta":false,"boss_relics":[{"not_picked":["HoveringKite","Astrolabe"],"picked":"Sozu"},{"not_picked":["Black Star","Ring of the Serpent"],"picked":"Coffee Dripper"}],"items_purged_floors":[12,22,36,48,54],"is_endless":false,"potions_floor_spawned":[3,4,5,16,18,19,27,39,55],"ascension_level":20}