{"gold_per_floor":[209,220,220,232,164,164,239,239,262,262,297,297,316,331,331,432,432,452,466,466],"floor_reached":20,"playtime":458,"items_purged":[],"score":308,"play_id":"2133c710-e156-4571-b83e-b07c714ba90d","local_time":"20181010233151","is_ascension_mode":true,"campfire_choices":[{"data":"Defragment","floor":6,"key":"SMITH"},{"floor":10,"key":"REST"},{"data":"Defragment","floor":12,"key":"SMITH"},{"data":"Creative AI","floor":15,"key":"SMITH"}],"neow_cost":"NONE","seed_source_timestamp":10390098677464,"circlet_count":0,"master_deck":["Strike_B","Strike_B","Defend_B","Defend_B","Defend_B","Zap","Dualcast","AscendersBane","White Noise","Melter","Capacitor+1","Defragment+1","Defragment+1","Creative AI+1","Cold Snap","Echo Form","Barrage+1","Hologram+1","Darkness+1","Coolheaded","Conserve Battery"],"relics":["Cracked Core","Lantern","Mummified Hand","Astrolabe"],"potions_floor_usage":[11,11,20],"damage_taken":[{"damage":4,"enemies":"2 Louse","floor":1,"turns":2},{"damage":7,"enemies":"Jaw Worm","floor":2,"turns":5},{"damage":4,"enemies":"Small Slimes","floor":4,"turns":3},{"damage":0,"enemies":"3 Sentries","floor":11,"turns":4},{"damage":0,"enemies":"Gremlin Gang","floor":13,"turns":1},{"damage":13,"enemies":"Large Slime","floor":14,"turns":3},{"damage":32,"enemies":"Slime Boss","floor":16,"turns":7},{"damage":24,"enemies":"2 Thieves","floor":18,"turns":3},{"damage":12,"enemies":"Chosen","floor":19,"turns":4},{"damage":30,"enemies":"Snake Plant","floor":20,"turns":2}],"seed_played":"2817420677756536809","potions_obtained":[{"floor":1,"key":"FocusPotion"},{"floor":2,"key":"Block Potion"},{"floor":14,"key":"FocusPotion"},{"floor":16,"key":"Strength Potion"}],"is_trial":false,"path_per_floor":["M","M","?","M","$","R","?","?","T","R","E","R","M","M","R","B",null,"M","M"],"character_chosen":"DEFECT","items_purchased":["Defragment"],"campfire_rested":1,"item_purchase_floors":[5],"current_hp_per_floor":[64,57,57,53,53,53,46,46,46,68,68,68,68,55,55,23,62,38,26,0],"gold":466,"neow_bonus":"HUNDRED_GOLD","is_prod":false,"is_daily":false,"chose_seed":false,"campfire_upgraded":3,"win_rate":0,"timestamp":1539185511,"path_taken":["M","M","?","M","$","R","?","?","T","R","E","R","?","?","R","BOSS","M","?","M"],"build_version":"2018-10-04v2","purchased_purges":0,"victory":false,"max_hp_per_floor":[75,75,75,75,75,75,75,75,75,75,75,75,75,75,75,75,75,75,75,75],"card_choices":[{"not_picked":["Tempest","Compile Driver"],"picked":"White Noise","floor":1},{"not_picked":["Chill","Turbo"],"picked":"Melter","floor":2},{"not_picked":["Static Discharge","Gash"],"picked":"Capacitor","floor":4},{"not_picked":["Chill","Doom and Gloom"],"picked":"Defragment","floor":11},{"not_picked":["Go for the Eyes","Storm"],"picked":"Creative AI","floor":13},{"not_picked":["Leap","Redo"],"picked":"Cold Snap","floor":14},{"not_picked":["Hyperbeam","Machine Learning"],"picked":"Echo Form","floor":16},{"not_picked":["Ball Lightning","Stack"],"picked":"Coolheaded","floor":18},{"not_picked":["Rebound","Reprogram+1"],"picked":"Conserve Battery","floor":19}],"player_experience":94827,"relics_obtained":[{"floor":9,"key":"Lantern"},{"floor":11,"key":"Mummified Hand"}],"event_choices":[{"event_name":"Scrap Ooze","player_choice":"unsuccessful","floor":3,"damage_taken":0},{"event_name":"FaceTrader","player_choice":"Touch","floor":7,"damage_taken":0},{"event_name":"Living Wall","player_choice":"Grow","floor":8,"damage_taken":0}],"is_beta":false,"boss_relics":[{"not_picked":["Calling Bell","Lizard Tail"],"picked":"Astrolabe"}],"items_purged_floors":[],"is_endless":false,"potions_floor_spawned":[1,2,4,14,16],"killed_by":"Snake Plant","ascension_level":11}