{"gold_per_floor":[110,128,147,167,177,177,4,4,82,107,117,117,143,194,194,270,270,284,284,284,300,10,10,24,49,76,76,89,89,120,151,151,223,223,234,234,252,132,180,180,49,95,95,95,317,351,123,153,153,153,153,153,153,7,37,37],"floor_reached":57,"playtime":2740,"items_purged":["Strike_B","Defend_B","Strike_B+1"],"score":3408,"play_id":"a9c123fe-bd94-47fd-86c1-d4dbe75c823b","local_time":"20190307203607","is_ascension_mode":true,"campfire_choices":[{"data":"Streamline","floor":6.0,"key":"SMITH"},{"data":"Loop","floor":8.0,"key":"SMITH"},{"data":"Consume","floor":12.0,"key":"SMITH"},{"data":"Hologram","floor":15.0,"key":"SMITH"},{"data":"Biased Cognition","floor":23.0,"key":"SMITH"},{"data":"Dualcast","floor":27.0,"key":"SMITH"},{"data":"Coolheaded","floor":29.0,"key":"SMITH"},{"data":"Ghostly","floor":32.0,"key":"SMITH"},{"data":"Skim","floor":40.0,"key":"SMITH"},{"floor":49.0,"key":"RECALL"},{"data":"All For One","floor":53.0,"key":"SMITH"}],"neow_cost":"NONE","seed_source_timestamp":30912709453968,"circlet_count":0,"master_deck":["AscendersBane","Strike_B+1","Defend_B+1","Defend_B+1","Defend_B+1","Zap+1","Dualcast+1","FTL+1","Streamline+1","Hologram+1","Cold Snap+1","Loop+1","Consume+1","Undo+1","Coolheaded+1","Biased Cognition+1","Skim+1","Ghostly+1","Ghostly+1","Ghostly+1","Double Energy+1","Chill+1","Ball Lightning+1","Turbo+1","Hologram+1","Core Surge+1","Go for the Eyes+1","Blizzard+1","All For One+1","Tempest","Heatsinks+1"],"special_seed":0,"relics":["Cracked Core","NeowsBlessing","Bag of Preparation","Tiny Chest","Shuriken","Pen Nib","Lantern","Coffee Dripper","Enchiridion","Membership Card","Orichalcum","Whetstone","Red Mask","Dream Catcher","Runic Pyramid","Bag of Marbles","WingedGreaves","DataDisk","Strawberry","Question Card","Mark of the Bloom","Centennial Puzzle","Ice Cream","Singing Bowl","ClockworkSouvenir","Symbiotic Virus"],"potions_floor_usage":[56,56],"damage_taken":[{"damage":0.0,"enemies":"Cultist","floor":1.0,"turns":1.0},{"damage":0.0,"enemies":"Jaw Worm","floor":2.0,"turns":1.0},{"damage":0.0,"enemies":"Small Slimes","floor":3.0,"turns":1.0},{"damage":9.0,"enemies":"Looter","floor":4.0,"turns":3.0},{"damage":0.0,"enemies":"Lots of Slimes","floor":5.0,"turns":1.0},{"damage":19.0,"enemies":"3 Sentries","floor":10.0,"turns":6.0},{"damage":2.0,"enemies":"Exordium Wildlife","floor":11.0,"turns":3.0},{"damage":3.0,"enemies":"Gremlin Nob","floor":13.0,"turns":3.0},{"damage":11.0,"enemies":"Hexaghost","floor":16.0,"turns":8.0},{"damage":10.0,"enemies":"3 Byrds","floor":18.0,"turns":4.0},{"damage":0.0,"enemies":"Chosen","floor":21.0,"turns":3.0},{"damage":1.0,"enemies":"Centurion and Healer","floor":24.0,"turns":6.0},{"damage":0.0,"enemies":"Slavers","floor":25.0,"turns":2.0},{"damage":1.0,"enemies":"Shelled Parasite and Fungi","floor":28.0,"turns":2.0},{"damage":0.0,"enemies":"Masked Bandits","floor":30.0,"turns":1.0},{"damage":0.0,"enemies":"Gremlin Leader","floor":31.0,"turns":7.0},{"damage":0.0,"enemies":"Champ","floor":33.0,"turns":11.0},{"damage":0.0,"enemies":"3 Shapes","floor":35.0,"turns":4.0},{"damage":0.0,"enemies":"3 Darklings","floor":37.0,"turns":5.0},{"damage":0.0,"enemies":"2 Orb Walkers","floor":39.0,"turns":5.0},{"damage":0.0,"enemies":"Reptomancer","floor":46.0,"turns":9.0},{"damage":0.0,"enemies":"Giant Head","floor":48.0,"turns":8.0},{"damage":0.0,"enemies":"Donu and Deca","floor":50.0,"turns":8.0},{"damage":0.0,"enemies":"Time Eater","floor":51.0,"turns":7.0},{"damage":0.0,"enemies":"Shield and Spear","floor":55.0,"turns":5.0},{"damage":34,"enemies":"The Heart","floor":56,"turns":10}],"seed_played":"-5069577180918744409","potions_obtained":[{"floor":1.0,"key":"Explosive Potion"},{"floor":3.0,"key":"AttackPotion"},{"floor":10.0,"key":"GamblersBrew"},{"floor":16.0,"key":"EntropicBrew"},{"floor":21.0,"key":"AttackPotion"},{"floor":28.0,"key":"AttackPotion"},{"floor":33.0,"key":"Poison Potion"},{"floor":35.0,"key":"AttackPotion"},{"floor":37.0,"key":"SkillPotion"}],"is_trial":false,"path_per_floor":["M","M","M","M","M","R","$","R","T","E","M","R","E","T","R","B",null,"M","?","?","M","$","R","M","E","T","R","M","R","?","E","R","B",null,"M","?","M","$","?","R","$","T","T","?","?","E","$","E","R","B","B",null,"R","$","E","B",null],"character_chosen":"DEFECT","items_purchased":["Bag of Preparation","Membership Card","Orichalcum","Bag of Marbles","DataDisk","Ice Cream","Tempest","ClockworkSouvenir"],"campfire_rested":0,"item_purchase_floors":[7,22,22,38,41,47,54,54],"current_hp_per_floor":[64,64,64,55,55,55,55,55,55,36,34,34,31,31,31,20,58,48,27,27,27,27,27,26,26,26,26,25,25,25,25,25,25,33,33,33,33,33,33,33,33,40,40,40,40,40,40,40,40,40,40,40,40,40,40,6],"gold":37,"neow_bonus":"THREE_ENEMY_KILL","is_prod":false,"is_daily":false,"chose_seed":false,"campfire_upgraded":10,"win_rate":0,"timestamp":1551962167,"path_taken":["M","M","M","M","M","R","$","R","T","E","M","R","E","?","R","BOSS","M","?","?","M","$","R","M","E","T","R","M","R","?","E","R","BOSS","M","?","?","$","?","R","?","?","T","?","?","E","$","E","R","BOSS","BOSS","R","$","E","BOSS"],"build_version":"2019-01-23","purchased_purges":3,"victory":true,"max_hp_per_floor":[71,71,71,71,71,71,71,71,71,71,71,71,71,71,71,71,71,71,71,35,35,35,35,35,35,35,35,35,35,35,35,35,35,35,35,35,35,35,35,35,35,42,42,42,42,42,42,44,44,44,44,44,44,44,44,44],"card_choices":[{"not_picked":["Melter","Rebound"],"picked":"FTL","floor":1.0},{"not_picked":["Conserve Battery","Force Field"],"picked":"Streamline","floor":2.0},{"not_picked":["Blizzard","Redo"],"picked":"Hologram","floor":3.0},{"not_picked":["Steam","Stack"],"picked":"Cold Snap","floor":4.0},{"not_picked":["Blizzard","Rebound"],"picked":"Loop","floor":5.0},{"not_picked":["Hello World","Thunder Strike"],"picked":"Consume","floor":10.0},{"not_picked":["Stack","Coolheaded"],"picked":"Undo","floor":11.0},{"not_picked":["Conserve Battery","Melter"],"picked":"Coolheaded","floor":13.0},{"not_picked":["Meteor Strike","Amplify"],"picked":"Biased Cognition","floor":16.0},{"not_picked":["Hologram","Rip and Tear"],"picked":"Skim","floor":18.0},{"not_picked":["Tempest","Go for the Eyes+1"],"picked":"Double Energy","floor":21.0},{"not_picked":["Reprogram","Cold Snap","Static Discharge"],"picked":"SKIP","floor":24.0},{"not_picked":["Static Discharge","Ball Lightning+1"],"picked":"Chill","floor":25.0},{"not_picked":["Ball Lightning","Streamline","Beam Cell"],"picked":"SKIP","floor":28.0},{"not_picked":["Streamline","Beam Cell"],"picked":"Ball Lightning","floor":28.0},{"not_picked":["FTL","Chaos"],"picked":"Turbo+1","floor":30.0},{"not_picked":["Compile Driver","Ball Lightning"],"picked":"Hologram","floor":31.0},{"not_picked":["Amplify","Echo Form"],"picked":"Core Surge","floor":33.0},{"not_picked":["Coolheaded","Ball Lightning"],"picked":"Go for the Eyes+1","floor":35.0},{"not_picked":["Conserve Battery","Beam Cell","Auto Shields"],"picked":"SKIP","floor":37.0},{"not_picked":["Auto Shields","Compile Driver"],"picked":"Blizzard","floor":39.0},{"not_picked":["Coolheaded+1","Compile Driver","Double Energy+1"],"picked":"All For One","floor":46.0},{"not_picked":["Beam Cell","Go for the Eyes","Leap+1","Undo"],"picked":"Singing Bowl","floor":48.0},{"not_picked":["Ball Lightning+1","Core Surge","Genetic Algorithm"],"picked":"Heatsinks+1","floor":55.0}],"player_experience":3387769,"relics_obtained":[{"floor":9.0,"key":"Tiny Chest"},{"floor":10.0,"key":"Shuriken"},{"floor":13.0,"key":"Pen Nib"},{"floor":14.0,"key":"Lantern"},{"floor":19.0,"key":"Enchiridion"},{"floor":25.0,"key":"Whetstone"},{"floor":30.0,"key":"Red Mask"},{"floor":31.0,"key":"Dream Catcher"},{"floor":39.0,"key":"WingedGreaves"},{"floor":42.0,"key":"Strawberry"},{"floor":43.0,"key":"Question Card"},{"floor":46.0,"key":"Centennial Puzzle"},{"floor":48.0,"key":"Singing Bowl"},{"floor":55.0,"key":"Symbiotic Virus"}],"event_choices":[{"damage_healed":0.0,"max_hp_gain":0.0,"max_hp_loss":0.0,"gold_gain":0.0,"event_name":"Cursed Tome","player_choice":"Obtained Book","floor":19.0,"gold_loss":0.0,"damage_taken":21.0},{"damage_healed":0.0,"max_hp_gain":0.0,"max_hp_loss":36.0,"gold_gain":0.0,"event_name":"Ghosts","player_choice":"Became a Ghost","floor":20.0,"gold_loss":0.0,"damage_taken":0.0,"cards_obtained":["Ghostly","Ghostly","Ghostly"]},{"damage_healed":0.0,"max_hp_gain":0.0,"max_hp_loss":0.0,"gold_gain":0.0,"event_name":"Masked Bandits","player_choice":"Fought Bandits","floor":30.0,"gold_loss":0.0,"damage_taken":0.0},{"cards_removed":["Strike_B"],"damage_healed":0.0,"max_hp_gain":0.0,"max_hp_loss":0.0,"gold_gain":0.0,"event_name":"Bonfire Elementals","player_choice":"Offered Basic","floor":36.0,"gold_loss":0.0,"damage_taken":0.0},{"damage_healed":0.0,"max_hp_gain":0.0,"max_hp_loss":0.0,"gold_gain":0.0,"event_name":"Mysterious Sphere","player_choice":"Fight","floor":39.0,"gold_loss":0.0,"damage_taken":0.0},{"damage_healed":0.0,"max_hp_gain":0.0,"max_hp_loss":0.0,"gold_gain":0.0,"event_name":"MindBloom","player_choice":"Upgrade","floor":44.0,"gold_loss":0.0,"damage_taken":0.0,"cards_upgraded":["Defend_B","Defend_B","Defend_B","Zap","FTL","Cold Snap","Undo","Ghostly","Ghostly","Double Energy","Chill","Ball Lightning","Hologram","Core Surge","Blizzard"],"relics_obtained":["Mark of the Bloom"]},{"damage_healed":0.0,"max_hp_gain":0.0,"max_hp_loss":0.0,"gold_gain":222.0,"event_name":"Tomb of Lord Red Mask","player_choice":"Wore Mask","floor":45.0,"gold_loss":0.0,"damage_taken":0.0}],"is_beta":false,"boss_relics":[{"not_picked":["Pandora\u0027s Box","Velvet Choker"],"picked":"Coffee Dripper"},{"not_picked":["Empty Cage","Philosopher\u0027s Stone"],"picked":"Runic Pyramid"}],"items_purged_floors":[38,41,47],"is_endless":false,"potions_floor_spawned":[1,3,10,16,21,28,31,33,35,37],"ascension_level":20}