{"gold_per_floor":[19,31,50,62,72,72,107,121,146,146,146,146,161,178,178,178],"floor_reached":16,"playtime":400,"items_purged":[],"score":212,"play_id":"5021dd29-7a8a-4ac3-9526-dd2f267d3e01","local_time":"20190101160215","is_ascension_mode":true,"campfire_choices":[{"data":"Predator","floor":6.0,"key":"SMITH"},{"data":"Deadly Poison","floor":10,"key":"SMITH"},{"data":"Bouncing Flask","floor":15,"key":"SMITH"}],"neow_cost":"NO_GOLD","seed_source_timestamp":15370794603772,"circlet_count":0,"master_deck":["AscendersBane","Defend_G","Defend_G","Defend_G","Defend_G","Strike_G","Strike_G","Strike_G","Strike_G","Survivor","Neutralize","Predator+1","Deadly Poison+1","Pain","Bouncing Flask+1"],"special_seed":0,"relics":["Ring of the Snake","Mummified Hand","Bronze Scales","Bag of Marbles","WarpedTongs"],"potions_floor_usage":[7,7,14],"damage_taken":[{"damage":8.0,"enemies":"Jaw Worm","floor":1.0,"turns":7.0},{"damage":4.0,"enemies":"Small Slimes","floor":2.0,"turns":4.0},{"damage":0.0,"enemies":"Cultist","floor":3.0,"turns":4.0},{"damage":2.0,"enemies":"3 Louse","floor":4.0,"turns":3.0},{"damage":7.0,"enemies":"2 Fungi Beasts","floor":5.0,"turns":4.0},{"damage":2,"enemies":"Lagavulin","floor":7,"turns":4},{"damage":3,"enemies":"Looter","floor":8,"turns":3},{"damage":11,"enemies":"Large Slime","floor":13,"turns":2},{"damage":4,"enemies":"Lots of Slimes","floor":14,"turns":3},{"damage":38,"enemies":"Slime Boss","floor":16,"turns":3}],"seed_played":"-196286402435680232","potions_obtained":[{"floor":4.0,"key":"AttackPotion"},{"floor":5.0,"key":"FearPotion"},{"floor":7,"key":"AttackPotion"},{"floor":13,"key":"SteroidPotion"}],"is_trial":false,"path_per_floor":["M","M","M","M","M","R","E","M","T","R","?","?","M","M","R","B"],"character_chosen":"THE_SILENT","items_purchased":[],"campfire_rested":0,"item_purchase_floors":[],"current_hp_per_floor":[51,47,47,45,38,38,36,33,33,33,22,22,11,7,7,0],"gold":178,"neow_bonus":"REMOVE_TWO","is_prod":false,"is_daily":false,"chose_seed":false,"campfire_upgraded":3,"win_rate":0,"timestamp":1546329735,"path_taken":["M","M","M","M","M","R","E","M","T","R","?","?","?","M","R","BOSS"],"build_version":"2018-12-20","purchased_purges":0,"victory":false,"max_hp_per_floor":[66,66,66,66,66,66,66,66,66,66,66,66,66,66,66,66],"card_choices":[{"not_picked":["Dodge and Roll","PiercingWail","Prepared"],"picked":"SKIP","floor":1.0},{"not_picked":["Bane","Poisoned Stab"],"picked":"Predator","floor":2.0},{"not_picked":["Bane","Blade Dance","Terror"],"picked":"SKIP","floor":3.0},{"not_picked":["Setup","Backflip","Dodge and Roll"],"picked":"SKIP","floor":4.0},{"not_picked":["Dodge and Roll","Dagger Spray","Backflip"],"picked":"SKIP","floor":5.0},{"not_picked":["PiercingWail","Outmaneuver","Quick Slash"],"picked":"SKIP","floor":7},{"not_picked":["Predator","Blur"],"picked":"Deadly Poison","floor":8},{"not_picked":["Poisoned Stab","Slice","Dagger Throw"],"picked":"SKIP","floor":13},{"not_picked":["Dagger Throw","Concentrate"],"picked":"Bouncing Flask","floor":14}],"player_experience":1643577,"relics_obtained":[{"floor":7,"key":"Mummified Hand"},{"floor":9,"key":"Bronze Scales"}],"event_choices":[{"damage_healed":0,"gold_gain":0,"player_choice":"Success","damage_taken":11,"relics_obtained":["Bag of Marbles"],"max_hp_gain":0,"max_hp_loss":0,"event_name":"Scrap Ooze","floor":11,"gold_loss":0},{"damage_healed":0,"gold_gain":0,"player_choice":"Rummage","damage_taken":0,"relics_obtained":["WarpedTongs"],"max_hp_gain":0,"max_hp_loss":0,"event_name":"Accursed Blacksmith","floor":12,"gold_loss":0,"cards_obtained":["Pain"]}],"is_beta":false,"boss_relics":[],"items_purged_floors":[],"is_endless":false,"potions_floor_spawned":[4,5,7,13],"killed_by":"Slime Boss","ascension_level":20}