{"gold_per_floor":[111,123,48,48,48,48,48,105,130,130,130,141,141,159,159,159],"floor_reached":16,"playtime":366,"items_purged":["Strike_G"],"score":196,"play_id":"ea416ac0-ed3d-4b03-8889-79d4d6ed46a2","local_time":"20190103123727","is_ascension_mode":true,"campfire_choices":[{"data":"Endless Agony","floor":6,"key":"SMITH"},{"data":"Neutralize","floor":10,"key":"SMITH"},{"data":"Acrobatics","floor":13,"key":"SMITH"},{"data":"Calculated Gamble","floor":15,"key":"SMITH"}],"neow_cost":"TEN_PERCENT_HP_LOSS","seed_source_timestamp":2234113058023,"circlet_count":0,"master_deck":["AscendersBane","Defend_G","Defend_G","Defend_G","Strike_G","Strike_G","Survivor","Neutralize+1","Endless Agony+1","Acrobatics+1","Malaise","Escape Plan","Calculated Gamble+1"],"relics":["Ring of the Snake","Tiny Chest","Vajra"],"potions_floor_usage":[8],"damage_taken":[{"damage":4,"enemies":"Small Slimes","floor":1,"turns":4},{"damage":0,"enemies":"Cultist","floor":2,"turns":4},{"damage":39,"enemies":"3 Sentries","floor":8,"turns":15},{"damage":0,"enemies":"2 Louse","floor":12,"turns":3},{"damage":0,"enemies":"Looter","floor":14,"turns":3},{"damage":0,"enemies":"Hexaghost","floor":16,"turns":3}],"seed_played":"6706600344149554060","potions_obtained":[{"floor":2,"key":"SteroidPotion"},{"floor":12,"key":"AttackPotion"},{"floor":14,"key":"Weak Potion"}],"is_trial":false,"path_per_floor":["M","M","$","?","$","R","?","E","T","R","?","M","R","M","R","B"],"character_chosen":"THE_SILENT","items_purchased":[],"campfire_rested":0,"item_purchase_floors":[],"current_hp_per_floor":[55,55,55,55,55,55,60,21,21,21,14,14,14,14,14,14],"gold":159,"neow_bonus":"REMOVE_TWO","is_prod":false,"is_daily":false,"chose_seed":false,"campfire_upgraded":4,"win_rate":0,"timestamp":1546490247,"path_taken":["M","M","$","?","?","R","?","E","T","R","?","M","R","M","R","BOSS"],"build_version":"2018-12-20","purchased_purges":1,"victory":false,"max_hp_per_floor":[60,60,60,60,60,60,65,65,65,65,65,65,65,65,65,65],"card_choices":[{"not_picked":["Quick Slash","Acrobatics"],"picked":"Endless Agony","floor":1},{"not_picked":["Distraction","Sucker Punch"],"picked":"Acrobatics","floor":2},{"not_picked":["Poisoned Stab","Cloak And Dagger"],"picked":"Escape Plan","floor":8},{"not_picked":["Accuracy","Sucker Punch","Blade Dance"],"picked":"SKIP","floor":12},{"not_picked":["Quick Slash","Flying Knee"],"picked":"Calculated Gamble","floor":14}],"player_experience":1684872,"relics_obtained":[{"floor":8,"key":"Tiny Chest"},{"floor":9,"key":"Vajra"}],"event_choices":[{"damage_healed":0,"gold_gain":0,"cards_transformed":["Defend_G"],"player_choice":"Transformed","damage_taken":0,"max_hp_gain":0,"max_hp_loss":0,"event_name":"Transmorgrifier","floor":4,"gold_loss":0,"cards_obtained":["Malaise"]},{"damage_healed":0,"gold_gain":0,"player_choice":"Donut","damage_taken":0,"max_hp_gain":5,"max_hp_loss":0,"event_name":"Big Fish","floor":7,"gold_loss":0},{"cards_removed":["Strike_G"],"damage_healed":0,"gold_gain":0,"player_choice":"Card Removal","damage_taken":7,"max_hp_gain":0,"max_hp_loss":0,"event_name":"Golden Wing","floor":11,"gold_loss":0}],"is_beta":false,"boss_relics":[],"items_purged_floors":[3],"is_endless":false,"potions_floor_spawned":[2,12,14],"killed_by":"Hexaghost","ascension_level":20}