{"gold_per_floor":[119,194,208,218,236,236,236,236,236,250,284,284,314,364,364,436,436,453,433,192,203,220,220,240,256,256,271,271,271],"floor_reached":29,"playtime":1004,"items_purged":["Strike_B"],"score":549,"play_id":"68af1866-a9d3-444a-a78d-3b66b780a5ae","local_time":"20190121205759","is_ascension_mode":true,"campfire_choices":[{"data":"Biased Cognition","floor":6.0,"key":"SMITH"},{"data":"Dualcast","floor":8.0,"key":"SMITH"},{"data":"Defragment","floor":12,"key":"SMITH"},{"data":"Zap","floor":15,"key":"SMITH"},{"data":"Fission","floor":23,"key":"SMITH"},{"floor":28,"key":"REST"}],"neow_cost":"TEN_PERCENT_HP_LOSS","seed_source_timestamp":35686872071205,"circlet_count":0,"master_deck":["AscendersBane","Strike_B","Strike_B","Defend_B","Defend_B","Defend_B","Defend_B","Zap+1","Dualcast+1","Biased Cognition+1","FTL","Chill","Genetic Algorithm","FTL","Defragment+1","Rip and Tear","FTL","Fission+1","Glacier","FTL","Recycle","Undo","Recycle+1"],"special_seed":0,"relics":["Cracked Core","Happy Flower","Matryoshka","Regal Pillow","Bottled Tornado","Orichalcum","Runic Dome","Juzu Bracelet","Art of War"],"potions_floor_usage":[16,18,25,27,29],"damage_taken":[{"damage":4.0,"enemies":"Jaw Worm","floor":1.0,"turns":4.0},{"damage":3.0,"enemies":"2 Louse","floor":3.0,"turns":3.0},{"damage":0.0,"enemies":"Cultist","floor":4.0,"turns":2.0},{"damage":0.0,"enemies":"2 Fungi Beasts","floor":5.0,"turns":2.0},{"damage":1.0,"enemies":"Lots of Slimes","floor":10.0,"turns":5.0},{"damage":4,"enemies":"Lagavulin","floor":11,"turns":7},{"damage":0,"enemies":"3 Sentries","floor":13,"turns":9},{"damage":18,"enemies":"Hexaghost","floor":16,"turns":8},{"damage":7,"enemies":"2 Thieves","floor":18,"turns":4},{"damage":0,"enemies":"Chosen","floor":21,"turns":5},{"damage":5,"enemies":"Sentry and Sphere","floor":22,"turns":6},{"damage":4,"enemies":"Snecko","floor":24,"turns":6},{"damage":8,"enemies":"Centurion and Healer","floor":25,"turns":8},{"damage":18,"enemies":"Cultist and Chosen","floor":27,"turns":8},{"damage":34,"enemies":"Slavers","floor":29,"turns":6}],"seed_played":"-4494498038495528879","potions_obtained":[{"floor":1.0,"key":"Poison Potion"},{"floor":3.0,"key":"Swift Potion"},{"floor":18,"key":"Weak Potion"},{"floor":19,"key":"Poison Potion"},{"floor":25,"key":"Swift Potion"}],"is_trial":false,"path_per_floor":["M","?","M","M","M","R","?","R","T","M","E","R","E","T","R","B",null,"M","?","$","M","M","R","M","M","T","M","R","E"],"character_chosen":"DEFECT","items_purchased":["Glacier","FTL"],"campfire_rested":1,"item_purchase_floors":[20,20],"current_hp_per_floor":[60,49,46,46,46,46,39,39,39,38,34,34,34,34,34,16,52,45,45,45,45,40,40,36,28,28,10,44,10],"gold":271,"neow_bonus":"THREE_RARE_CARDS","is_prod":false,"is_daily":false,"chose_seed":false,"campfire_upgraded":5,"win_rate":0,"timestamp":1548075479,"path_taken":["M","?","M","M","M","R","?","R","T","M","E","R","E","?","R","BOSS","M","?","$","?","M","R","M","M","T","M","R","E"],"build_version":"2019-01-17v2","purchased_purges":1,"victory":false,"max_hp_per_floor":[64,64,64,64,64,64,64,64,64,64,64,64,64,64,64,64,64,64,64,64,64,64,64,64,64,64,64,64,64],"card_choices":[{"not_picked":["Echo Form","Thunder Strike"],"picked":"Biased Cognition","floor":0.0},{"not_picked":["Aggregate","Skim"],"picked":"FTL","floor":1.0},{"not_picked":["Leap","Ball Lightning"],"picked":"Chill","floor":3.0},{"not_picked":["Conserve Battery","Sweeping Beam"],"picked":"Genetic Algorithm","floor":4.0},{"not_picked":["Reprogram","Gash"],"picked":"FTL","floor":5.0},{"not_picked":["Streamline","Storm"],"picked":"Defragment","floor":10.0},{"not_picked":["Doom and Gloom","BootSequence"],"picked":"Rip and Tear","floor":11},{"not_picked":["Hologram","Go for the Eyes"],"picked":"FTL","floor":13},{"not_picked":["Echo Form","Hyperbeam"],"picked":"Fission","floor":16},{"not_picked":["Conserve Battery","Aggregate+1","Streamline"],"picked":"SKIP","floor":18},{"not_picked":["Storm","Doom and Gloom"],"picked":"Recycle","floor":21},{"not_picked":["Static Discharge","Aggregate"],"picked":"Undo","floor":22},{"not_picked":["Steam","Barrage+1","Rip and Tear"],"picked":"SKIP","floor":24},{"not_picked":["Barrage","Ball Lightning"],"picked":"Recycle+1","floor":25},{"not_picked":["Stack","Doom and Gloom","Conserve Battery"],"picked":"SKIP","floor":27}],"player_experience":2113501,"relics_obtained":[{"floor":9.0,"key":"Happy Flower"},{"floor":11,"key":"Matryoshka"},{"floor":13,"key":"Regal Pillow"},{"floor":14,"key":"Bottled Tornado"},{"floor":14,"key":"Orichalcum"},{"floor":26,"key":"Juzu Bracelet"},{"floor":26,"key":"Art of War"}],"event_choices":[{"damage_healed":0.0,"max_hp_gain":0.0,"max_hp_loss":0.0,"gold_gain":75.0,"event_name":"World of Goop","player_choice":"Gather Gold","floor":2.0,"gold_loss":0.0,"damage_taken":11.0},{"cards_removed":["Strike_B"],"damage_healed":0.0,"max_hp_gain":0.0,"max_hp_loss":0.0,"gold_gain":0.0,"event_name":"Golden Wing","player_choice":"Card Removal","floor":7.0,"gold_loss":0.0,"damage_taken":7.0},{"damage_healed":0,"gold_gain":0,"player_choice":"Bought 1 Potion","damage_taken":0,"max_hp_gain":0,"max_hp_loss":0,"event_name":"The Woman in Blue","floor":19,"gold_loss":0}],"is_beta":false,"boss_relics":[{"not_picked":["Ectoplasm","Philosopher\u0027s Stone"],"picked":"Runic Dome"}],"items_purged_floors":[20],"is_endless":false,"potions_floor_spawned":[1,3,11,13,18,24,25],"killed_by":"Slavers","ascension_level":20}