{"gold_per_floor":[369,38,38,38,38,38,95,95,95,172,241,68,110,169,169,295,295,363,363,363,408,471,523,523,567,621,677,190,190,190,190,190,262,262,273,123,123,211,211,261,261,293,348,348,173,193,193,253,253,253],"floor_reached":50,"playtime":1873,"items_purged":["Strike_G","Strike_G","Strike_G","Dash","Defend_G"],"score":1122,"play_id":"f2c5671b-4c9e-4172-afaa-250df6c88408","local_time":"20190219203331","is_ascension_mode":true,"campfire_choices":[{"data":"HandOfGreed","floor":6.0,"key":"SMITH"},{"data":"Neutralize","floor":8.0,"key":"SMITH"},{"floor":15.0,"key":"REST"},{"floor":24.0,"key":"REST"},{"data":"Concentrate","floor":32.0,"key":"SMITH"},{"data":"Terror","floor":41.0,"key":"SMITH"},{"data":"Burst","floor":44,"key":"SMITH"},{"data":"Adrenaline","floor":47,"key":"SMITH"},{"floor":49,"key":"RECALL"}],"neow_cost":"PERCENT_DAMAGE","seed_source_timestamp":173620865440319,"circlet_count":0,"master_deck":["AscendersBane","Defend_G","Defend_G","Survivor","Neutralize+1","Noxious Fumes","HandOfGreed+1","Outmaneuver","Terror+1","Adrenaline+1","Backflip","Catalyst","Expertise","Acrobatics","Skewer","Footwork","Corpse Explosion","Concentrate+1","Burst+1"],"special_seed":0,"relics":["Ring of the Snake","Gambling Chip","Ice Cream","Sundial","Art of War","Letter Opener","Sozu","Happy Flower","Lantern","Bottled Tornado","Nunchaku","Runic Pyramid","Mummified Hand","Snake Skull"],"potions_floor_usage":[],"damage_taken":[{"damage":0.0,"enemies":"2 Louse","floor":1.0,"turns":5.0},{"damage":11.0,"enemies":"Gremlin Nob","floor":7.0,"turns":4.0},{"damage":22.0,"enemies":"3 Sentries","floor":10.0,"turns":9.0},{"damage":0.0,"enemies":"Small Slimes","floor":11.0,"turns":3.0},{"damage":0.0,"enemies":"Cultist","floor":13.0,"turns":4.0},{"damage":8.0,"enemies":"Lagavulin","floor":14.0,"turns":5.0},{"damage":0.0,"enemies":"Slime Boss","floor":16.0,"turns":10.0},{"damage":1.0,"enemies":"2 Thieves","floor":18.0,"turns":4.0},{"damage":2.0,"enemies":"Chosen","floor":21.0,"turns":3.0},{"damage":7.0,"enemies":"Shelled Parasite and Fungi","floor":22.0,"turns":8.0},{"damage":24.0,"enemies":"Book of Stabbing","floor":23.0,"turns":6.0},{"damage":0.0,"enemies":"Cultist and Chosen","floor":25.0,"turns":6.0},{"damage":10.0,"enemies":"Gremlin Leader","floor":27.0,"turns":7.0},{"damage":12.0,"enemies":"Collector","floor":33.0,"turns":7.0},{"damage":2.0,"enemies":"3 Darklings","floor":35.0,"turns":2.0},{"damage":7.0,"enemies":"3 Shapes","floor":38.0,"turns":4.0},{"damage":8.0,"enemies":"Reptomancer","floor":40.0,"turns":5.0},{"damage":0.0,"enemies":"Giant Head","floor":42.0,"turns":5.0},{"damage":2,"enemies":"3 Darklings","floor":46,"turns":2},{"damage":1,"enemies":"Sphere and 2 Shapes","floor":48,"turns":4},{"damage":41,"enemies":"Time Eater","floor":50,"turns":7}],"seed_played":"-2236397235465099529","potions_obtained":[{"floor":10.0,"key":"Dexterity Potion"},{"floor":14.0,"key":"PowerPotion"},{"floor":16.0,"key":"AttackPotion"}],"is_trial":false,"path_per_floor":["M","$","?","?","?","R","E","R","T","E","M","$","M","E","R","B",null,"M","?","?","M","M","E","R","M","T","E","$","?","?","?","R","B",null,"M","$","?","M","T","E","R","E","T","R","$","M","R","M","R","B"],"character_chosen":"THE_SILENT","items_purchased":["Noxious Fumes","HandOfGreed","Terror","Skewer","Nunchaku"],"campfire_rested":2,"item_purchase_floors":[2,2,12,28,28],"current_hp_per_floor":[44,44,44,39,44,44,33,33,33,11,11,11,11,3,24,24,59,58,58,58,56,49,25,46,46,46,36,36,36,36,36,36,24,59,57,57,57,50,50,42,42,42,42,42,42,40,40,39,39,0],"gold":253,"neow_bonus":"TWO_FIFTY_GOLD","is_prod":false,"is_daily":false,"chose_seed":false,"campfire_upgraded":6,"win_rate":0,"timestamp":1550579611,"path_taken":["M","$","?","?","?","R","E","R","T","E","M","$","M","E","R","BOSS","M","?","?","M","?","E","R","M","T","E","$","?","?","?","R","BOSS","M","$","?","M","?","E","R","E","T","R","$","?","R","M","R","BOSS"],"build_version":"2019-01-23","purchased_purges":5,"victory":false,"max_hp_per_floor":[66,66,66,66,71,71,71,71,71,71,71,71,71,71,71,71,71,71,71,71,71,71,71,71,71,71,71,71,71,71,71,71,71,71,71,71,71,71,71,71,71,71,71,71,71,71,71,71,71,71],"card_choices":[{"not_picked":["PiercingWail","Heel Hook","Slice"],"picked":"SKIP","floor":1.0},{"not_picked":["Dagger Spray","Dagger Throw","Riddle With Holes"],"picked":"SKIP","floor":7.0},{"not_picked":["Noxious Fumes","Dagger Spray","Night Terror"],"picked":"SKIP","floor":10.0},{"not_picked":["Dagger Throw","Reflex"],"picked":"Outmaneuver","floor":11.0},{"not_picked":["Flying Knee","Poisoned Stab"],"picked":"Dash","floor":13.0},{"not_picked":["Bouncing Flask","Noxious Fumes","Deadly Poison"],"picked":"SKIP","floor":14.0},{"not_picked":["Tools of the Trade","Unload"],"picked":"Adrenaline","floor":16.0},{"not_picked":["Concentrate","Underhanded Strike"],"picked":"Backflip","floor":18.0},{"not_picked":["Dagger Spray","Deflect","Slice"],"picked":"SKIP","floor":21.0},{"not_picked":["Underhanded Strike","PiercingWail","Deadly Poison"],"picked":"SKIP","floor":22.0},{"not_picked":["Cloak And Dagger+1","Concentrate"],"picked":"Expertise","floor":23.0},{"not_picked":["Poisoned Stab","Underhanded Strike","Predator"],"picked":"SKIP","floor":25.0},{"not_picked":["Venomology","Blur+1"],"picked":"Acrobatics","floor":27.0},{"not_picked":["Adrenaline","Die Die Die"],"picked":"Burst","floor":33.0},{"not_picked":["Poisoned Stab","Blade Dance","Expertise"],"picked":"SKIP","floor":35.0},{"not_picked":["Endless Agony+1","Blade Dance","PiercingWail+1"],"picked":"SKIP","floor":38.0},{"not_picked":["Flying Knee","Crippling Poison","Sucker Punch"],"picked":"SKIP","floor":40.0},{"not_picked":["Dodge and Roll","Flechettes+1","Caltrops+1"],"picked":"SKIP","floor":42.0},{"not_picked":["Bane","Deflect","Underhanded Strike"],"picked":"SKIP","floor":46},{"not_picked":["Leg Sweep","Catalyst+1","Quick Slash"],"picked":"SKIP","floor":48}],"player_experience":847719,"relics_obtained":[{"floor":7.0,"key":"Ice Cream"},{"floor":9.0,"key":"Sundial"},{"floor":10.0,"key":"Art of War"},{"floor":14.0,"key":"Letter Opener"},{"floor":23.0,"key":"Happy Flower"},{"floor":26.0,"key":"Lantern"},{"floor":27.0,"key":"Bottled Tornado"},{"floor":39.0,"key":"Mummified Hand"},{"floor":40.0,"key":"Snake Skull"}],"event_choices":[{"damage_healed":0.0,"max_hp_gain":0.0,"max_hp_loss":0.0,"gold_gain":0.0,"event_name":"The Cleric","player_choice":"Leave","floor":3.0,"gold_loss":0.0,"damage_taken":0.0},{"damage_healed":0.0,"max_hp_gain":0.0,"max_hp_loss":0.0,"gold_gain":0.0,"event_name":"Scrap Ooze","player_choice":"Success","floor":4.0,"gold_loss":0.0,"damage_taken":5.0,"relics_obtained":["Gambling Chip"]},{"damage_healed":0.0,"max_hp_gain":5.0,"max_hp_loss":0.0,"gold_gain":0.0,"event_name":"Big Fish","player_choice":"Donut","floor":5.0,"gold_loss":0.0,"damage_taken":0.0},{"damage_healed":0.0,"max_hp_gain":0.0,"max_hp_loss":0.0,"gold_gain":0.0,"event_name":"Ghosts","player_choice":"Ignored","floor":19.0,"gold_loss":0.0,"damage_taken":0.0},{"damage_healed":0.0,"max_hp_gain":0.0,"max_hp_loss":0.0,"gold_gain":0.0,"cards_transformed":["Strike_G"],"event_name":"Transmorgrifier","player_choice":"Transformed","floor":20.0,"gold_loss":0.0,"damage_taken":0.0,"cards_obtained":["Catalyst"]},{"damage_healed":0.0,"max_hp_gain":0.0,"max_hp_loss":0.0,"gold_gain":0.0,"event_name":"The Library","player_choice":"Read","floor":29.0,"gold_loss":0.0,"damage_taken":0.0,"cards_obtained":["Footwork"]},{"damage_healed":0.0,"max_hp_gain":0.0,"max_hp_loss":0.0,"gold_gain":0.0,"event_name":"Vampires","player_choice":"Ignored","floor":30.0,"gold_loss":0.0,"damage_taken":0.0},{"damage_healed":0.0,"max_hp_gain":0.0,"max_hp_loss":0.0,"gold_gain":0.0,"cards_transformed":["Strike_G","Defend_G"],"event_name":"Drug Dealer","player_choice":"Became Test Subject","floor":31.0,"gold_loss":0.0,"damage_taken":0.0,"cards_obtained":["Corpse Explosion","Concentrate"]},{"cards_removed":["Defend_G"],"damage_healed":0.0,"max_hp_gain":0.0,"max_hp_loss":0.0,"gold_gain":0.0,"event_name":"Falling","player_choice":"Removed Skill","floor":37.0,"gold_loss":0.0,"damage_taken":0.0}],"is_beta":false,"boss_relics":[{"not_picked":["Philosopher\u0027s Stone","Ectoplasm"],"picked":"Sozu"},{"not_picked":["Lizard Tail","Coffee Dripper"],"picked":"Runic Pyramid"}],"items_purged_floors":[2,12,28,36,45],"is_endless":false,"potions_floor_spawned":[10,14,16,18,23,25,40,46,48],"killed_by":"Time Eater","ascension_level":15}