{"gold_per_floor":[113,127,127,147,161,161,50,50,50,50,70,94,19,93,93,186,186,199,199,218,218,232,232,232],"floor_reached":24,"playtime":973,"items_purged":["Strike_G"],"score":347,"play_id":"64b38b40-31f0-4426-a4ef-db4bc60f119c","local_time":"20180826215756","is_ascension_mode":true,"campfire_choices":[{"data":"Underhanded Strike","floor":6,"key":"SMITH"},{"data":"Prepared","floor":8,"key":"SMITH"},{"data":"Eviscerate","floor":10,"key":"SMITH"},{"data":"Prepared","floor":15,"key":"SMITH"},{"floor":23,"key":"REST"}],"neow_cost":"TEN_PERCENT_HP_LOSS","seed_source_timestamp":43857100013233,"circlet_count":0,"master_deck":["Defend_G","Defend_G","Strike_G","Survivor","Neutralize","AscendersBane","Underhanded Strike+1","Prepared+1","Eviscerate+1","Blur","Corpse Explosion","Prepared+1","Tools of the Trade","Acrobatics+1","Riddle With Holes"],"relics":["Ring of the Snake","Golden Idol","Meat on the Bone","Tiny Chest","Empty Cage"],"potions_floor_usage":[14,16,22],"damage_taken":[{"damage":3,"enemies":"Small Slimes","floor":1,"turns":5},{"damage":4,"enemies":"Jaw Worm","floor":2,"turns":5},{"damage":0,"enemies":"Cultist","floor":4,"turns":4},{"damage":2,"enemies":"3 Louse","floor":5,"turns":4},{"damage":3,"enemies":"Looter","floor":11,"turns":3},{"damage":10,"enemies":"Red Slaver","floor":12,"turns":4},{"damage":12,"enemies":"Lagavulin","floor":14,"turns":6},{"damage":36,"enemies":"The Guardian","floor":16,"turns":16},{"damage":3,"enemies":"Spheric Guardian","floor":18,"turns":3},{"damage":0,"enemies":"Chosen","floor":20,"turns":2},{"damage":42,"enemies":"Snecko","floor":22,"turns":6},{"damage":38,"enemies":"Book of Stabbing","floor":24,"turns":5}],"seed_played":"-6069661229221561696","potions_obtained":[{"floor":2,"key":"PowerPotion"},{"floor":5,"key":"Poison Potion"},{"floor":20,"key":"SpeedPotion"}],"is_trial":false,"path_per_floor":["M","M","?","M","M","R","$","R","T","R","M","M","?","E","R","B",null,"M","?","M","?","M","R"],"character_chosen":"THE_SILENT","items_purchased":["Eviscerate"],"campfire_rested":1,"item_purchase_floors":[7],"current_hp_per_floor":[56,52,31,31,29,29,29,29,29,29,38,40,40,40,40,16,49,46,46,46,46,16,34,0],"gold":232,"neow_bonus":"REMOVE_TWO","is_prod":false,"is_daily":false,"chose_seed":false,"campfire_upgraded":4,"win_rate":0,"timestamp":1535291876,"path_taken":["M","M","?","M","M","R","$","R","T","R","?","M","?","E","R","BOSS","M","?","M","?","?","R","E"],"build_version":"2018-08-23v2","purchased_purges":1,"victory":false,"max_hp_per_floor":[60,60,60,60,60,60,60,60,60,60,60,60,60,60,60,60,60,60,60,60,60,60,60,60],"card_choices":[{"not_picked":["PiercingWail","Leg Sweep"],"picked":"Underhanded Strike","floor":1},{"not_picked":["Blade Dance","Backflip","Bane"],"picked":"SKIP","floor":2},{"not_picked":["Bane","Flechettes","Caltrops"],"picked":"SKIP","floor":4},{"not_picked":["PiercingWail","Dagger Throw"],"picked":"Prepared","floor":5},{"not_picked":["Footwork","Deadly Poison"],"picked":"Blur","floor":11},{"not_picked":["Deflect","Underhanded Strike"],"picked":"Corpse Explosion","floor":12},{"not_picked":["Slice","Dodge and Roll"],"picked":"Prepared","floor":14},{"not_picked":["Venomology","After Image"],"picked":"Tools of the Trade","floor":16},{"not_picked":["Backflip","Slice"],"picked":"Acrobatics+1","floor":18},{"not_picked":["Poisoned Stab","Prepared+1","Concentrate"],"picked":"SKIP","floor":20},{"not_picked":["Backflip","Blur","Night Terror"],"picked":"SKIP","floor":22}],"player_experience":905291,"relics_obtained":[{"floor":9,"key":"Meat on the Bone"},{"floor":14,"key":"Tiny Chest"}],"event_choices":[{"event_name":"Golden Idol","player_choice":"Take Damage","floor":3,"damage_taken":0},{"event_name":"The Cleric","player_choice":"Card Removal","floor":13,"damage_taken":0},{"event_name":"Transmorgrifier","player_choice":"Transform","floor":19,"damage_taken":0},{"event_name":"The Mausoleum","player_choice":"No","floor":21,"damage_taken":0}],"is_beta":true,"boss_relics":[{"not_picked":["Coffee Dripper","Snecko Eye"],"picked":"Empty Cage"}],"items_purged_floors":[7],"is_endless":false,"potions_floor_spawned":[2,5,12,20],"killed_by":"Book of Stabbing","ascension_level":15}