{"gold_per_floor":[114,114,126,126,47,47,63,63,112,132,145,145,178,103,103,103],"floor_reached":16,"playtime":393,"items_purged":[],"score":175,"play_id":"c68b4c5a-7f60-4bcc-ae36-6dcd47485c3d","local_time":"20190214230916","is_ascension_mode":true,"campfire_choices":[{"data":"Flechettes","floor":6,"key":"SMITH"},{"data":"Tactician","floor":12,"key":"SMITH"},{"data":"Neutralize","floor":15,"key":"SMITH"}],"neow_cost":"NONE","seed_source_timestamp":187338095972703,"circlet_count":0,"master_deck":["AscendersBane","Defend_G","Defend_G","Defend_G","Defend_G","Defend_G","Strike_G","Strike_G","Strike_G","Strike_G","Survivor","Neutralize+1","Flechettes+1","Backflip","Tactician+1","Escape Plan","After Image"],"relics":["Ring of the Snake","Bag of Marbles","WarpedTongs","Oddly Smooth Stone","Kunai"],"potions_floor_usage":[],"damage_taken":[{"damage":0,"enemies":"Jaw Worm","floor":1,"turns":3},{"damage":7,"enemies":"Small Slimes","floor":3,"turns":5},{"damage":0,"enemies":"Cultist","floor":7,"turns":1},{"damage":4,"enemies":"3 Louse","floor":10,"turns":4},{"damage":10,"enemies":"Lots of Slimes","floor":11,"turns":7},{"damage":17,"enemies":"Gremlin Nob","floor":13,"turns":5},{"damage":24,"enemies":"Hexaghost","floor":16,"turns":9}],"seed_played":"9015941353711761560","potions_obtained":[{"floor":4,"key":"EssenceOfSteel"},{"floor":4,"key":"SpeedPotion"},{"floor":7,"key":"FearPotion"}],"is_trial":false,"path_per_floor":["M","?","M","?","$","R","M","?","T","M","M","R","E","?","R","B"],"character_chosen":"THE_SILENT","items_purchased":["Tactician"],"campfire_rested":0,"item_purchase_floors":[5],"current_hp_per_floor":[59,59,52,52,52,52,52,52,52,48,38,38,21,21,21,0],"gold":103,"neow_bonus":"RANDOM_COMMON_RELIC","is_prod":false,"is_daily":false,"chose_seed":false,"campfire_upgraded":3,"win_rate":0,"timestamp":1550156956,"path_taken":["M","?","M","?","$","R","?","?","T","?","M","R","E","?","R","BOSS"],"build_version":"2019-01-23","purchased_purges":0,"victory":false,"max_hp_per_floor":[66,66,66,66,66,66,66,66,66,66,66,66,66,66,66,66],"card_choices":[{"not_picked":["Dagger Spray","Slice","Caltrops"],"picked":"SKIP","floor":1},{"not_picked":["Dagger Spray","Slice"],"picked":"Backflip","floor":3},{"not_picked":["Outmaneuver","Underhanded Strike","Crippling Poison"],"picked":"SKIP","floor":7},{"not_picked":["Blur","Setup","Sucker Punch"],"picked":"SKIP","floor":10},{"not_picked":["Riddle With Holes","Slice"],"picked":"Escape Plan","floor":11},{"not_picked":["Bullet Time","Bane"],"picked":"After Image","floor":13}],"player_experience":755280,"relics_obtained":[{"floor":9,"key":"Oddly Smooth Stone"},{"floor":13,"key":"Kunai"}],"event_choices":[{"damage_healed":0,"gold_gain":0,"cards_transformed":["Strike_G"],"player_choice":"Change","damage_taken":0,"max_hp_gain":0,"max_hp_loss":0,"event_name":"Living Wall","floor":2,"gold_loss":0,"cards_obtained":["Flechettes"]},{"damage_healed":0,"gold_gain":0,"player_choice":"Got Potions","damage_taken":0,"max_hp_gain":0,"max_hp_loss":0,"event_name":"Lab","floor":4,"gold_loss":0},{"damage_healed":0,"gold_gain":0,"player_choice":"Rummage","damage_taken":0,"relics_obtained":["WarpedTongs"],"max_hp_gain":0,"max_hp_loss":0,"event_name":"Accursed Blacksmith","floor":8,"gold_loss":0,"cards_obtained":["Pain"]},{"cards_removed":["Pain"],"damage_healed":0,"gold_gain":0,"player_choice":"Card Removal","damage_taken":0,"max_hp_gain":0,"max_hp_loss":0,"event_name":"The Cleric","floor":14,"gold_loss":75}],"is_beta":false,"boss_relics":[],"items_purged_floors":[],"is_endless":false,"potions_floor_spawned":[7,13],"killed_by":"Hexaghost","ascension_level":15}