{"gold_per_floor":[116,140,155,175,188,188,215,140,140,140,140,158,158,83,83,83],"floor_reached":16,"playtime":538,"items_purged":["Strike_G"],"score":200,"play_id":"8cb5b3d3-f40d-4692-8868-15943cdb3553","local_time":"20181222114141","is_ascension_mode":true,"campfire_choices":[{"data":"Poisoned Stab","floor":6,"key":"SMITH"},{"data":"Neutralize","floor":10,"key":"SMITH"},{"data":"Night Terror","floor":13,"key":"SMITH"},{"data":"Predator","floor":15,"key":"SMITH"}],"neow_cost":"TEN_PERCENT_HP_LOSS","seed_source_timestamp":2462618502068,"circlet_count":0,"master_deck":["AscendersBane","Defend_G","Defend_G","Defend_G","Defend_G","Strike_G","Strike_G","Survivor","Neutralize+1","Tactician","Night Terror+1","Poisoned Stab+1","Leg Sweep","Predator+1"],"relics":["Ring of the Snake","Omamori","Snake Skull"],"potions_floor_usage":[7,12],"damage_taken":[{"damage":0,"enemies":"Cultist","floor":1,"turns":4},{"damage":4,"enemies":"Jaw Worm","floor":3,"turns":6},{"damage":0,"enemies":"2 Louse","floor":4,"turns":4},{"damage":12,"enemies":"2 Fungi Beasts","floor":5,"turns":6},{"damage":30,"enemies":"Lagavulin","floor":7,"turns":6},{"damage":6,"enemies":"Large Slime","floor":12,"turns":10},{"damage":8,"enemies":"The Guardian","floor":16,"turns":10}],"seed_played":"-9152408879854479837","potions_obtained":[{"floor":3,"key":"SkillPotion"},{"floor":4,"key":"EssenceOfSteel"}],"is_trial":false,"path_per_floor":["M","T","M","M","M","R","E","$","T","R","?","M","R","?","R","B"],"character_chosen":"THE_SILENT","items_purchased":[],"campfire_rested":0,"item_purchase_floors":[],"current_hp_per_floor":[59,59,55,55,43,43,13,13,13,13,13,7,7,7,7,0],"gold":83,"neow_bonus":"REMOVE_TWO","is_prod":false,"is_daily":false,"chose_seed":false,"campfire_upgraded":4,"win_rate":0,"timestamp":1545450101,"path_taken":["M","?","?","M","M","R","E","?","T","R","?","M","R","?","R","BOSS"],"build_version":"2018-12-20","purchased_purges":1,"victory":false,"max_hp_per_floor":[60,60,60,60,60,60,60,60,60,60,60,60,60,60,60,60],"card_choices":[{"not_picked":["Dodge and Roll","Flying Knee"],"picked":"Tactician","floor":1},{"not_picked":["Blade Dance","Dodge and Roll","Slice"],"picked":"SKIP","floor":3},{"not_picked":["Heel Hook","All Out Attack"],"picked":"Night Terror","floor":4},{"not_picked":["Endless Agony","Flying Knee"],"picked":"Poisoned Stab","floor":5},{"not_picked":["Finisher","Concentrate"],"picked":"Leg Sweep","floor":7},{"not_picked":["Finisher","Dodge and Roll"],"picked":"Predator","floor":12}],"player_experience":1423361,"relics_obtained":[{"floor":2,"key":"Omamori"},{"floor":7,"key":"Snake Skull"}],"event_choices":[{"damage_healed":0,"gold_gain":0,"player_choice":"Ignored","damage_taken":0,"max_hp_gain":0,"max_hp_loss":0,"event_name":"Shining Light","floor":11,"gold_loss":0},{"cards_removed":["Strike_G"],"damage_healed":0,"gold_gain":0,"player_choice":"Card Removal","damage_taken":0,"max_hp_gain":0,"max_hp_loss":0,"event_name":"The Cleric","floor":14,"gold_loss":75}],"is_beta":false,"boss_relics":[],"items_purged_floors":[8],"is_endless":false,"potions_floor_spawned":[3,4],"killed_by":"The Guardian","ascension_level":20}