{"gold_per_floor":[111,111,30,30,30,30,50,68,68,94,110,144,4,22,22,118,118,130,130,130,130,55,55,3,36,48,60,88,100,131,170,182,290,302,330,342,371,395,162,162,0,0,72,82,82,82,101,120,120,120],"floor_reached":50,"playtime":1837,"items_purged":["Defend_B","Defend_B"],"score":781,"play_id":"c0e5c9b2-b16a-487e-b356-fd97a340f4e1","local_time":"20181009193010","is_ascension_mode":true,"campfire_choices":[{"data":"Reboot","floor":6.0,"key":"SMITH"},{"data":"FTL","floor":15.0,"key":"SMITH"},{"data":"Beam Cell","floor":23.0,"key":"SMITH"},{"data":"Streamline","floor":27.0,"key":"SMITH"},{"data":"Gash","floor":29.0,"key":"SMITH"},{"floor":32.0,"key":"REST"},{"data":"Turbo","floor":40.0,"key":"SMITH"},{"data":"Darkness","floor":46.0,"key":"SMITH"},{"data":"Consume","floor":49.0,"key":"SMITH"}],"neow_cost":"NONE","seed_source_timestamp":617431973617367,"circlet_count":0,"master_deck":["Defend_B","Zap+1","AscendersBane","Gash+1","Reboot+1","Turbo+1","Dramatic Entrance+1","FTL+1","Self Repair+1","Echo Form+1","Buffer+1","Beam Cell+1","Rebound+1","Redo+1","Lockon+1","Auto Shields+1","Gash+1","Darkness+1","Capacitor+1","Consume+1","Seek"],"special_seed":0,"relics":["Cracked Core","NeowsBlessing","Frozen Egg 2","Singing Bowl","Omamori","Du-Vu Doll","Empty Cage","MawBank","Anchor","Blood Vial","Astrolabe","Whetstone","Red Mask","Prayer Wheel","Gremlin Horn"],"potions_floor_usage":[50],"damage_taken":[{"damage":0.0,"enemies":"Small Slimes","floor":1.0,"turns":1.0},{"damage":0.0,"enemies":"Cultist","floor":7.0,"turns":1.0},{"damage":0.0,"enemies":"2 Louse","floor":8.0,"turns":1.0},{"damage":20.0,"enemies":"Gremlin Nob","floor":10.0,"turns":3.0},{"damage":4.0,"enemies":"Red Slaver","floor":11.0,"turns":2.0},{"damage":30.0,"enemies":"3 Sentries","floor":12.0,"turns":7.0},{"damage":0.0,"enemies":"2 Fungi Beasts","floor":14.0,"turns":3.0},{"damage":41.0,"enemies":"Hexaghost","floor":16.0,"turns":10.0},{"damage":22.0,"enemies":"Spheric Guardian","floor":18.0,"turns":5.0},{"damage":24.0,"enemies":"Gremlin Leader","floor":25.0,"turns":6.0},{"damage":23.0,"enemies":"2 Thieves","floor":28.0,"turns":3.0},{"damage":6.0,"enemies":"Sentry and Sphere","floor":30.0,"turns":4.0},{"damage":39.0,"enemies":"Slavers","floor":31.0,"turns":5.0},{"damage":38.0,"enemies":"Automaton","floor":33.0,"turns":10.0},{"damage":50.0,"enemies":"3 Darklings","floor":35.0,"turns":5.0},{"damage":20.0,"enemies":"Orb Walker","floor":37.0,"turns":3.0},{"damage":23.0,"enemies":"Transient","floor":38.0,"turns":5.0},{"damage":8.0,"enemies":"Mind Bloom Boss Battle","floor":42.0,"turns":7.0},{"damage":22.0,"enemies":"Sphere and 2 Shapes","floor":44.0,"turns":6.0},{"damage":22.0,"enemies":"3 Darklings","floor":47.0,"turns":6.0},{"damage":0.0,"enemies":"Maw","floor":48.0,"turns":7.0},{"damage":89,"enemies":"Donu and Deca","floor":50,"turns":6}],"seed_played":"8542855523943050582","potions_obtained":[{"floor":7.0,"key":"Strength Potion"},{"floor":11.0,"key":"Weak Potion"},{"floor":16.0,"key":"Regen Potion"},{"floor":33.0,"key":"Poison Potion"},{"floor":44.0,"key":"SpeedPotion"}],"is_trial":false,"path_per_floor":["M","?","?","?","?","R","M","M","T","E","M","E","$","M","R","B",null,"M","?","?","?","$","R","$","E","T","R","M","R","M","E","R","B",null,"M","?","M","M","$","R","?","?","T","M","?","R","M","M","R"],"character_chosen":"DEFECT","items_purchased":["Buffer+1","Streamline","Whetstone"],"campfire_rested":1,"item_purchase_floors":[13,24,39],"current_hp_per_floor":[68,68,68,68,68,68,68,68,68,48,54,36,36,48,48,19,66,56,56,56,56,56,56,56,57,57,57,36,36,42,15,41,17,73,37,60,62,53,53,53,53,67,67,67,67,67,59,85,85,0],"gold":120,"neow_bonus":"THREE_ENEMY_KILL","is_prod":false,"is_daily":false,"chose_seed":false,"campfire_upgraded":8,"win_rate":0,"timestamp":1539084610,"path_taken":["M","?","?","?","?","R","M","?","T","E","M","E","$","M","R","BOSS","M","?","?","?","$","R","$","E","T","R","M","R","M","E","R","BOSS","M","?","M","M","$","R","?","?","T","M","?","R","M","M","R","BOSS"],"build_version":"2018-10-04v2","purchased_purges":2,"victory":false,"max_hp_per_floor":[75,75,75,75,75,75,75,75,75,75,75,77,77,79,79,81,81,83,83,83,83,83,83,83,83,83,83,85,85,87,89,89,91,91,93,93,93,95,95,95,95,95,95,95,95,95,97,101,101,101],"card_choices":[{"not_picked":["Stack","Turbo"],"picked":"Gash","floor":1.0},{"not_picked":["Auto Shields","Defragment+1"],"picked":"FTL","floor":7.0},{"not_picked":["Redo","Conserve Battery","Chill"],"picked":"SKIP","floor":8.0},{"not_picked":["Go for the Eyes","Conserve Battery"],"picked":"Self Repair+1","floor":10.0},{"not_picked":["Turbo","Go for the Eyes"],"picked":"Echo Form+1","floor":11.0},{"not_picked":["Leap","Recycle","Cold Snap"],"picked":"Singing Bowl","floor":12.0},{"not_picked":["Beam Cell","Leap","Darkness"],"picked":"Singing Bowl","floor":14.0},{"not_picked":["Creative AI+1","Meteor Strike","Echo Form+1"],"picked":"Singing Bowl","floor":16.0},{"not_picked":["Double Energy","Glacier+1","Steam Power"],"picked":"Singing Bowl","floor":18.0},{"not_picked":["Cold Snap","Streamline"],"picked":"Rebound","floor":25.0},{"not_picked":["Double Energy","Streamline","Turbo+1"],"picked":"Singing Bowl","floor":28.0},{"not_picked":["Recycle","Scrape","Turbo+1"],"picked":"Singing Bowl","floor":30.0},{"not_picked":["Storm+1","Steam","Static Discharge+1"],"picked":"Singing Bowl","floor":31.0},{"not_picked":["Machine Learning+1","Hyperbeam","Fission"],"picked":"Singing Bowl","floor":33.0},{"not_picked":["Recycle+1","Chaos+1","Steam+1"],"picked":"Singing Bowl","floor":35.0},{"not_picked":["Defragment+1","Cold Snap+1"],"picked":"Gash+1","floor":37.0},{"not_picked":["Stack+1","Turbo+1","Sweeping Beam+1"],"picked":"Singing Bowl","floor":38.0},{"not_picked":["Ball Lightning+1","Stack+1"],"picked":"Darkness","floor":42.0},{"not_picked":["Streamline","Tempest+1"],"picked":"Capacitor+1","floor":44.0},{"not_picked":["Amplify","Turbo+1"],"picked":"Consume","floor":44.0},{"not_picked":["Coolheaded+1","Storm+1","Leap"],"picked":"Singing Bowl","floor":47.0},{"not_picked":["Force Field","Storm+1"],"picked":"Seek","floor":47.0},{"not_picked":["Cold Snap","Streamline+1","Compile Driver+1"],"picked":"Singing Bowl","floor":48.0},{"not_picked":["Sweeping Beam","Doom and Gloom","Thunder Strike"],"picked":"Singing Bowl","floor":48.0}],"player_experience":256559,"relics_obtained":[{"floor":9.0,"key":"Singing Bowl"},{"floor":10.0,"key":"Omamori"},{"floor":12.0,"key":"Du-Vu Doll"},{"floor":25.0,"key":"MawBank"},{"floor":26.0,"key":"Anchor"},{"floor":31.0,"key":"Blood Vial"},{"floor":42.0,"key":"Prayer Wheel"},{"floor":43.0,"key":"Gremlin Horn"}],"event_choices":[{"event_name":"Match and Keep!","player_choice":"3 cards matched","floor":2.0,"damage_taken":0.0},{"event_name":"WeMeetAgain","player_choice":"Gold","floor":3.0,"damage_taken":0.0},{"event_name":"The Cleric","player_choice":"Leave","floor":4.0,"damage_taken":0.0},{"event_name":"Upgrade Shrine","player_choice":"Upgraded","floor":5.0,"damage_taken":0.0},{"event_name":"Cursed Tome","player_choice":"Ignored","floor":19.0,"damage_taken":0.0},{"event_name":"Back to Basics","player_choice":"Elegance","floor":20.0,"damage_taken":0.0},{"event_name":"The Library","player_choice":"Read","floor":21.0,"damage_taken":0.0},{"event_name":"Winding Halls","player_choice":"Writhe","floor":36.0,"damage_taken":0.0},{"event_name":"Tomb of Lord Red Mask","player_choice":"Paid","floor":41.0,"damage_taken":0.0},{"event_name":"MindBloom","player_choice":"Fight","floor":42.0,"damage_taken":0.0},{"event_name":"Falling","player_choice":"Removed Attack","floor":45.0,"damage_taken":0.0}],"is_beta":false,"boss_relics":[{"not_picked":["Velvet Choker","Coffee Dripper"],"picked":"Empty Cage"},{"not_picked":["Fusion Hammer","Lizard Tail"],"picked":"Astrolabe"}],"items_purged_floors":[22,39],"is_endless":false,"potions_floor_spawned":[7,11,12,16,33,44],"killed_by":"Donu and Deca","ascension_level":11}