{"gold_per_floor":[216,216,141,141,159,159,59,77,104,120,120,132,132,152,152,257,257,267,267,283,298,298,298,331,331,354,354,82,100,126,140,140,140],"floor_reached":33,"playtime":822,"items_purged":["Strike_R","Strike_R","Strike_R"],"score":546,"play_id":"ad391023-b529-4c9b-ae28-2dfdb9d6bf12","local_time":"20181010135752","is_ascension_mode":true,"campfire_choices":[{"data":"Searing Blow+1","floor":6,"key":"SMITH"},{"data":"Searing Blow+2","floor":11,"key":"SMITH"},{"data":"Searing Blow+3","floor":13,"key":"SMITH"},{"data":"Searing Blow+4","floor":15,"key":"SMITH"},{"data":"Searing Blow+5","floor":23,"key":"SMITH"},{"data":"Searing Blow+6","floor":25,"key":"SMITH"},{"data":"Searing Blow+7","floor":27,"key":"SMITH"},{"floor":32,"key":"REST"}],"neow_cost":"NONE","seed_source_timestamp":20024985554881,"circlet_count":0,"master_deck":["Strike_R","Strike_R","Defend_R","Defend_R","Defend_R","Bash","AscendersBane","Searing Blow+8","Ghostly Armor","Offering","Impervious"],"relics":["Black Blood","Art of War","Matryoshka","Bag of Marbles","Ancient Tea Set","Question Card"],"potions_floor_usage":[24,24,29,30,33,33],"damage_taken":[{"damage":7,"enemies":"Small Slimes","floor":1,"turns":4},{"damage":1,"enemies":"2 Louse","floor":5,"turns":3},{"damage":0,"enemies":"Cultist","floor":8,"turns":3},{"damage":15,"enemies":"Red Slaver","floor":10,"turns":2},{"damage":16,"enemies":"Gremlin Gang","floor":12,"turns":3},{"damage":0,"enemies":"Large Slime","floor":14,"turns":4},{"damage":6,"enemies":"Slime Boss","floor":16,"turns":5},{"damage":7,"enemies":"2 Thieves","floor":18,"turns":4},{"damage":13,"enemies":"3 Byrds","floor":20,"turns":5},{"damage":6,"enemies":"Snake Plant","floor":21,"turns":2},{"damage":70,"enemies":"Gremlin Leader","floor":24,"turns":4},{"damage":0,"enemies":"Snecko","floor":29,"turns":2},{"damage":16,"enemies":"Slavers","floor":30,"turns":4},{"damage":6,"enemies":"Shelled Parasite and Fungi","floor":31,"turns":4},{"damage":68,"enemies":"Champ","floor":33,"turns":8}],"seed_played":"-5872562120394257263","potions_obtained":[{"floor":8,"key":"Dexterity Potion"},{"floor":16,"key":"Poison Potion"},{"floor":29,"key":"GamblersBrew"},{"floor":31,"key":"Dexterity Potion"}],"is_trial":false,"path_per_floor":["M","?","$","?","M","R","$","M","T","M","R","M","R","M","R","B",null,"M","?","M","M","?","R","E","R","T","R","$","M","E","M","R"],"character_chosen":"IRONCLAD","items_purchased":["Regen Potion","GamblersBrew"],"campfire_rested":1,"item_purchase_floors":[28,28],"current_hp_per_floor":[71,71,71,71,76,76,76,80,80,71,71,61,61,67,67,67,77,80,80,77,80,80,80,20,20,20,20,20,30,24,28,52,0],"gold":140,"neow_bonus":"HUNDRED_GOLD","is_prod":false,"is_daily":false,"chose_seed":false,"campfire_upgraded":7,"win_rate":0,"timestamp":1539151072,"path_taken":["M","?","$","?","?","R","?","M","T","M","R","?","R","?","R","BOSS","M","?","M","M","?","R","E","R","T","R","?","M","E","M","R","BOSS"],"build_version":"2018-10-04v2","purchased_purges":3,"victory":false,"max_hp_per_floor":[80,80,80,80,80,80,80,80,80,80,80,80,80,80,80,80,80,80,80,80,80,80,80,80,80,80,80,80,80,80,80,80,80],"card_choices":[{"not_picked":["Iron Wave","Perfected Strike"],"picked":"Searing Blow","floor":1},{"not_picked":["Inflame","Havoc"],"picked":"Ghostly Armor","floor":5},{"not_picked":["Combust","Pommel Strike"],"picked":"Offering","floor":8},{"not_picked":["Warcry","Havoc","True Grit"],"picked":"SKIP","floor":10},{"not_picked":["Iron Wave","Shrug It Off","Twin Strike"],"picked":"SKIP","floor":12},{"not_picked":["True Grit","Headbutt","Disarm"],"picked":"SKIP","floor":14},{"not_picked":["Immolate","Bludgeon"],"picked":"Impervious","floor":16},{"not_picked":["Heavy Blade","Havoc","Uppercut"],"picked":"SKIP","floor":18},{"not_picked":["Metallicize+1","Dual Wield","Dropkick"],"picked":"SKIP","floor":20},{"not_picked":["Armaments","Heavy Blade+1","Whirlwind"],"picked":"SKIP","floor":21},{"not_picked":["Flex","Searing Blow+1","Headbutt"],"picked":"SKIP","floor":24},{"not_picked":["Twin Strike","Warcry","Flex"],"picked":"SKIP","floor":29},{"not_picked":["Wild Strike+1","Clash","Havoc+1"],"picked":"SKIP","floor":30},{"not_picked":["Heavy Blade","Perfected Strike","Fire Breathing","Iron Wave"],"picked":"SKIP","floor":31}],"player_experience":86437,"relics_obtained":[{"floor":9,"key":"Art of War"},{"floor":24,"key":"Matryoshka"},{"floor":26,"key":"Bag of Marbles"},{"floor":26,"key":"Ancient Tea Set"},{"floor":30,"key":"Question Card"}],"event_choices":[{"event_name":"Living Wall","player_choice":"Grow","floor":2,"damage_taken":0},{"event_name":"Scrap Ooze","player_choice":"unsuccessful","floor":4,"damage_taken":0},{"event_name":"Match and Keep!","player_choice":"0 cards matched","floor":19,"damage_taken":0},{"event_name":"Back to Basics","player_choice":"Elegance","floor":22,"damage_taken":0}],"is_beta":false,"boss_relics":[{"not_picked":["Ectoplasm","Eternal Feather"],"picked":"Black Blood"}],"items_purged_floors":[3,7,28],"is_endless":false,"potions_floor_spawned":[8,16,18,29,31],"killed_by":"Champ","ascension_level":11}