{"gold_per_floor":[116,116,74,74,74,74,118,193,245,245,285,298,298,298,298,298],"floor_reached":16,"playtime":316,"items_purged":[],"score":208,"play_id":"31715c66-1134-4cc2-99bd-794d5a773b5f","local_time":"20190410081000","is_ascension_mode":true,"campfire_choices":[{"data":"Poisoned Stab","floor":6.0,"key":"SMITH"},{"data":"Deadly Poison","floor":10,"key":"SMITH"},{"data":"Well Laid Plans","floor":15,"key":"SMITH"}],"neow_cost":"TEN_PERCENT_HP_LOSS","seed_source_timestamp":13783577946115,"circlet_count":0,"master_deck":["AscendersBane","Defend_G+1","Defend_G","Defend_G","Defend_G+1","Defend_G","Strike_G","Strike_G","Strike_G","Strike_G","Survivor","Neutralize","Night Terror","Poisoned Stab+1","Well Laid Plans+1","Deadly Poison+1","Caltrops"],"special_seed":0,"relics":["Ring of the Snake","Golden Idol","War Paint","Juzu Bracelet","The Courier","Boot","Oddly Smooth Stone"],"potions_floor_usage":[7,12],"damage_taken":[{"damage":1.0,"enemies":"Cultist","floor":1.0,"turns":5.0},{"damage":30,"enemies":"Gremlin Nob","floor":7,"turns":4},{"damage":10,"enemies":"Lagavulin","floor":11,"turns":5},{"damage":1,"enemies":"Jaw Worm","floor":12,"turns":3},{"damage":36,"enemies":"The Guardian","floor":16,"turns":2}],"seed_played":"-2513784341993600217","potions_obtained":[{"floor":1.0,"key":"SteroidPotion"},{"floor":7,"key":"SkillPotion"},{"floor":12,"key":"Weak Potion"}],"is_trial":false,"path_per_floor":["M","?","$","?","?","R","E","?","T","R","E","M","T","?","R","B"],"character_chosen":"THE_SILENT","items_purchased":["Well Laid Plans"],"campfire_rested":0,"item_purchase_floors":[3],"current_hp_per_floor":[58,63,63,56,56,56,26,15,15,15,5,4,4,4,4,0],"gold":298,"neow_bonus":"THREE_RARE_CARDS","is_prod":false,"is_daily":false,"chose_seed":false,"campfire_upgraded":3,"win_rate":0,"timestamp":1554855000,"path_taken":["M","?","$","?","?","R","E","?","T","R","E","M","?","?","R","BOSS"],"build_version":"2019-01-23","purchased_purges":0,"victory":false,"max_hp_per_floor":[60,65,65,65,59,59,59,59,59,59,59,59,59,59,59,59],"card_choices":[{"not_picked":["Die Die Die","Bullet Time"],"picked":"Night Terror","floor":0.0},{"not_picked":["Eviscerate","Slice"],"picked":"Poisoned Stab","floor":1.0},{"not_picked":["PiercingWail","Dagger Spray"],"picked":"Deadly Poison","floor":7},{"not_picked":["Heel Hook","Flying Knee","Cloak And Dagger"],"picked":"SKIP","floor":11},{"not_picked":["Quick Slash","PiercingWail"],"picked":"Caltrops","floor":12}],"player_experience":4191017,"relics_obtained":[{"floor":7,"key":"War Paint"},{"floor":9,"key":"Juzu Bracelet"},{"floor":11,"key":"The Courier"},{"floor":13,"key":"Boot"}],"event_choices":[{"damage_healed":0.0,"max_hp_gain":5.0,"max_hp_loss":0.0,"gold_gain":0.0,"event_name":"Big Fish","player_choice":"Donut","floor":2.0,"gold_loss":0.0,"damage_taken":0.0},{"cards_removed":["Strike_G"],"damage_healed":0.0,"max_hp_gain":0.0,"max_hp_loss":0.0,"gold_gain":0.0,"event_name":"Golden Wing","player_choice":"Card Removal","floor":4.0,"gold_loss":0.0,"damage_taken":7.0},{"damage_healed":0.0,"max_hp_gain":0.0,"max_hp_loss":6.0,"gold_gain":0.0,"event_name":"Golden Idol","player_choice":"Lose Max HP","floor":5.0,"gold_loss":0.0,"damage_taken":0.0,"relics_obtained":["Golden Idol"]},{"damage_healed":0,"gold_gain":75,"player_choice":"Gather Gold","damage_taken":11,"max_hp_gain":0,"max_hp_loss":0,"event_name":"World of Goop","floor":8,"gold_loss":0},{"damage_healed":0,"gold_gain":0,"player_choice":"Gave Potion","damage_taken":0,"relics_obtained":["Oddly Smooth Stone"],"max_hp_gain":0,"max_hp_loss":0,"event_name":"WeMeetAgain","floor":14,"gold_loss":0}],"is_beta":false,"boss_relics":[],"items_purged_floors":[],"is_endless":false,"potions_floor_spawned":[1,7,12],"killed_by":"The Guardian","ascension_level":20}