{"gold_per_floor":[118,118,118,40,64,64,92,92,92,92,102,102,116,128,128,205,205,223,148,120,120,140,140,160,60,83,99,99,115,62,62,62,139,139,157,157,32,44,58,58,58,84,84,96,96,96,96,196,196,196,196,196,196,33,63,63],"floor_reached":57,"playtime":2107,"items_purged":["Strike_G","Strike_G","Pain"],"score":2916,"play_id":"71ba97ea-ed91-4037-b6e2-cf7808fbbbdb","local_time":"20190103132002","is_ascension_mode":true,"campfire_choices":[{"data":"Caltrops","floor":6.0,"key":"SMITH"},{"data":"Footwork","floor":8.0,"key":"SMITH"},{"data":"Neutralize","floor":10.0,"key":"SMITH"},{"data":"Catalyst","floor":12.0,"key":"SMITH"},{"data":"Bouncing Flask","floor":15.0,"key":"SMITH"},{"data":"Catalyst","floor":23.0,"key":"SMITH"},{"data":"Burst","floor":28.0,"key":"SMITH"},{"data":"Well Laid Plans","floor":32.0,"key":"SMITH"},{"data":"Wraith Form v2","floor":40.0,"key":"SMITH"},{"floor":45,"key":"RECALL"},{"data":"Concentrate","floor":49,"key":"SMITH"},{"data":"Footwork","floor":53,"key":"SMITH"}],"neow_cost":"NONE","seed_source_timestamp":2639089348395,"circlet_count":0,"master_deck":["AscendersBane","Defend_G","Defend_G","Defend_G","Defend_G","Defend_G","Survivor","Neutralize+1","Caltrops+1","Footwork+1","Catalyst+1","Doppelganger","Bouncing Flask+1","Burst+1","Catalyst+1","Footwork+1","Footwork","Noxious Fumes","Concentrate+1","Concentrate","Well Laid Plans+1","Accuracy","Wraith Form v2+1","PiercingWail"],"special_seed":0,"relics":["Ring of the Snake","NeowsBlessing","Question Card","Regal Pillow","Ice Cream","Pocketwatch","Orrery","Runic Pyramid","WarpedTongs","Pear","Gremlin Horn","FossilizedHelix","Snake Skull","Lantern"],"potions_floor_usage":[56,56],"damage_taken":[{"damage":0.0,"enemies":"Small Slimes","floor":1.0,"turns":1.0},{"damage":0.0,"enemies":"3 Sentries","floor":7.0,"turns":1.0},{"damage":0.0,"enemies":"Jaw Worm","floor":11.0,"turns":1.0},{"damage":0.0,"enemies":"2 Louse","floor":13.0,"turns":5.0},{"damage":6.0,"enemies":"Looter","floor":14.0,"turns":4.0},{"damage":1.0,"enemies":"The Guardian","floor":16.0,"turns":8.0},{"damage":6.0,"enemies":"Chosen","floor":18.0,"turns":5.0},{"damage":20.0,"enemies":"2 Thieves","floor":20.0,"turns":4.0},{"damage":0.0,"enemies":"Snake Plant","floor":22.0,"turns":3.0},{"damage":1.0,"enemies":"Sentry and Sphere","floor":24.0,"turns":6.0},{"damage":17.0,"enemies":"3 Cultists","floor":27.0,"turns":6.0},{"damage":5.0,"enemies":"Chosen and Byrds","floor":29.0,"turns":3.0},{"damage":0.0,"enemies":"Automaton","floor":33.0,"turns":9.0},{"damage":10.0,"enemies":"3 Shapes","floor":35.0,"turns":6.0},{"damage":1.0,"enemies":"Orb Walker","floor":38.0,"turns":4.0},{"damage":0.0,"enemies":"Maw","floor":39.0,"turns":4.0},{"damage":0.0,"enemies":"Giant Head","floor":42.0,"turns":4.0},{"damage":2,"enemies":"Sphere and 2 Shapes","floor":44,"turns":4},{"damage":0,"enemies":"Mind Bloom Boss Battle","floor":48,"turns":4},{"damage":0,"enemies":"Time Eater","floor":50,"turns":3},{"damage":26,"enemies":"Donu and Deca","floor":51,"turns":10},{"damage":9,"enemies":"Shield and Spear","floor":55,"turns":5},{"damage":19,"enemies":"The Heart","floor":56,"turns":8}],"seed_played":"-4868576924411870800","potions_obtained":[{"floor":1.0,"key":"Poison Potion"},{"floor":7.0,"key":"Energy Potion"},{"floor":16.0,"key":"Energy Potion"},{"floor":20.0,"key":"GamblersBrew"},{"floor":38.0,"key":"Weak Potion"},{"floor":39.0,"key":"PowerPotion"},{"floor":55,"key":"LiquidBronze"}],"is_trial":false,"path_per_floor":["M","?","?","$","T","R","E","R","T","R","M","R","M","M","R","B",null,"M","$","M","?","M","R","M","$","T","M","R","M","$","?","R","B",null,"M","?","$","M","M","R","$","E","T","M","R","$","?","?","R","B","B",null,"R","$","E","B",null],"character_chosen":"THE_SILENT","items_purchased":["Footwork","PowerPotion","Snake Skull"],"campfire_rested":0,"item_purchase_floors":[4,30,54],"current_hp_per_floor":[59,59,48,48,48,48,48,48,48,48,48,48,48,42,42,41,60,54,54,34,47,47,47,46,46,46,29,29,24,24,24,24,24,56,46,46,46,45,45,45,45,55,55,53,53,53,53,53,53,53,27,64,64,64,55,36],"gold":63,"neow_bonus":"THREE_ENEMY_KILL","is_prod":false,"is_daily":false,"chose_seed":false,"campfire_upgraded":11,"win_rate":0,"timestamp":1546492802,"path_taken":["M","?","?","$","?","R","E","R","T","R","M","R","M","M","R","BOSS","M","$","M","?","M","R","M","?","T","M","R","M","$","?","R","BOSS","M","?","$","M","M","R","$","E","T","M","R","?","?","?","R","BOSS","BOSS","R","$","E","BOSS"],"build_version":"2018-12-20","purchased_purges":3,"victory":true,"max_hp_per_floor":[66,66,66,66,66,66,66,66,66,66,66,66,66,66,66,66,66,66,66,66,66,66,66,66,66,66,66,66,66,66,66,66,66,66,66,66,66,66,66,66,66,76,76,76,76,76,76,76,76,76,76,76,76,76,76,76],"card_choices":[{"not_picked":["Dodge and Roll","Poisoned Stab"],"picked":"Caltrops","floor":1.0},{"not_picked":["Accuracy","PiercingWail","Concentrate"],"picked":"Catalyst","floor":7.0},{"not_picked":["Cloak And Dagger","Quick Slash","Dagger Spray","Flechettes"],"picked":"SKIP","floor":11.0},{"not_picked":["Prepared","Accuracy","Acrobatics"],"picked":"Doppelganger","floor":13.0},{"not_picked":["PiercingWail","Flying Knee","Deadly Poison"],"picked":"Bouncing Flask","floor":14.0},{"not_picked":["After Image","Envenom","Venomology"],"picked":"Burst","floor":16.0},{"not_picked":["Calculated Gamble","Dodge and Roll","Quick Slash"],"picked":"Catalyst","floor":17.0},{"not_picked":["Sucker Punch","Unload","Quick Slash"],"picked":"Footwork","floor":17.0},{"not_picked":["Blade Dance","Flying Knee","Acrobatics"],"picked":"Footwork","floor":17.0},{"not_picked":["Bane","Slice","Underhanded Strike"],"picked":"Noxious Fumes","floor":17.0},{"not_picked":["Deadly Poison+1","Riddle With Holes","Flechettes"],"picked":"Concentrate","floor":18.0},{"not_picked":["Blade Dance","Prepared","Dodge and Roll","Sucker Punch"],"picked":"SKIP","floor":20.0},{"not_picked":["Outmaneuver","Acrobatics","Prepared","Predator"],"picked":"SKIP","floor":22.0},{"not_picked":["Accuracy+1","Expertise","Eviscerate"],"picked":"Concentrate","floor":24.0},{"not_picked":["Dagger Throw","Reflex","Dash","Tactician"],"picked":"SKIP","floor":27.0},{"not_picked":["Skewer","Setup","Poisoned Stab"],"picked":"Well Laid Plans","floor":29.0},{"not_picked":["Glass Knife","Tools of the Trade","Die Die Die"],"picked":"Wraith Form v2","floor":33.0},{"not_picked":["Setup","Dagger Spray","Endless Agony+1"],"picked":"PiercingWail","floor":35.0},{"not_picked":["Finisher","Flying Knee","Distraction+1","Deflect"],"picked":"SKIP","floor":38.0},{"not_picked":["Escape Plan","Caltrops","Quick Slash","Endless Agony"],"picked":"SKIP","floor":39.0},{"not_picked":["Escape Plan","Caltrops","Quick Slash","Endless Agony"],"picked":"SKIP","floor":39.0},{"not_picked":["Backflip","Escape Plan+1","Deflect","Slice+1"],"picked":"SKIP","floor":42.0},{"not_picked":["All Out Attack","Backflip+1","Underhanded Strike","Reflex"],"picked":"SKIP","floor":44},{"not_picked":["Bullet Time","Cloak And Dagger","Sucker Punch","Noxious Fumes"],"picked":"SKIP","floor":55}],"player_experience":1685256,"relics_obtained":[{"floor":5.0,"key":"Regal Pillow"},{"floor":7.0,"key":"Ice Cream"},{"floor":9.0,"key":"Pocketwatch"},{"floor":42.0,"key":"Pear"},{"floor":43.0,"key":"Gremlin Horn"},{"floor":48,"key":"FossilizedHelix"},{"floor":55,"key":"Lantern"}],"event_choices":[{"cards_removed":["Strike_G"],"damage_healed":0.0,"max_hp_gain":0.0,"max_hp_loss":0.0,"gold_gain":0.0,"event_name":"Living Wall","player_choice":"Forget","floor":2.0,"gold_loss":0.0,"damage_taken":0.0},{"damage_healed":0.0,"max_hp_gain":0.0,"max_hp_loss":0.0,"gold_gain":0.0,"event_name":"Scrap Ooze","player_choice":"Success","floor":3.0,"gold_loss":0.0,"damage_taken":11.0,"relics_obtained":["Question Card"]},{"damage_healed":13.0,"max_hp_gain":0.0,"max_hp_loss":0.0,"gold_gain":0.0,"event_name":"The Library","player_choice":"Heal","floor":21.0,"gold_loss":0.0,"damage_taken":0.0},{"damage_healed":0.0,"max_hp_gain":0.0,"max_hp_loss":0.0,"gold_gain":0.0,"cards_transformed":["Strike_G","Strike_G"],"event_name":"Drug Dealer","player_choice":"Became Test Subject","floor":31.0,"gold_loss":0.0,"damage_taken":0.0,"cards_obtained":["Accuracy","Backstab"]},{"damage_healed":0.0,"max_hp_gain":0.0,"max_hp_loss":0.0,"gold_gain":0.0,"event_name":"Accursed Blacksmith","player_choice":"Rummage","floor":36.0,"gold_loss":0.0,"damage_taken":0.0,"relics_obtained":["WarpedTongs"],"cards_obtained":["Pain"]},{"cards_removed":["Backstab"],"damage_healed":0,"gold_gain":0,"player_choice":"Removed Attack","damage_taken":0,"max_hp_gain":0,"max_hp_loss":0,"event_name":"Falling","floor":47,"gold_loss":0},{"damage_healed":0,"gold_gain":0,"player_choice":"Fight","damage_taken":0,"max_hp_gain":0,"max_hp_loss":0,"event_name":"MindBloom","floor":48,"gold_loss":0}],"is_beta":false,"boss_relics":[{"not_picked":["WristBlade","Calling Bell"],"picked":"Orrery"},{"not_picked":["Eternal Feather","Snecko Eye"],"picked":"Runic Pyramid"}],"items_purged_floors":[19,25,37],"is_endless":false,"potions_floor_spawned":[1,7,11,16,18,20,38,39,55],"ascension_level":20}