{"gold_per_floor":[359,359,359,359,377,377,302,318,318,141,141,57,107,120,120,198,198,214,1,12,23,73,73,86,106,106,42,55,55,72,83,83,156,156,167,187,187,167,178,178,113,113,139,149,181,78,78],"floor_reached":47,"playtime":2252,"items_purged":["Defend_G","Strike_G","Parasite"],"score":894,"play_id":"f27ae204-87a0-4427-ab28-d3fd73cbb0cd","local_time":"20190106142034","is_ascension_mode":true,"campfire_choices":[{"data":"Neutralize","floor":6.0,"key":"SMITH"},{"data":"Expertise","floor":15.0,"key":"SMITH"},{"data":"Well Laid Plans","floor":23.0,"key":"SMITH"},{"floor":32.0,"key":"REST"},{"data":"Night Terror","floor":40.0,"key":"SMITH"},{"data":"Footwork","floor":42.0,"key":"SMITH"}],"neow_cost":"PERCENT_DAMAGE","seed_source_timestamp":7813042592856,"circlet_count":0,"master_deck":["AscendersBane","Defend_G","Defend_G","Defend_G+1","Defend_G","Strike_G","Strike_G+1","Survivor","Neutralize+1","Acrobatics","Footwork+1","Grand Finale","Expertise+1","Night Terror+1","Well Laid Plans+1","Well Laid Plans","Acrobatics","Backflip","Backflip","Backflip","Tactician+1","Well Laid Plans","Acrobatics","Calculated Gamble"],"special_seed":0,"relics":["Ring of the Snake","Letter Opener","Orrery","Membership Card","Busted Crown","Singing Bowl","Orichalcum"],"potions_floor_usage":[],"damage_taken":[{"damage":9.0,"enemies":"Jaw Worm","floor":1.0,"turns":10.0},{"damage":0.0,"enemies":"2 Louse","floor":5.0,"turns":4.0},{"damage":0.0,"enemies":"Cultist","floor":8.0,"turns":5.0},{"damage":0.0,"enemies":"Large Slime","floor":14.0,"turns":2.0},{"damage":28.0,"enemies":"Slime Boss","floor":16.0,"turns":9.0},{"damage":0.0,"enemies":"Chosen","floor":18.0,"turns":7.0},{"damage":0.0,"enemies":"Spheric Guardian","floor":20.0,"turns":4.0},{"damage":23.0,"enemies":"Chosen and Byrds","floor":21.0,"turns":7.0},{"damage":12.0,"enemies":"Snake Plant","floor":24.0,"turns":6.0},{"damage":4.0,"enemies":"Cultist and Chosen","floor":25.0,"turns":3.0},{"damage":2.0,"enemies":"Centurion and Healer","floor":28.0,"turns":4.0},{"damage":8.0,"enemies":"Snecko","floor":30.0,"turns":3.0},{"damage":0.0,"enemies":"Snake Plant","floor":31.0,"turns":3.0},{"damage":11.0,"enemies":"Champ","floor":33.0,"turns":12.0},{"damage":10.0,"enemies":"3 Darklings","floor":35.0,"turns":4.0},{"damage":0.0,"enemies":"3 Shapes","floor":36.0,"turns":3.0},{"damage":0.0,"enemies":"Writhing Mass","floor":39.0,"turns":8.0},{"damage":27,"enemies":"Transient","floor":44,"turns":6},{"damage":13,"enemies":"Reptomancer","floor":45,"turns":5},{"damage":0,"enemies":"Nemesis","floor":47,"turns":2}],"seed_played":"7055917278289387865","potions_obtained":[{"floor":5.0,"key":"SpeedPotion"},{"floor":14.0,"key":"FairyPotion"},{"floor":16.0,"key":"Swift Potion"},{"floor":20.0,"key":"Poison Potion"},{"floor":21.0,"key":"SkillPotion"},{"floor":24.0,"key":"EssenceOfSteel"},{"floor":25.0,"key":"Energy Potion"},{"floor":30.0,"key":"Ancient Potion"},{"floor":31.0,"key":"Block Potion"},{"floor":35.0,"key":"LiquidBronze"},{"floor":38.0,"key":"PowerPotion"}],"is_trial":false,"path_per_floor":["M","?","?","?","M","R","$","M","T","$","?","$","?","M","R","B",null,"M","$","M","M","?","R","M","M","T","$","M","?","M","M","R","B",null,"M","M","T","?","M","R","$","R","T","M","E","$","E"],"character_chosen":"THE_SILENT","items_purchased":["Grand Finale","Expertise","Membership Card","Tactician","Well Laid Plans","Acrobatics","Calculated Gamble"],"campfire_rested":1,"item_purchase_floors":[10,12,19,27,27,41,46],"current_hp_per_floor":[35,15,8,8,8,8,8,8,8,8,8,8,8,8,8,6,51,51,51,51,28,28,28,16,12,12,12,10,10,2,2,21,10,52,42,42,42,42,44,44,44,44,44,19,8,8,8],"gold":78,"neow_bonus":"TWO_FIFTY_GOLD","is_prod":false,"is_daily":false,"chose_seed":false,"campfire_upgraded":5,"win_rate":0,"timestamp":1546755634,"path_taken":["M","?","?","?","M","R","$","M","T","$","?","$","?","?","R","BOSS","M","$","M","M","?","R","?","M","T","$","M","?","M","M","R","BOSS","M","M","?","?","M","R","$","R","T","?","E","$","E"],"build_version":"2019-01-03v4","purchased_purges":3,"victory":false,"max_hp_per_floor":[66,66,66,66,66,66,66,66,66,66,66,66,66,66,66,66,66,66,66,66,66,66,66,66,66,66,66,66,66,66,66,66,66,66,66,66,66,66,68,68,68,68,68,70,72,69,69],"card_choices":[{"not_picked":["Quick Slash","Outmaneuver"],"picked":"Acrobatics","floor":1.0},{"not_picked":["Deadly Poison","Slice"],"picked":"Footwork","floor":5.0},{"not_picked":["Bane","Leg Sweep","Deflect"],"picked":"SKIP","floor":8.0},{"not_picked":["Distraction","Dagger Throw","Slice"],"picked":"SKIP","floor":14.0},{"not_picked":["Bullet Time","Glass Knife"],"picked":"Night Terror","floor":16.0},{"not_picked":["Concentrate","Underhanded Strike"],"picked":"Well Laid Plans","floor":17.0},{"not_picked":["Tactician","Underhanded Strike"],"picked":"Well Laid Plans","floor":17.0},{"not_picked":["Bane","Finisher"],"picked":"Acrobatics","floor":17.0},{"not_picked":["Blade Dance","All Out Attack"],"picked":"Backflip","floor":17.0},{"not_picked":["Unload","Deadly Poison","PiercingWail"],"picked":"SKIP","floor":18.0},{"not_picked":["Unload","Deadly Poison","PiercingWail"],"picked":"SKIP","floor":18.0},{"not_picked":["Expertise","Blade Dance","Dodge and Roll"],"picked":"SKIP","floor":20.0},{"not_picked":["Slice","Choke"],"picked":"Backflip","floor":21.0},{"not_picked":["Blade Dance","Finisher+1"],"picked":"Backflip","floor":24.0},{"not_picked":["Backstab","Flechettes","Sucker Punch"],"picked":"SKIP","floor":25.0},{"not_picked":["Bane","Outmaneuver+1","Flying Knee"],"picked":"SKIP","floor":28.0},{"not_picked":["Heel Hook","Predator","Cloak And Dagger"],"picked":"SKIP","floor":30.0},{"not_picked":["Backstab","Deflect","Finisher"],"picked":"SKIP","floor":31.0},{"not_picked":["Dodge and Roll+1"],"picked":"SKIP","floor":35.0},{"not_picked":["Underhanded Strike"],"picked":"SKIP","floor":36.0},{"not_picked":["Cloak And Dagger"],"picked":"Singing Bowl","floor":39.0},{"not_picked":["Noxious Fumes"],"picked":"Singing Bowl","floor":44},{"not_picked":["All Out Attack"],"picked":"Singing Bowl","floor":45}],"player_experience":1774024,"relics_obtained":[{"floor":9.0,"key":"Letter Opener"},{"floor":37.0,"key":"Singing Bowl"},{"floor":43.0,"key":"Orichalcum"}],"event_choices":[{"damage_healed":0.0,"max_hp_gain":0.0,"max_hp_loss":0.0,"gold_gain":0.0,"event_name":"Shining Light","player_choice":"Entered Light","floor":2.0,"gold_loss":0.0,"damage_taken":20.0,"cards_upgraded":["Strike_G","Defend_G"]},{"cards_removed":["Strike_G"],"damage_healed":0.0,"max_hp_gain":0.0,"max_hp_loss":0.0,"gold_gain":0.0,"event_name":"Golden Wing","player_choice":"Card Removal","floor":3.0,"gold_loss":0.0,"damage_taken":7.0},{"cards_removed":["Strike_G"],"damage_healed":0.0,"max_hp_gain":0.0,"max_hp_loss":0.0,"gold_gain":0.0,"event_name":"Living Wall","player_choice":"Forget","floor":4.0,"gold_loss":0.0,"damage_taken":0.0},{"damage_healed":0.0,"max_hp_gain":0.0,"max_hp_loss":0.0,"gold_gain":0.0,"event_name":"Liars Game","player_choice":"Ignored","floor":11.0,"gold_loss":0.0,"damage_taken":0.0},{"damage_healed":0.0,"max_hp_gain":0.0,"max_hp_loss":0.0,"gold_gain":50.0,"event_name":"Golden Shrine","player_choice":"Pray","floor":13.0,"gold_loss":0.0,"damage_taken":0.0},{"damage_healed":0.0,"max_hp_gain":0.0,"max_hp_loss":0.0,"gold_gain":50.0,"event_name":"Golden Shrine","player_choice":"Pray","floor":22.0,"gold_loss":0.0,"damage_taken":0.0},{"damage_healed":0.0,"max_hp_gain":0.0,"max_hp_loss":0.0,"gold_gain":0.0,"event_name":"Accursed Blacksmith","player_choice":"Forge","floor":29.0,"gold_loss":0.0,"damage_taken":0.0,"cards_upgraded":["Tactician"]},{"damage_healed":0.0,"max_hp_gain":0.0,"max_hp_loss":0.0,"gold_gain":0.0,"event_name":"The Woman in Blue","player_choice":"Bought 1 Potion","floor":38.0,"gold_loss":0.0,"damage_taken":0.0}],"is_beta":false,"boss_relics":[{"not_picked":["Ring of the Serpent","Runic Dome"],"picked":"Orrery"},{"not_picked":["Velvet Choker","Tiny House"],"picked":"Busted Crown"}],"items_purged_floors":[7,41,46],"is_endless":false,"potions_floor_spawned":[5,14,16,20,21,24,25,30,31,35,44],"killed_by":"Nemesis","ascension_level":20}