{"gold_per_floor":[109,128,143,143,158,158,158,201,224,224,109,147,147,47,47,47],"floor_reached":16,"playtime":368,"items_purged":["Strike_R","Strike_R"],"score":216,"play_id":"67594643-16c5-4441-8cb4-88a8a678bfdb","local_time":"20190805144608","is_ascension_mode":true,"campfire_choices":[{"data":"Uppercut","floor":6.0,"key":"SMITH"},{"data":"Armaments","floor":10.0,"key":"SMITH"},{"data":"True Grit","floor":13.0,"key":"SMITH"},{"data":"Body Slam","floor":15.0,"key":"SMITH"}],"neow_cost":"PERCENT_DAMAGE","seed_source_timestamp":769367275950200,"circlet_count":0,"master_deck":["AscendersBane","Strike_R","Strike_R","Strike_R","Defend_R+1","Defend_R+1","Defend_R","Defend_R","Bash","Uppercut+1","Body Slam+1","Shrug It Off","Armaments+1","Battle Trance","True Grit+1"],"special_seed":0,"relics":["Burning Blood","Charon\u0027s Ashes","Golden Idol","Blood Vial","War Paint","Bag of Preparation"],"potions_floor_usage":[16],"damage_taken":[{"damage":2.0,"enemies":"Cultist","floor":1.0,"turns":4.0},{"damage":4.0,"enemies":"Small Slimes","floor":2.0,"turns":5.0},{"damage":14.0,"enemies":"Jaw Worm","floor":3.0,"turns":4.0},{"damage":30.0,"enemies":"Exordium Wildlife","floor":5.0,"turns":7.0},{"damage":15.0,"enemies":"3 Sentries","floor":8.0,"turns":6.0},{"damage":18.0,"enemies":"Gremlin Nob","floor":12.0,"turns":4.0},{"damage":32,"enemies":"Slime Boss","floor":16,"turns":8}],"seed_played":"-729843525418125742","potions_obtained":[{"floor":1.0,"key":"AttackPotion"},{"floor":2.0,"key":"Dexterity Potion"},{"floor":8.0,"key":"EssenceOfSteel"}],"is_trial":false,"path_per_floor":["M","M","M","?","M","R","?","E","T","R","$","E","R","$","R","B"],"character_chosen":"IRONCLAD","items_purchased":["Battle Trance"],"campfire_rested":0,"item_purchase_floors":[11],"current_hp_per_floor":[54,56,48,73,49,49,49,40,40,40,40,30,30,30,30,0],"gold":47,"neow_bonus":"ONE_RARE_RELIC","is_prod":false,"is_daily":false,"chose_seed":false,"campfire_upgraded":4,"win_rate":0,"timestamp":1564987568,"path_taken":["M","M","?","?","M","R","?","E","T","R","$","E","R","$","R","BOSS"],"build_version":"2019-07-17","purchased_purges":2,"victory":false,"max_hp_per_floor":[75,75,75,75,75,75,68,68,68,68,68,68,68,68,68,68],"card_choices":[{"not_picked":["Warcry","Corruption"],"picked":"Uppercut","floor":1.0},{"not_picked":["Carnage","Anger"],"picked":"Body Slam","floor":2.0},{"not_picked":["Perfected Strike","Thunderclap"],"picked":"Shrug It Off","floor":3.0},{"not_picked":["Warcry","Flex","True Grit"],"picked":"SKIP","floor":5.0},{"not_picked":["Pommel Strike","Clash"],"picked":"Armaments","floor":8.0},{"not_picked":["Warcry","Pommel Strike"],"picked":"True Grit","floor":12.0}],"player_experience":732305,"relics_obtained":[{"floor":8.0,"key":"Blood Vial"},{"floor":9.0,"key":"War Paint"},{"floor":12.0,"key":"Bag of Preparation"}],"event_choices":[{"damage_healed":25.0,"max_hp_gain":0.0,"max_hp_loss":0.0,"gold_gain":0.0,"event_name":"Big Fish","player_choice":"Banana","floor":4.0,"gold_loss":0.0,"damage_taken":0.0},{"damage_healed":0.0,"max_hp_gain":0.0,"max_hp_loss":7.0,"gold_gain":0.0,"event_name":"Golden Idol","player_choice":"Lose Max HP","floor":7.0,"gold_loss":0.0,"damage_taken":0.0,"relics_obtained":["Golden Idol"]}],"is_beta":false,"boss_relics":[],"items_purged_floors":[11,14],"is_endless":false,"potions_floor_spawned":[1,2,8],"killed_by":"Slime Boss","ascension_level":20}