{"gold_per_floor":[111,36,36,36,47,47,82,82,129,129,141,160,235,235,235,235],"floor_reached":16,"playtime":504,"items_purged":[],"score":196,"play_id":"f844c556-bf2e-4bfc-976e-79dd396fa2b0","local_time":"20190513143412","is_ascension_mode":true,"campfire_choices":[{"data":"Barrage","floor":6,"key":"SMITH"},{"floor":8,"key":"REST"},{"data":"Force Field","floor":10,"key":"SMITH"},{"data":"Hologram","floor":15,"key":"SMITH"}],"neow_cost":"NONE","seed_source_timestamp":12800474053602,"circlet_count":0,"master_deck":["AscendersBane","Strike_B","Strike_B","Strike_B","Defend_B","Defend_B","Defend_B","Defend_B","Zap","Dualcast","Fusion","Barrage+1","Force Field+1","Hologram+1","Pain"],"special_seed":0,"relics":["Snecko Eye","Blue Candle","Ancient Tea Set","WarpedTongs"],"potions_floor_usage":[7,16],"damage_taken":[{"damage":9.0,"enemies":"Jaw Worm","floor":1.0,"turns":5.0},{"damage":0,"enemies":"Small Slimes","floor":5,"turns":3},{"damage":44,"enemies":"Gremlin Nob","floor":7,"turns":4},{"damage":0,"enemies":"2 Louse","floor":11,"turns":5},{"damage":6,"enemies":"Red Slaver","floor":12,"turns":5},{"damage":1,"enemies":"The Guardian","floor":16,"turns":2}],"seed_played":"5996853334984917719","potions_obtained":[{"floor":1.0,"key":"GamblersBrew"},{"floor":5,"key":"Swift Potion"},{"floor":12,"key":"FocusPotion"}],"is_trial":false,"path_per_floor":["M","?","?","?","M","R","E","R","T","R","M","M","?","?","R","B"],"character_chosen":"DEFECT","items_purchased":[],"campfire_rested":1,"item_purchase_floors":[],"current_hp_per_floor":[55,55,55,60,60,60,16,38,38,38,38,32,21,21,21,20],"gold":235,"neow_bonus":"BOSS_RELIC","is_prod":false,"is_daily":false,"chose_seed":false,"campfire_upgraded":3,"win_rate":0,"timestamp":1557729252,"path_taken":["M","?","?","?","M","R","E","R","T","R","M","M","?","?","R","BOSS"],"build_version":"2019-01-23","purchased_purges":0,"victory":false,"max_hp_per_floor":[71,71,71,76,76,76,76,76,76,76,76,76,76,76,76,76],"card_choices":[{"not_picked":["Melter","Skim"],"picked":"Fusion","floor":1.0},{"not_picked":["Stack","Steam"],"picked":"Barrage","floor":5},{"not_picked":["Melter","Redo"],"picked":"Force Field","floor":7},{"not_picked":["Barrage","Beam Cell"],"picked":"Hologram","floor":11},{"not_picked":["Steam","Hologram","Beam Cell"],"picked":"SKIP","floor":12}],"player_experience":4722311,"relics_obtained":[{"floor":7,"key":"Blue Candle"},{"floor":9,"key":"Ancient Tea Set"}],"event_choices":[{"cards_removed":["Strike_B"],"damage_healed":0.0,"max_hp_gain":0.0,"max_hp_loss":0.0,"gold_gain":0.0,"event_name":"The Cleric","player_choice":"Card Removal","floor":2.0,"gold_loss":75.0,"damage_taken":0.0},{"damage_healed":0,"gold_gain":0,"player_choice":"Ignored","damage_taken":0,"max_hp_gain":0,"max_hp_loss":0,"event_name":"Shining Light","floor":3,"gold_loss":0},{"damage_healed":0,"gold_gain":0,"player_choice":"Donut","damage_taken":0,"max_hp_gain":5,"max_hp_loss":0,"event_name":"Big Fish","floor":4,"gold_loss":0},{"damage_healed":0,"gold_gain":75,"player_choice":"Gather Gold","damage_taken":11,"max_hp_gain":0,"max_hp_loss":0,"event_name":"World of Goop","floor":13,"gold_loss":0},{"damage_healed":0,"gold_gain":0,"player_choice":"Rummage","damage_taken":0,"relics_obtained":["WarpedTongs"],"max_hp_gain":0,"max_hp_loss":0,"event_name":"Accursed Blacksmith","floor":14,"gold_loss":0,"cards_obtained":["Pain"]}],"is_beta":false,"boss_relics":[],"items_purged_floors":[],"is_endless":false,"potions_floor_spawned":[1,5,12],"killed_by":"The Guardian","ascension_level":20}