{"gold_per_floor":[111,186,196,212,212,212,239,259,285,304,102,115,115,132,132,207,207,219,139],"floor_reached":19,"playtime":703,"items_purged":["Strike_B"],"score":342,"play_id":"33ac3408-2eb2-4c82-8e18-c90b16e0bba2","local_time":"20190630202245","is_ascension_mode":true,"campfire_choices":[{"data":"Defragment","floor":6,"key":"SMITH"},{"floor":13,"key":"REST"},{"floor":15,"key":"REST"}],"neow_cost":"NONE","seed_source_timestamp":35718686416989,"circlet_count":0,"master_deck":["AscendersBane","Strike_B","Strike_B","Defend_B","Defend_B","Defend_B","Defend_B","Zap","Dualcast","Gash","Defragment+1","Ball Lightning","White Noise","Loop","Reprogram","Capacitor","Conserve Battery","Sweeping Beam","Defragment","Echo Form","Leap"],"relics":["Cracked Core","Blood Vial","Strawberry","Sozu"],"potions_floor_usage":[8,12,16,19],"damage_taken":[{"damage":2,"enemies":"Jaw Worm","floor":1,"turns":3},{"damage":1,"enemies":"Cultist","floor":3,"turns":3},{"damage":1,"enemies":"2 Louse","floor":4,"turns":2},{"damage":32,"enemies":"Gremlin Nob","floor":7,"turns":4},{"damage":6,"enemies":"Exordium Thugs","floor":8,"turns":3},{"damage":13,"enemies":"Red Slaver","floor":10,"turns":3},{"damage":14,"enemies":"3 Louse","floor":12,"turns":5},{"damage":9,"enemies":"Looter","floor":14,"turns":4},{"damage":20,"enemies":"Slime Boss","floor":16,"turns":6},{"damage":49,"enemies":"Chosen","floor":18,"turns":6},{"damage":34,"enemies":"2 Thieves","floor":19,"turns":2}],"seed_played":"-2624885486787483042","potions_obtained":[{"floor":1,"key":"Dexterity Potion"},{"floor":7,"key":"Explosive Potion"},{"floor":10,"key":"EssenceOfSteel"},{"floor":14,"key":"Energy Potion"},{"floor":16,"key":"PowerPotion"}],"is_trial":false,"path_per_floor":["M","?","M","M","?","R","E","M","T","M","$","M","R","M","R","B",null,"M","M"],"character_chosen":"DEFECT","items_purchased":["Capacitor","Conserve Battery"],"campfire_rested":2,"item_purchase_floors":[11,11],"current_hp_per_floor":[69,58,57,56,56,56,24,20,27,16,16,4,29,22,47,29,71,24,0],"gold":139,"neow_bonus":"TEN_PERCENT_HP_BONUS","is_prod":false,"is_daily":false,"chose_seed":false,"campfire_upgraded":1,"win_rate":0,"timestamp":1561918965,"path_taken":["M","?","M","M","?","R","E","M","T","M","$","M","R","M","R","BOSS","M","?"],"build_version":"2019-01-23","purchased_purges":1,"victory":false,"max_hp_per_floor":[78,78,78,78,78,78,78,78,85,85,85,85,85,85,85,85,85,85,85],"card_choices":[{"not_picked":["Steam Power","Hologram"],"picked":"Gash","floor":1},{"not_picked":["Steam","Leap"],"picked":"Defragment","floor":3},{"not_picked":["Go for the Eyes","Undo"],"picked":"Ball Lightning","floor":4},{"not_picked":["Steam Power","Beam Cell"],"picked":"White Noise","floor":7},{"not_picked":["Stack","Steam"],"picked":"Loop","floor":8},{"not_picked":["Multi-Cast","Steam Power"],"picked":"Reprogram","floor":10},{"not_picked":["Redo","Rebound"],"picked":"Sweeping Beam","floor":12},{"not_picked":["Hologram","Barrage"],"picked":"Defragment","floor":14},{"not_picked":["Amplify","Multi-Cast"],"picked":"Echo Form","floor":16},{"not_picked":["Beam Cell","Redo+1"],"picked":"Leap","floor":18}],"player_experience":655835,"relics_obtained":[{"floor":7,"key":"Blood Vial"},{"floor":9,"key":"Strawberry"}],"event_choices":[{"damage_healed":0,"gold_gain":75,"player_choice":"Gather Gold","damage_taken":11,"max_hp_gain":0,"max_hp_loss":0,"event_name":"World of Goop","floor":2,"gold_loss":0},{"cards_removed":["Strike_B"],"damage_healed":0,"gold_gain":0,"player_choice":"Offered Basic","damage_taken":0,"max_hp_gain":0,"max_hp_loss":0,"event_name":"Bonfire Elementals","floor":5,"gold_loss":0}],"is_beta":false,"boss_relics":[{"not_picked":["Black Star","Busted Crown"],"picked":"Sozu"}],"items_purged_floors":[11],"is_endless":false,"potions_floor_spawned":[1,7,10,14,16],"killed_by":"2 Thieves","ascension_level":20}