{"gold_per_floor":[112,132,82,7,18,51,31,56,80,92,104,104,104,120,120,239,239,239,239,14,14,14,14,14,14,14,14,14,14,14,14,14,14,14,14,14,14,0,0,0,0,0,0,0,0,0,0,0,0,0],"floor_reached":51,"playtime":1403,"items_purged":["Strike_G","Strike_G"],"score":909,"play_id":"4ba515bb-beba-4907-81ee-8ddd9b14f4d6","local_time":"20181104220327","is_ascension_mode":false,"campfire_choices":[{"data":"Neutralize","floor":13,"key":"SMITH"},{"data":"Finisher","floor":15,"key":"SMITH"},{"data":"Terror","floor":25,"key":"SMITH"},{"data":"Accuracy","floor":28,"key":"SMITH"},{"data":"A Thousand Cuts","floor":30,"key":"SMITH"},{"data":"Blade Dance","floor":32,"key":"SMITH"},{"data":"Finisher","floor":42,"key":"SMITH"},{"data":"1","floor":49,"key":"LIFT"}],"neow_cost":"NONE","seed_source_timestamp":384752845791389,"circlet_count":0,"master_deck":["Defend_G","Defend_G","Defend_G","Defend_G","Survivor","Neutralize+1","Well Laid Plans","Finisher+1","Infinite Blades","Slice","Finisher+1","Accuracy+1","Corpse Explosion","Blade Dance+1","Terror+1","RitualDagger","Expertise","A Thousand Cuts+1","Backflip+1","Acrobatics"],"relics":["Ring of the Snake","NeowsBlessing","Bag of Preparation","Oddly Smooth Stone","Pen Nib","Golden Idol","Ectoplasm","Anchor","Omamori","Art of War","Runic Dome","Girya","Red Mask","Juzu Bracelet","Dream Catcher","Kunai","Tiny Chest"],"potions_floor_usage":[6,16,16,23,36,50,50],"damage_taken":[{"damage":0,"enemies":"Small Slimes","floor":1,"turns":1},{"damage":0,"enemies":"Cultist","floor":2,"turns":1},{"damage":0,"enemies":"2 Louse","floor":5,"turns":1},{"damage":21,"enemies":"Lagavulin","floor":6,"turns":5},{"damage":21,"enemies":"Gremlin Nob","floor":8,"turns":4},{"damage":0,"enemies":"Exordium Wildlife","floor":10,"turns":2},{"damage":0,"enemies":"Looter","floor":11,"turns":1},{"damage":14,"enemies":"Exordium Thugs","floor":14,"turns":3},{"damage":0,"enemies":"Hexaghost","floor":16,"turns":9},{"damage":2,"enemies":"Shell Parasite","floor":18,"turns":5},{"damage":7,"enemies":"Chosen","floor":19,"turns":5},{"damage":12,"enemies":"Book of Stabbing","floor":23,"turns":4},{"damage":3,"enemies":"Snake Plant","floor":24,"turns":4},{"damage":2,"enemies":"Centurion and Healer","floor":29,"turns":5},{"damage":0,"enemies":"Collector","floor":33,"turns":5},{"damage":0,"enemies":"3 Shapes","floor":35,"turns":2},{"damage":0,"enemies":"2 Orb Walkers","floor":36,"turns":1},{"damage":0,"enemies":"Orb Walker","floor":37,"turns":1},{"damage":10,"enemies":"Nemesis","floor":40,"turns":5},{"damage":9,"enemies":"Reptomancer","floor":45,"turns":4},{"damage":0,"enemies":"Giant Head","floor":48,"turns":5},{"damage":17,"enemies":"Awakened One","floor":50,"turns":8}],"seed_played":"7280893140782280267","potions_obtained":[{"floor":2,"key":"AttackPotion"},{"floor":6,"key":"EssenceOfSteel"},{"floor":7,"key":"Block Potion"},{"floor":10,"key":"EssenceOfSteel"},{"floor":11,"key":"Energy Potion"},{"floor":19,"key":"Strength Potion"},{"floor":29,"key":"Energy Potion"},{"floor":48,"key":"Block Potion"}],"is_trial":false,"path_per_floor":["M","M","?","$","M","E","?","E","T","M","M","?","R","M","R","B",null,"M","M","$","?","?","E","M","R","T","?","R","M","R","?","R","B",null,"M","?","M","?","$","E","?","R","T","?","E","?","$","E","R","B",null],"character_chosen":"THE_SILENT","items_purchased":["Terror","AttackPotion"],"campfire_rested":0,"item_purchase_floors":[20,20],"current_hp_per_floor":[70,70,70,70,70,49,49,28,28,28,28,28,28,14,14,14,65,63,56,56,50,50,38,35,35,35,35,35,33,33,33,33,33,65,65,65,65,65,65,55,55,55,55,65,56,56,56,56,56,39],"gold":0,"neow_bonus":"THREE_ENEMY_KILL","is_prod":false,"is_daily":false,"chose_seed":false,"campfire_upgraded":7,"win_rate":0,"timestamp":1541340207,"path_taken":["M","M","?","$","M","E","?","E","T","?","M","?","R","M","R","BOSS","M","M","$","?","?","E","M","R","T","?","R","?","R","?","R","BOSS","M","?","M","?","?","E","?","R","T","?","E","?","?","E","R","BOSS"],"build_version":"2018-11-02","purchased_purges":2,"victory":true,"max_hp_per_floor":[70,70,70,70,70,70,70,70,70,70,70,65,65,65,65,65,65,65,65,65,65,65,65,65,65,65,65,65,65,65,65,65,65,65,65,65,65,65,65,65,65,65,65,65,65,65,65,65,65,65],"card_choices":[{"not_picked":["Sucker Punch","Poisoned Stab"],"picked":"Well Laid Plans","floor":1},{"not_picked":["Terror","Setup"],"picked":"Finisher","floor":2},{"not_picked":["Acrobatics","Outmaneuver"],"picked":"Infinite Blades","floor":5},{"not_picked":["Flying Knee","Heel Hook"],"picked":"Slice","floor":6},{"not_picked":["Flying Knee","Deadly Poison","Flechettes"],"picked":"SKIP","floor":8},{"not_picked":["Dagger Throw","Dagger Spray"],"picked":"Finisher","floor":10},{"not_picked":["Caltrops","Prepared","PiercingWail"],"picked":"SKIP","floor":11},{"not_picked":["Flying Knee","Slice"],"picked":"Accuracy","floor":14},{"not_picked":["Glass Knife","Grand Finale"],"picked":"Corpse Explosion","floor":16},{"not_picked":["Slice","Outmaneuver","Concentrate"],"picked":"SKIP","floor":18},{"not_picked":["Dodge and Roll+1","Underhanded Strike"],"picked":"Blade Dance","floor":19},{"not_picked":["Bane+1","Poisoned Stab","Malaise"],"picked":"SKIP","floor":23},{"not_picked":["Quick Slash+1","Slice+1"],"picked":"Backflip+1","floor":24},{"not_picked":["Dodge and Roll+1","Poisoned Stab+1","Outmaneuver"],"picked":"SKIP","floor":29},{"not_picked":["Endless Agony","Setup","Underhanded Strike+1"],"picked":"SKIP","floor":35},{"not_picked":["Catalyst+1","Crippling Poison+1","Calculated Gamble+1"],"picked":"SKIP","floor":37},{"not_picked":["Grand Finale","Dagger Throw+1"],"picked":"Acrobatics","floor":40},{"not_picked":["Deflect","Skewer","Expertise+1"],"picked":"SKIP","floor":45},{"not_picked":["Underhanded Strike+1","Concentrate","Unload"],"picked":"SKIP","floor":48}],"player_experience":445403,"relics_obtained":[{"floor":6,"key":"Bag of Preparation"},{"floor":8,"key":"Oddly Smooth Stone"},{"floor":9,"key":"Pen Nib"},{"floor":23,"key":"Anchor"},{"floor":26,"key":"Omamori"},{"floor":36,"key":"Girya"},{"floor":40,"key":"Juzu Bracelet"},{"floor":43,"key":"Dream Catcher"},{"floor":45,"key":"Kunai"},{"floor":48,"key":"Tiny Chest"}],"event_choices":[{"cards_removed":["Strike_G"],"damage_healed":0,"gold_gain":0,"player_choice":"Card Removal","damage_taken":0,"max_hp_gain":0,"max_hp_loss":0,"event_name":"The Cleric","floor":3,"gold_loss":50},{"damage_healed":0,"gold_gain":0,"player_choice":"Bought 1 Potion","damage_taken":0,"max_hp_gain":0,"max_hp_loss":0,"event_name":"The Woman in Blue","floor":7,"gold_loss":0},{"damage_healed":0,"gold_gain":0,"player_choice":"Lose Max HP","damage_taken":0,"relics_obtained":["Golden Idol"],"max_hp_gain":0,"max_hp_loss":5,"event_name":"Golden Idol","floor":12,"gold_loss":0},{"damage_healed":0,"gold_gain":0,"player_choice":"Joined the Cult","damage_taken":6,"max_hp_gain":0,"max_hp_loss":0,"event_name":"Nest","floor":21,"gold_loss":0,"cards_obtained":["RitualDagger"]},{"damage_healed":0,"gold_gain":0,"cards_transformed":["Strike_G","Strike_G"],"player_choice":"Became Test Subject","damage_taken":0,"max_hp_gain":0,"max_hp_loss":0,"event_name":"Drug Dealer","floor":22,"gold_loss":0,"cards_obtained":["Expertise","A Thousand Cuts"]},{"damage_healed":0,"gold_gain":0,"player_choice":"Ignored","damage_taken":0,"max_hp_gain":0,"max_hp_loss":0,"event_name":"Beggar","floor":27,"gold_loss":0},{"damage_healed":0,"gold_gain":0,"player_choice":"Stole Relic","damage_taken":0,"relics_obtained":["Art of War"],"max_hp_gain":0,"max_hp_loss":0,"event_name":"Addict","floor":31,"gold_loss":0,"cards_obtained":["Shame"]},{"damage_healed":0,"gold_gain":0,"player_choice":"Fight","damage_taken":0,"max_hp_gain":0,"max_hp_loss":0,"event_name":"Mysterious Sphere","floor":36,"gold_loss":0},{"damage_healed":0,"gold_gain":0,"player_choice":"Paid","damage_taken":0,"relics_obtained":["Red Mask"],"max_hp_gain":0,"max_hp_loss":0,"event_name":"Tomb of Lord Red Mask","floor":38,"gold_loss":14},{"cards_removed":["Defend_G"],"damage_healed":0,"gold_gain":0,"player_choice":"Removed Skill","damage_taken":0,"max_hp_gain":0,"max_hp_loss":0,"event_name":"Falling","floor":41,"gold_loss":0},{"damage_healed":16,"gold_gain":0,"player_choice":"Writhe","damage_taken":0,"max_hp_gain":0,"max_hp_loss":0,"event_name":"Winding Halls","floor":44,"gold_loss":0,"cards_obtained":["Writhe"]},{"damage_healed":0,"gold_gain":100,"player_choice":"Pray","damage_taken":0,"max_hp_gain":0,"max_hp_loss":0,"event_name":"Golden Shrine","floor":46,"gold_loss":0}],"is_beta":true,"boss_relics":[{"not_picked":["Fusion Hammer","Eternal Feather"],"picked":"Ectoplasm"},{"not_picked":["Snecko Eye","Astrolabe"],"picked":"Runic Dome"}],"items_purged_floors":[4,20],"is_endless":false,"potions_floor_spawned":[2,6,10,11,19,29,33,35,48],"ascension_level":0}