{"gold_per_floor":[112,112,112,124,49,81,156,156,156,218,230,262,277,290,290,361,361,373,233,233,252,252,287,301,301,301,315,315,350,350,366,366,441,441,456,469,148,159,173,184,201,201,201,126,126,159,159,192,192,192,192,192,192,22,57,57],"floor_reached":57,"playtime":2966,"items_purged":["Strike_R","Strike_R","Bash","Parasite"],"score":2819,"play_id":"01e865a7-b261-4fbf-a97c-97c384968060","local_time":"20190122172828","is_ascension_mode":true,"campfire_choices":[{"data":"Immolate","floor":8.0,"key":"SMITH"},{"data":"Shockwave","floor":15.0,"key":"SMITH"},{"data":"Inflame","floor":25.0,"key":"SMITH"},{"data":"Limit Break","floor":28.0,"key":"SMITH"},{"data":"Sword Boomerang","floor":30.0,"key":"SMITH"},{"data":"Offering","floor":32.0,"key":"SMITH"},{"data":"Offering","floor":42.0,"key":"SMITH"},{"data":"Dual Wield","floor":45.0,"key":"SMITH"},{"data":"Double Tap","floor":47.0,"key":"SMITH"},{"floor":49.0,"key":"RECALL"},{"data":"Second Wind","floor":53.0,"key":"SMITH"}],"neow_cost":"NONE","seed_source_timestamp":22223843674510,"circlet_count":0,"master_deck":["AscendersBane","Defend_R","Defend_R","Defend_R","Defend_R","Second Wind+1","Shrug It Off","Immolate+1","Limit Break+1","Sword Boomerang+1","Offering+1","Shockwave+1","Reaper","Inflame+1","Offering+1","Uppercut+1","Flex+1","Evolve","Double Tap+1","Dual Wield+1","Power Through","Burning Pact+1"],"special_seed":0,"relics":["Burning Blood","NeowsBlessing","Orichalcum","Magic Flower","Tiny Chest","Lantern","Cursed Key","Molten Egg 2","Strawberry","Runic Pyramid","Membership Card","Bird Faced Urn","Boot","Pocketwatch"],"potions_floor_usage":[55,56],"damage_taken":[{"damage":0.0,"enemies":"Small Slimes","floor":1.0,"turns":1.0},{"damage":0.0,"enemies":"Jaw Worm","floor":4.0,"turns":1.0},{"damage":0.0,"enemies":"Gremlin Nob","floor":6.0,"turns":1.0},{"damage":17.0,"enemies":"3 Sentries","floor":10.0,"turns":5.0},{"damage":0.0,"enemies":"Cultist","floor":11.0,"turns":3.0},{"damage":20.0,"enemies":"Gremlin Nob","floor":12.0,"turns":4.0},{"damage":6.0,"enemies":"Exordium Wildlife","floor":13.0,"turns":3.0},{"damage":0.0,"enemies":"2 Fungi Beasts","floor":14.0,"turns":1.0},{"damage":50.0,"enemies":"The Guardian","floor":16.0,"turns":8.0},{"damage":18.0,"enemies":"Chosen","floor":18.0,"turns":5.0},{"damage":11.0,"enemies":"2 Thieves","floor":21.0,"turns":3.0},{"damage":12.0,"enemies":"Slavers","floor":23.0,"turns":2.0},{"damage":12.0,"enemies":"3 Cultists","floor":24.0,"turns":3.0},{"damage":17.0,"enemies":"Centurion and Healer","floor":27.0,"turns":3.0},{"damage":35.0,"enemies":"Book of Stabbing","floor":29.0,"turns":4.0},{"damage":27.0,"enemies":"Snake Plant","floor":31.0,"turns":4.0},{"damage":60.0,"enemies":"Automaton","floor":33.0,"turns":7.0},{"damage":23.0,"enemies":"3 Darklings","floor":35.0,"turns":4.0},{"damage":15.0,"enemies":"Orb Walker","floor":36.0,"turns":3.0},{"damage":26.0,"enemies":"Sphere and 2 Shapes","floor":38.0,"turns":3.0},{"damage":49.0,"enemies":"3 Darklings","floor":39.0,"turns":3.0},{"damage":22.0,"enemies":"4 Shapes","floor":40.0,"turns":2.0},{"damage":31.0,"enemies":"Spire Growth","floor":41.0,"turns":3.0},{"damage":36.0,"enemies":"Giant Head","floor":46.0,"turns":5.0},{"damage":12.0,"enemies":"Reptomancer","floor":48.0,"turns":3.0},{"damage":30.0,"enemies":"Time Eater","floor":50.0,"turns":4.0},{"damage":92.0,"enemies":"Awakened One","floor":51.0,"turns":8.0},{"damage":88,"enemies":"Shield and Spear","floor":55,"turns":6},{"damage":146,"enemies":"The Heart","floor":56,"turns":10}],"seed_played":"5459128803494308113","potions_obtained":[{"floor":10.0,"key":"Weak Potion"},{"floor":11.0,"key":"Dexterity Potion"},{"floor":12.0,"key":"SkillPotion"},{"floor":14.0,"key":"Regen Potion"},{"floor":29.0,"key":"Dexterity Potion"},{"floor":33.0,"key":"Block Potion"},{"floor":38.0,"key":"Swift Potion"}],"is_trial":false,"path_per_floor":["M","?","?","M","$","E","?","R","T","E","M","E","M","M","R","B",null,"M","$","?","M","T","E","M","R","T","M","R","E","R","M","R","B",null,"M","M","$","M","M","M","M","R","T","$","R","E","R","E","R","B","B",null,"R","$","E","B",null],"character_chosen":"IRONCLAD","items_purchased":["Inflame","Membership Card","Evolve","Pocketwatch"],"campfire_rested":0,"item_purchase_floors":[19,37,37,54],"current_hp_per_floor":[74,74,67,73,73,75,64,64,64,56,65,54,57,66,66,25,63,60,60,60,75,75,72,75,75,75,75,75,79,79,72,72,44,73,82,82,82,82,82,69,82,82,82,79,79,79,79,79,79,61,79,79,79,79,79,60],"gold":57,"neow_bonus":"THREE_ENEMY_KILL","is_prod":false,"is_daily":false,"chose_seed":false,"campfire_upgraded":10,"win_rate":0,"timestamp":1548149308,"path_taken":["M","?","?","M","$","E","?","R","T","E","M","E","M","M","R","BOSS","M","$","?","?","?","E","M","R","T","M","R","E","R","M","R","BOSS","M","M","$","M","M","M","M","R","T","$","R","E","R","E","R","BOSS","BOSS","R","$","E","BOSS"],"build_version":"2019-01-17v2","purchased_purges":4,"victory":true,"max_hp_per_floor":[75,75,75,75,75,75,75,75,75,75,75,75,75,75,75,75,75,75,75,75,75,75,75,75,75,75,75,75,82,82,82,82,82,82,82,82,82,82,82,82,82,82,82,79,79,79,79,79,79,79,79,79,79,79,79,79],"card_choices":[{"not_picked":["Heavy Blade","Sword Boomerang"],"picked":"Second Wind","floor":1.0},{"not_picked":["Bloodletting","Pummel","Cleave"],"picked":"SKIP","floor":4.0},{"not_picked":["True Grit","Blood for Blood"],"picked":"Immolate","floor":6.0},{"not_picked":["Combust","Dropkick"],"picked":"Limit Break","floor":10.0},{"not_picked":["Wild Strike","Headbutt","Warcry"],"picked":"SKIP","floor":11.0},{"not_picked":["Dual Wield","Wild Strike"],"picked":"Sword Boomerang","floor":12.0},{"not_picked":["Shockwave","Pommel Strike"],"picked":"Offering","floor":13.0},{"not_picked":["Hemokinesis","Seeing Red"],"picked":"Shockwave","floor":14.0},{"not_picked":["Exhume","Demon Form"],"picked":"Reaper","floor":16.0},{"not_picked":["Whirlwind+1","Body Slam","Clothesline"],"picked":"SKIP","floor":18.0},{"not_picked":["Blood for Blood","Anger","Uppercut"],"picked":"SKIP","floor":21.0},{"not_picked":["Inflame+1","Armaments"],"picked":"Offering","floor":23.0},{"not_picked":["Clash+1","Bloodletting","Spot Weakness"],"picked":"SKIP","floor":24.0},{"not_picked":["Havoc","Rampage+1"],"picked":"Uppercut+1","floor":27.0},{"not_picked":["Infernal Blade","Warcry"],"picked":"Flex+1","floor":29.0},{"not_picked":["Metallicize","Shrug It Off","True Grit"],"picked":"SKIP","floor":31.0},{"not_picked":["Iron Wave+1","Headbutt+1","Cleave+1"],"picked":"SKIP","floor":35.0},{"not_picked":["Sword Boomerang+1","Twin Strike+1","Havoc"],"picked":"SKIP","floor":36.0},{"not_picked":["Intimidate","Body Slam+1","Warcry"],"picked":"SKIP","floor":38.0},{"not_picked":["Twin Strike+1","Clash+1"],"picked":"Double Tap","floor":39.0},{"not_picked":["Anger+1","Combust+1"],"picked":"Dual Wield","floor":40.0},{"not_picked":["Sword Boomerang+1","Anger+1"],"picked":"Power Through","floor":41.0},{"not_picked":["Cleave+1","Bludgeon+1","Carnage+1"],"picked":"SKIP","floor":46.0},{"not_picked":["Fire Breathing","Seeing Red"],"picked":"Burning Pact+1","floor":48.0},{"not_picked":["Havoc","Hemokinesis+1","Armaments"],"picked":"SKIP","floor":55}],"player_experience":2139745,"relics_obtained":[{"floor":6.0,"key":"Orichalcum"},{"floor":9.0,"key":"Magic Flower"},{"floor":10.0,"key":"Tiny Chest"},{"floor":12.0,"key":"Lantern"},{"floor":23.0,"key":"Molten Egg 2"},{"floor":29.0,"key":"Strawberry"},{"floor":46.0,"key":"Bird Faced Urn"},{"floor":48.0,"key":"Boot"}],"event_choices":[{"damage_healed":0.0,"max_hp_gain":0.0,"max_hp_loss":0.0,"gold_gain":0.0,"cards_transformed":["Strike_R"],"event_name":"Living Wall","player_choice":"Change","floor":2.0,"gold_loss":0.0,"damage_taken":0.0,"cards_obtained":["Shrug It Off"]},{"cards_removed":["Strike_R"],"damage_healed":0.0,"max_hp_gain":0.0,"max_hp_loss":0.0,"gold_gain":0.0,"event_name":"Golden Wing","player_choice":"Card Removal","floor":3.0,"gold_loss":0.0,"damage_taken":7.0},{"damage_healed":0.0,"max_hp_gain":0.0,"max_hp_loss":0.0,"gold_gain":75.0,"event_name":"World of Goop","player_choice":"Gather Gold","floor":7.0,"gold_loss":0.0,"damage_taken":11.0},{"cards_removed":["Strike_R"],"damage_healed":0.0,"max_hp_gain":0.0,"max_hp_loss":0.0,"gold_gain":0.0,"event_name":"Purifier","player_choice":"Purged","floor":20.0,"gold_loss":0.0,"damage_taken":0.0}],"is_beta":false,"boss_relics":[{"not_picked":["Runic Cube","Lizard Tail"],"picked":"Cursed Key"},{"not_picked":["Fusion Hammer","Black Blood"],"picked":"Runic Pyramid"}],"items_purged_floors":[5,19,37,44],"is_endless":false,"potions_floor_spawned":[10,11,12,14,18,29,33,36,38,40],"ascension_level":20}