{"gold_per_floor":[215,215,140,219,236,236,236,236,236,250,279,296,108,119,119,192,242,262,275,275,293,293],"floor_reached":22,"playtime":949,"items_purged":["Decay","Strike_G"],"score":372,"play_id":"036f0d31-d378-4ab5-b1f9-c1c4c28bf4c8","local_time":"20181221204529","is_ascension_mode":true,"campfire_choices":[{"data":"Poisoned Stab","floor":6.0,"key":"SMITH"},{"data":"Neutralize","floor":8.0,"key":"SMITH"},{"data":"Bouncing Flask","floor":15.0,"key":"SMITH"}],"neow_cost":"NONE","seed_source_timestamp":5252560551547,"circlet_count":0,"master_deck":["AscendersBane","Defend_G","Defend_G+1","Defend_G","Defend_G","Defend_G","Strike_G","Strike_G","Strike_G","Strike_G","Survivor","Neutralize+1","Poisoned Stab+1","Dash","Masterful Stab","Poisoned Stab","Well Laid Plans","Bouncing Flask+1","Backflip","Well Laid Plans","Deadly Poison","Deflect"],"special_seed":0,"relics":["Ring of the Snake","Du-Vu Doll","Ice Cream","Tiny House"],"potions_floor_usage":[19,19,21],"damage_taken":[{"damage":6.0,"enemies":"Cultist","floor":1.0,"turns":6.0},{"damage":4.0,"enemies":"Jaw Worm","floor":5.0,"turns":5.0},{"damage":1.0,"enemies":"2 Louse","floor":10.0,"turns":3.0},{"damage":37.0,"enemies":"3 Sentries","floor":11.0,"turns":10.0},{"damage":3.0,"enemies":"Looter","floor":12.0,"turns":3.0},{"damage":0.0,"enemies":"Lots of Slimes","floor":14.0,"turns":3.0},{"damage":6.0,"enemies":"The Guardian","floor":16.0,"turns":10.0},{"damage":0.0,"enemies":"Spheric Guardian","floor":18.0,"turns":3.0},{"damage":18,"enemies":"3 Byrds","floor":19,"turns":8},{"damage":23,"enemies":"Snake Plant","floor":21,"turns":4},{"damage":19,"enemies":"Centurion and Healer","floor":22,"turns":4}],"seed_played":"62541803727343023","potions_obtained":[{"floor":1.0,"key":"Regen Potion"},{"floor":12.0,"key":"SkillPotion"},{"floor":14.0,"key":"GamblersBrew"},{"floor":19,"key":"GamblersBrew"}],"is_trial":false,"path_per_floor":["M","?","$","T","M","R","?","R","T","M","E","M","$","M","R","B",null,"M","M","?","M","M"],"character_chosen":"THE_SILENT","items_purchased":["Well Laid Plans"],"campfire_rested":0,"item_purchase_floors":[13],"current_hp_per_floor":[53,53,53,53,64,64,64,64,64,63,26,23,23,23,23,17,59,59,41,41,18,0],"gold":293,"neow_bonus":"HUNDRED_GOLD","is_prod":false,"is_daily":false,"chose_seed":false,"campfire_upgraded":3,"win_rate":0,"timestamp":1545396329,"path_taken":["M","?","$","?","?","R","?","R","T","M","E","M","$","M","R","BOSS","M","M","?","M","M"],"build_version":"2018-12-20","purchased_purges":2,"victory":false,"max_hp_per_floor":[66,66,66,66,66,66,66,66,66,66,66,66,66,66,66,66,71,71,71,71,71,71],"card_choices":[{"not_picked":["Quick Slash","Acrobatics"],"picked":"Poisoned Stab","floor":1.0},{"not_picked":["Flechettes","Cloak And Dagger","Eviscerate"],"picked":"SKIP","floor":5.0},{"not_picked":["Eviscerate","Acrobatics"],"picked":"Dash","floor":10.0},{"not_picked":["Sucker Punch","Dagger Spray"],"picked":"Masterful Stab","floor":11.0},{"not_picked":["Reflex","Calculated Gamble"],"picked":"Poisoned Stab","floor":12.0},{"not_picked":["Skewer","Sucker Punch"],"picked":"Bouncing Flask","floor":14.0},{"not_picked":["Dagger Throw","Eviscerate"],"picked":"Backflip","floor":17.0},{"not_picked":["Backflip","Dagger Spray+1"],"picked":"Well Laid Plans","floor":18.0},{"not_picked":["Calculated Gamble","PiercingWail"],"picked":"Deadly Poison","floor":19},{"not_picked":["Slice","Sucker Punch"],"picked":"Deflect","floor":21}],"player_experience":1422412,"relics_obtained":[{"floor":9.0,"key":"Du-Vu Doll"},{"floor":11.0,"key":"Ice Cream"}],"event_choices":[{"damage_healed":0.0,"max_hp_gain":0.0,"max_hp_loss":0.0,"gold_gain":0.0,"event_name":"Wheel of Change","player_choice":"Cursed","floor":2.0,"gold_loss":0.0,"damage_taken":0.0,"cards_obtained":["Decay"]},{"damage_healed":0.0,"max_hp_gain":0.0,"max_hp_loss":0.0,"gold_gain":0.0,"event_name":"Liars Game","player_choice":"Ignored","floor":7.0,"gold_loss":0.0,"damage_taken":0.0},{"damage_healed":0,"gold_gain":0,"player_choice":"Ignored","damage_taken":0,"max_hp_gain":0,"max_hp_loss":0,"event_name":"Vampires","floor":20,"gold_loss":0}],"is_beta":false,"boss_relics":[{"not_picked":["Snecko Eye","White Beast Statue"],"picked":"Tiny House"}],"items_purged_floors":[3,13],"is_endless":false,"potions_floor_spawned":[1,12,14,19],"killed_by":"Centurion and Healer","ascension_level":20}