{"gold_per_floor":[110,185,185,197,249,277,277,287,314,8,25,25,55,74,74,149,149,167,180,180,191,59,59,59],"floor_reached":24,"playtime":528,"items_purged":[],"score":462,"play_id":"e48abfbb-a12d-42de-bc57-37becc37e524","local_time":"20190320182518","is_ascension_mode":true,"campfire_choices":[{"data":"Defragment","floor":15,"key":"SMITH"},{"floor":23,"key":"REST"}],"neow_cost":"NONE","seed_source_timestamp":25616078613629,"circlet_count":0,"master_deck":["AscendersBane","Strike_B","Strike_B","Strike_B","Strike_B","Defend_B","Defend_B","Defend_B+1","Defend_B","Zap","Dualcast+1","Streamline","FTL","Defragment+1","Ball Lightning","Defragment+1","Electrodynamics","Chill+1","White Noise","Capacitor","Chill"],"special_seed":0,"relics":["Cracked Core","NeowsBlessing","CultistMask","Oddly Smooth Stone","Ornamental Fan","Potion Belt","Lee\u0027s Waffle","Omamori","War Paint","Sozu"],"potions_floor_usage":[24],"damage_taken":[{"damage":0.0,"enemies":"Jaw Worm","floor":1.0,"turns":1.0},{"damage":0.0,"enemies":"2 Louse","floor":4.0,"turns":1.0},{"damage":0.0,"enemies":"3 Sentries","floor":6.0,"turns":1.0},{"damage":0.0,"enemies":"Cultist","floor":8.0,"turns":3.0},{"damage":15.0,"enemies":"Exordium Thugs","floor":11.0,"turns":5.0},{"damage":34.0,"enemies":"Lagavulin","floor":13.0,"turns":6.0},{"damage":6,"enemies":"Large Slime","floor":14,"turns":5},{"damage":16,"enemies":"Slime Boss","floor":16,"turns":7},{"damage":29,"enemies":"2 Thieves","floor":18,"turns":3},{"damage":2,"enemies":"3 Byrds","floor":19,"turns":2},{"damage":14,"enemies":"Sentry and Sphere","floor":21,"turns":4},{"damage":41,"enemies":"Book of Stabbing","floor":24,"turns":5}],"seed_played":"-2789224243143025321","potions_obtained":[{"floor":1.0,"key":"Block Potion"},{"floor":8.0,"key":"Explosive Potion"},{"floor":14,"key":"AttackPotion"}],"is_trial":false,"path_per_floor":["M","?","?","M","T","E","?","M","T","$","M","T","E","M","R","B",null,"M","M","?","M","$","R","E"],"character_chosen":"DEFECT","items_purchased":["Defragment","Lee\u0027s Waffle","Capacitor","Chill"],"campfire_rested":1,"item_purchase_floors":[10,10,22,22],"current_hp_per_floor":[64,53,53,53,53,53,18,18,18,78,63,63,29,23,23,7,60,31,29,29,15,15,38,0],"gold":59,"neow_bonus":"THREE_ENEMY_KILL","is_prod":false,"is_daily":false,"chose_seed":false,"campfire_upgraded":1,"win_rate":0,"timestamp":1553077518,"path_taken":["M","?","?","?","?","E","?","M","T","$","M","?","E","M","R","BOSS","M","M","?","?","$","R","E"],"build_version":"2019-01-23","purchased_purges":0,"victory":false,"max_hp_per_floor":[71,71,71,71,71,71,71,71,71,78,78,78,78,78,78,78,78,78,78,78,78,78,78,78],"card_choices":[{"not_picked":["Hello World","Leap"],"picked":"Streamline","floor":1.0},{"not_picked":["Conserve Battery","Melter","Blizzard"],"picked":"SKIP","floor":4.0},{"not_picked":["Scrape","Steam","Thunder Strike"],"picked":"SKIP","floor":6.0},{"not_picked":["Barrage","Sweeping Beam"],"picked":"FTL","floor":8.0},{"not_picked":["Leap","BootSequence"],"picked":"Ball Lightning","floor":11.0},{"not_picked":["Storm","Leap"],"picked":"Defragment","floor":13.0},{"not_picked":["Barrage","Steam","Leap"],"picked":"SKIP","floor":14},{"not_picked":["Core Surge","Amplify"],"picked":"Electrodynamics","floor":16},{"not_picked":["Rebound","Scrape","Streamline"],"picked":"SKIP","floor":18},{"not_picked":["Static Discharge","Undo"],"picked":"Chill+1","floor":19},{"not_picked":["Ball Lightning","Steam"],"picked":"White Noise","floor":21}],"player_experience":3751337,"relics_obtained":[{"floor":6.0,"key":"Oddly Smooth Stone"},{"floor":9.0,"key":"Potion Belt"},{"floor":12.0,"key":"Omamori"},{"floor":13.0,"key":"War Paint"}],"event_choices":[{"damage_healed":0.0,"max_hp_gain":0.0,"max_hp_loss":0.0,"gold_gain":75.0,"event_name":"World of Goop","player_choice":"Gather Gold","floor":2.0,"gold_loss":0.0,"damage_taken":11.0},{"damage_healed":0.0,"max_hp_gain":0.0,"max_hp_loss":0.0,"gold_gain":0.0,"event_name":"FaceTrader","player_choice":"Trade","floor":3.0,"gold_loss":0.0,"damage_taken":0.0,"relics_obtained":["CultistMask"]},{"damage_healed":0.0,"max_hp_gain":0.0,"max_hp_loss":0.0,"gold_gain":0.0,"event_name":"Scrap Ooze","player_choice":"Success","floor":7.0,"gold_loss":0.0,"damage_taken":35.0,"relics_obtained":["Ornamental Fan"]},{"damage_healed":0,"gold_gain":0,"player_choice":"Upgraded","damage_taken":0,"max_hp_gain":0,"max_hp_loss":0,"event_name":"Upgrade Shrine","floor":20,"gold_loss":0,"cards_upgraded":["Defragment"]}],"is_beta":false,"boss_relics":[{"not_picked":["Velvet Choker","Black Star"],"picked":"Sozu"}],"items_purged_floors":[],"is_endless":false,"potions_floor_spawned":[1,8,14,19],"killed_by":"Book of Stabbing","ascension_level":20}