{"gold_per_floor":[118,268,343,343,356,356,389,389,389,229,249,279,279,103,103,103],"floor_reached":16,"playtime":202,"items_purged":["Doubt","Strike_R"],"score":262,"play_id":"9994049f-92ac-4f35-b419-862aa53d7f0c","local_time":"20190601180135","is_ascension_mode":true,"campfire_choices":[{"data":"Armaments","floor":6,"key":"SMITH"},{"data":"Fiend Fire","floor":13,"key":"SMITH"},{"data":"Shockwave","floor":15,"key":"SMITH"}],"neow_cost":"NONE","seed_source_timestamp":4869943268539,"circlet_count":0,"master_deck":["AscendersBane","Strike_R","Strike_R","Strike_R","Defend_R","Defend_R","Defend_R","Defend_R","Bash","Armaments+1","Flex","Entrench","Fiend Fire+1","Shockwave+1","Offering"],"relics":["Burning Blood","NeowsBlessing","Self Forming Clay","Omamori","Gambling Chip"],"potions_floor_usage":[],"damage_taken":[{"damage":0,"enemies":"2 Louse","floor":1,"turns":1},{"damage":0,"enemies":"Small Slimes","floor":5,"turns":1},{"damage":0,"enemies":"3 Sentries","floor":7,"turns":2},{"damage":7,"enemies":"Jaw Worm","floor":11,"turns":2},{"damage":25,"enemies":"Lagavulin","floor":12,"turns":6},{"damage":0,"enemies":"The Guardian","floor":16,"turns":1}],"seed_played":"4337017312655135577","potions_obtained":[{"floor":7,"key":"Dexterity Potion"},{"floor":11,"key":"BloodPotion"}],"is_trial":false,"path_per_floor":["M","?","?","?","M","R","E","?","T","$","M","E","R","$","R","B"],"character_chosen":"IRONCLAD","items_purchased":["Fiend Fire","Offering"],"campfire_rested":0,"item_purchase_floors":[10,14],"current_hp_per_floor":[74,74,63,68,74,74,80,80,80,80,79,60,60,60,60,60],"gold":103,"neow_bonus":"THREE_ENEMY_KILL","is_prod":false,"is_daily":false,"chose_seed":false,"campfire_upgraded":3,"win_rate":0,"timestamp":1559383295,"path_taken":["M","?","?","?","M","R","E","?","T","$","M","E","R","$","R","BOSS"],"build_version":"2019-01-23","purchased_purges":2,"victory":false,"max_hp_per_floor":[75,75,75,80,80,80,80,80,80,80,80,80,80,80,80,80],"card_choices":[{"not_picked":["Sentinel","Wild Strike"],"picked":"Armaments","floor":1},{"not_picked":["Seeing Red","Anger"],"picked":"Flex","floor":5},{"not_picked":["Thunderclap","Havoc","Sever Soul"],"picked":"SKIP","floor":7},{"not_picked":["Sword Boomerang","Rupture"],"picked":"Shockwave","floor":11},{"not_picked":["Shockwave","Cleave","Armaments"],"picked":"SKIP","floor":12}],"player_experience":4968363,"relics_obtained":[{"floor":7,"key":"Self Forming Clay"},{"floor":9,"key":"Omamori"},{"floor":12,"key":"Gambling Chip"}],"event_choices":[{"damage_healed":0,"gold_gain":150,"player_choice":"AGREE","damage_taken":0,"max_hp_gain":0,"max_hp_loss":0,"event_name":"Liars Game","floor":2,"gold_loss":0,"cards_obtained":["Doubt"]},{"damage_healed":0,"gold_gain":75,"player_choice":"Gather Gold","damage_taken":11,"max_hp_gain":0,"max_hp_loss":0,"event_name":"World of Goop","floor":3,"gold_loss":0},{"damage_healed":0,"gold_gain":0,"player_choice":"Donut","damage_taken":0,"max_hp_gain":5,"max_hp_loss":0,"event_name":"Big Fish","floor":4,"gold_loss":0},{"damage_healed":0,"gold_gain":0,"cards_transformed":["Strike_R"],"player_choice":"Change","damage_taken":0,"max_hp_gain":0,"max_hp_loss":0,"event_name":"Living Wall","floor":8,"gold_loss":0,"cards_obtained":["Entrench"]}],"is_beta":false,"boss_relics":[],"items_purged_floors":[10,14],"is_endless":false,"potions_floor_spawned":[7,11],"killed_by":"The Guardian","ascension_level":20}