{"gold_per_floor":[113,38,54,15,15,40,40,67,91,104,114,114,114,124,124,203,203,213,224,224,64,81,113,113,130,130,130,142,171,217,244,256,343,355,378,409,421,433,445,482,514,526,538,568,593,637,274,290,290,290,290,290,290,24,57,57],"floor_reached":57,"playtime":2135,"items_purged":["Strike_G","Defend_G"],"score":3528,"play_id":"b987c772-f277-4421-a91c-091e96df20da","local_time":"20190417023304","is_ascension_mode":true,"campfire_choices":[{"data":"Catalyst","floor":7.0,"key":"SMITH"},{"data":"Bouncing Flask","floor":12.0,"key":"SMITH"},{"data":"Neutralize","floor":15.0,"key":"SMITH"},{"data":"Burst","floor":24.0,"key":"SMITH"},{"floor":27.0,"key":"DIG"},{"floor":32.0,"key":"DIG"},{"floor":42.0,"key":"DIG"},{"floor":49.0,"key":"RECALL"},{"floor":53.0,"key":"DIG"}],"neow_cost":"NONE","seed_source_timestamp":75351070240380,"circlet_count":0,"master_deck":["AscendersBane","Defend_G","Defend_G","Defend_G","Defend_G","Survivor","Neutralize+1","Bouncing Flask+1","Backflip","Catalyst+1","Corpse Explosion","Burst+1","Leg Sweep+1","Well Laid Plans+1","Calculated Gamble+1","Deadly Poison+1","Night Terror","Bullet Time","Wraith Form v2","Apotheosis"],"special_seed":0,"relics":["Ring of the Snake","NeowsBlessing","Bottled Flame","Astrolabe","Nloth\u0027s Gift","Bag of Preparation","Anchor","Shovel","MawBank","Art of War","The Courier","Busted Crown","Paper Crane","Happy Flower","Kunai","Gremlin Horn","Snake Skull","Letter Opener","Bottled Lightning","Pocketwatch"],"potions_floor_usage":[55,56],"damage_taken":[{"damage":0.0,"enemies":"Jaw Worm","floor":1.0,"turns":1.0},{"damage":0.0,"enemies":"Small Slimes","floor":3.0,"turns":1.0},{"damage":0.0,"enemies":"3 Sentries","floor":6.0,"turns":1.0},{"damage":27.0,"enemies":"Gremlin Nob","floor":8.0,"turns":4.0},{"damage":4.0,"enemies":"Cultist","floor":10.0,"turns":4.0},{"damage":10.0,"enemies":"Red Slaver","floor":11.0,"turns":2.0},{"damage":7.0,"enemies":"Exordium Wildlife","floor":14.0,"turns":8.0},{"damage":3.0,"enemies":"Hexaghost","floor":16.0,"turns":7.0},{"damage":2.0,"enemies":"Shell Parasite","floor":18.0,"turns":9.0},{"damage":0.0,"enemies":"Chosen","floor":19.0,"turns":3.0},{"damage":0.0,"enemies":"Snecko","floor":22.0,"turns":6.0},{"damage":0.0,"enemies":"Slavers","floor":23.0,"turns":2.0},{"damage":0.0,"enemies":"Snake Plant","floor":25.0,"turns":2.0},{"damage":5.0,"enemies":"Sentry and Sphere","floor":29.0,"turns":3.0},{"damage":0.0,"enemies":"Gremlin Leader","floor":30.0,"turns":3.0},{"damage":5.0,"enemies":"Chosen and Byrds","floor":31.0,"turns":3.0},{"damage":0.0,"enemies":"Automaton","floor":33.0,"turns":3.0},{"damage":0.0,"enemies":"3 Darklings","floor":35.0,"turns":2.0},{"damage":0.0,"enemies":"Orb Walker","floor":36.0,"turns":2.0},{"damage":0.0,"enemies":"Nemesis","floor":40.0,"turns":3.0},{"damage":0.0,"enemies":"Jaw Worm Horde","floor":41.0,"turns":2.0},{"damage":0.0,"enemies":"4 Shapes","floor":44.0,"turns":1.0},{"damage":0.0,"enemies":"Writhing Mass","floor":45.0,"turns":2.0},{"damage":0.0,"enemies":"Giant Head","floor":46.0,"turns":4.0},{"damage":0.0,"enemies":"Jaw Worm Horde","floor":48.0,"turns":2.0},{"damage":0.0,"enemies":"Awakened One","floor":50.0,"turns":9.0},{"damage":0.0,"enemies":"Donu and Deca","floor":51.0,"turns":3.0},{"damage":0,"enemies":"Shield and Spear","floor":55,"turns":2},{"damage":58,"enemies":"The Heart","floor":56,"turns":8}],"seed_played":"5977196192942405677","potions_obtained":[{"floor":3.0,"key":"SkillPotion"},{"floor":10.0,"key":"GhostInAJar"},{"floor":11.0,"key":"Regen Potion"},{"floor":16.0,"key":"LiquidBronze"},{"floor":22.0,"key":"Weak Potion"},{"floor":23.0,"key":"SpeedPotion"},{"floor":30.0,"key":"PowerPotion"},{"floor":31.0,"key":"GamblersBrew"},{"floor":45.0,"key":"GamblersBrew"}],"is_trial":false,"path_per_floor":["M","$","M","$","?","E","R","E","T","M","M","R","?","M","R","B",null,"M","M","?","$","M","E","R","M","T","R","?","M","E","M","R","B",null,"M","M","?","?","?","E","M","R","T","M","M","E","$","M","R","B","B",null,"R","$","E","B",null],"character_chosen":"THE_SILENT","items_purchased":["Catalyst","Bag of Preparation","Apotheosis","Snake Skull","Bottled Lightning","SkillPotion"],"campfire_rested":0,"item_purchase_floors":[4,21,47,47,54,54],"current_hp_per_floor":[59,59,59,59,52,52,52,25,25,21,11,11,11,19,19,16,54,52,52,52,52,52,52,52,52,52,52,52,47,47,42,42,42,60,60,60,60,60,56,56,56,56,56,56,56,56,56,56,56,56,56,64,64,64,64,6],"gold":57,"neow_bonus":"THREE_ENEMY_KILL","is_prod":false,"is_daily":false,"chose_seed":false,"campfire_upgraded":4,"win_rate":0,"timestamp":1555439584,"path_taken":["M","$","M","$","?","E","R","E","T","M","M","R","?","M","R","BOSS","M","M","?","$","M","E","R","?","T","R","?","?","E","M","R","BOSS","M","M","?","?","?","E","?","R","T","M","M","E","?","M","R","BOSS","BOSS","R","$","E","BOSS"],"build_version":"2019-01-23","purchased_purges":2,"victory":true,"max_hp_per_floor":[66,66,66,66,66,66,66,66,66,66,66,66,66,66,66,66,66,66,66,66,66,66,66,66,66,66,66,66,66,66,66,66,66,66,66,66,66,66,66,66,66,66,66,66,66,66,66,66,66,66,66,66,66,66,66,66],"card_choices":[{"not_picked":["Slice","Caltrops"],"picked":"Bouncing Flask","floor":1.0},{"not_picked":["Quick Slash","Sucker Punch"],"picked":"Backflip","floor":3.0},{"not_picked":["Flying Knee","Endless Agony"],"picked":"Corpse Explosion","floor":6.0},{"not_picked":["Deflect","Dodge and Roll","Bouncing Flask"],"picked":"SKIP","floor":8.0},{"not_picked":["Underhanded Strike","Choke","Flechettes"],"picked":"SKIP","floor":10.0},{"not_picked":["Deadly Poison","Deflect","Bane"],"picked":"SKIP","floor":11.0},{"not_picked":["Expertise","All Out Attack","Bane"],"picked":"SKIP","floor":14.0},{"not_picked":["Venomology","Tools of the Trade"],"picked":"Burst","floor":16.0},{"not_picked":["Predator+1","Flying Knee","Deadly Poison"],"picked":"SKIP","floor":18.0},{"not_picked":["Cloak And Dagger","Bane"],"picked":"Deadly Poison+1","floor":19.0},{"not_picked":["Glass Knife","Prepared","Predator"],"picked":"SKIP","floor":22.0},{"not_picked":["Acrobatics","Underhanded Strike","Bane"],"picked":"SKIP","floor":23.0},{"not_picked":["Catalyst","Choke"],"picked":"Night Terror","floor":25.0},{"not_picked":["Backstab","Dash","Noxious Fumes"],"picked":"SKIP","floor":29.0},{"not_picked":["Deadly Poison","Bullet Time","Slice"],"picked":"SKIP","floor":30.0},{"not_picked":["Deadly Poison","Bullet Time","Slice"],"picked":"SKIP","floor":30.0},{"not_picked":["Deadly Poison","PiercingWail","Dagger Throw"],"picked":"SKIP","floor":31.0},{"not_picked":["Adrenaline","Unload"],"picked":"Wraith Form v2","floor":33.0},{"not_picked":["Flying Knee"],"picked":"SKIP","floor":35.0},{"not_picked":["Quick Slash"],"picked":"SKIP","floor":36.0},{"not_picked":["Heel Hook"],"picked":"SKIP","floor":40.0},{"not_picked":["Backflip+1"],"picked":"SKIP","floor":41.0},{"not_picked":["Infinite Blades+1"],"picked":"SKIP","floor":44.0},{"not_picked":["Quick Slash"],"picked":"SKIP","floor":45.0},{"not_picked":["Quick Slash"],"picked":"SKIP","floor":45.0},{"not_picked":["Blade Dance"],"picked":"SKIP","floor":46.0},{"not_picked":["Backflip"],"picked":"SKIP","floor":48.0},{"not_picked":["Cloak And Dagger+1"],"picked":"SKIP","floor":55}],"player_experience":4335979,"relics_obtained":[{"floor":6.0,"key":"Juzu Bracelet"},{"floor":8.0,"key":"Bottled Flame"},{"floor":23.0,"key":"Anchor"},{"floor":26.0,"key":"Shovel"},{"floor":27.0,"key":"MawBank"},{"floor":30.0,"key":"Art of War"},{"floor":32.0,"key":"The Courier"},{"floor":40.0,"key":"Paper Crane"},{"floor":42.0,"key":"Happy Flower"},{"floor":43.0,"key":"Kunai"},{"floor":46.0,"key":"Gremlin Horn"},{"floor":53.0,"key":"Letter Opener"},{"floor":55,"key":"Pocketwatch"}],"event_choices":[{"cards_removed":["Strike_G"],"damage_healed":0.0,"max_hp_gain":0.0,"max_hp_loss":0.0,"gold_gain":0.0,"event_name":"Golden Wing","player_choice":"Card Removal","floor":5.0,"gold_loss":0.0,"damage_taken":7.0},{"damage_healed":0.0,"max_hp_gain":0.0,"max_hp_loss":0.0,"gold_gain":0.0,"event_name":"Match and Keep!","player_choice":"0 cards matched","floor":13.0,"gold_loss":0.0,"damage_taken":0.0,"cards_obtained":[]},{"damage_healed":0.0,"max_hp_gain":0.0,"max_hp_loss":0.0,"gold_gain":0.0,"event_name":"N\u0027loth","player_choice":"Traded Relic","floor":20.0,"relics_lost":["Juzu Bracelet"],"gold_loss":0.0,"damage_taken":0.0,"relics_obtained":["Nloth\u0027s Gift"]},{"damage_healed":0.0,"max_hp_gain":0.0,"max_hp_loss":0.0,"gold_gain":0.0,"event_name":"Match and Keep!","player_choice":"1 cards matched","floor":28.0,"gold_loss":0.0,"damage_taken":0.0,"cards_obtained":["Bullet Time"]},{"damage_healed":0.0,"max_hp_gain":0.0,"max_hp_loss":0.0,"gold_gain":0.0,"event_name":"Tomb of Lord Red Mask","player_choice":"Ignored","floor":37.0,"gold_loss":0.0,"damage_taken":0.0},{"damage_healed":0.0,"max_hp_gain":0.0,"max_hp_loss":0.0,"gold_gain":0.0,"event_name":"SensoryStone","player_choice":"Memory 1","floor":38.0,"gold_loss":0.0,"damage_taken":0.0},{"damage_healed":0.0,"max_hp_gain":0.0,"max_hp_loss":0.0,"gold_gain":0.0,"event_name":"The Woman in Blue","player_choice":"Bought 0 Potions","floor":39.0,"gold_loss":0.0,"damage_taken":0.0}],"is_beta":false,"boss_relics":[{"not_picked":["Empty Cage","WristBlade"],"picked":"Astrolabe"},{"not_picked":["Ring of the Serpent","Calling Bell"],"picked":"Busted Crown"}],"items_purged_floors":[2,47],"is_endless":false,"potions_floor_spawned":[3,10,11,16,19,22,23,30,31,35,36,41,45,48],"ascension_level":20}