{"gold_per_floor":[110,121,121,9,9,41,41,73,73,73,84,113,132,150,150,228,228,245,245,264,534,209,209,244,264,264,264,276,287,287,0,0,0],"floor_reached":33,"playtime":1145,"items_purged":["Strike_R","Strike_R","Strike_R"],"score":620,"play_id":"0f1db2f7-3ec6-4476-a28a-365f3397d0da","local_time":"20190211152813","is_ascension_mode":true,"campfire_choices":[{"data":"Body Slam","floor":7.0,"key":"SMITH"},{"floor":10.0,"key":"REST"},{"data":"Flame Barrier","floor":15.0,"key":"SMITH"},{"floor":23.0,"key":"REST"},{"floor":27,"key":"REST"},{"data":"Burning Pact","floor":30,"key":"SMITH"},{"data":"Juggernaut","floor":32,"key":"SMITH"}],"neow_cost":"NONE","seed_source_timestamp":1203420954912919,"circlet_count":0,"master_deck":["AscendersBane","Strike_R","Defend_R","Defend_R","Defend_R","Defend_R","Bash","Body Slam+1","Evolve","Flame Barrier+1","Burning Pact+1","Shockwave","Juggernaut+1","Second Wind","Shrug It Off"],"special_seed":0,"relics":["Burning Blood","NeowsBlessing","Girya","Omamori","Happy Flower","Mummified Hand","Anchor","Lizard Tail","Bag of Marbles","Red Skull","Matryoshka"],"potions_floor_usage":[24,24,29,29,31,33],"damage_taken":[{"damage":0.0,"enemies":"Cultist","floor":1.0,"turns":1.0},{"damage":0.0,"enemies":"2 Louse","floor":2.0,"turns":1.0},{"damage":0.0,"enemies":"3 Sentries","floor":6.0,"turns":2.0},{"damage":61.0,"enemies":"Lagavulin","floor":8.0,"turns":9.0},{"damage":1.0,"enemies":"Small Slimes","floor":11.0,"turns":3.0},{"damage":6.0,"enemies":"3 Sentries","floor":12.0,"turns":11.0},{"damage":0.0,"enemies":"Red Slaver","floor":13.0,"turns":3.0},{"damage":2.0,"enemies":"Exordium Wildlife","floor":14.0,"turns":4.0},{"damage":37.0,"enemies":"Slime Boss","floor":16.0,"turns":15.0},{"damage":26.0,"enemies":"Spheric Guardian","floor":18.0,"turns":7.0},{"damage":10.0,"enemies":"3 Byrds","floor":20.0,"turns":4.0},{"damage":22,"enemies":"Slavers","floor":24,"turns":6},{"damage":12,"enemies":"Snake Plant","floor":25,"turns":4},{"damage":10,"enemies":"Snecko","floor":28,"turns":6},{"damage":25,"enemies":"3 Cultists","floor":29,"turns":7},{"damage":11,"enemies":"Collector","floor":33,"turns":6}],"seed_played":"4175331351422025485","potions_obtained":[{"floor":6.0,"key":"Energy Potion"},{"floor":11.0,"key":"Block Potion"},{"floor":12.0,"key":"Weak Potion"},{"floor":16.0,"key":"LiquidBronze"},{"floor":24,"key":"Regen Potion"},{"floor":28,"key":"Energy Potion"}],"is_trial":false,"path_per_floor":["M","M","?","$","?","E","R","E","T","R","M","E","M","M","R","B",null,"M","?","M","?","$","R","E","M","T","R","M","M","R","$","R","B"],"character_chosen":"IRONCLAD","items_purchased":["Evolve","AttackPotion","Bag of Marbles","Fruit Juice","Swift Potion"],"campfire_rested":3,"item_purchase_floors":[4,22,22,31,31],"current_hp_per_floor":[74,75,75,75,70,75,75,20,20,42,47,47,53,57,57,26,63,43,43,39,11,11,33,17,11,11,33,29,22,22,27,27,16],"gold":0,"neow_bonus":"THREE_ENEMY_KILL","is_prod":false,"is_daily":false,"chose_seed":false,"campfire_upgraded":4,"win_rate":0,"timestamp":1549870093,"path_taken":["M","?","?","$","?","E","R","E","T","R","M","E","M","M","R","BOSS","M","?","?","?","$","R","E","M","T","R","?","M","R","?","R","BOSS"],"build_version":"2019-01-23","purchased_purges":3,"victory":false,"max_hp_per_floor":[75,75,75,75,75,75,75,75,75,75,75,75,75,75,75,75,75,75,75,75,75,75,75,75,75,75,75,75,75,75,80,80,80],"card_choices":[{"not_picked":["Twin Strike","Fire Breathing"],"picked":"Body Slam","floor":1.0},{"not_picked":["Thunderclap","Warcry","Anger"],"picked":"SKIP","floor":2.0},{"not_picked":["Reckless Charge","Havoc","Intimidate"],"picked":"SKIP","floor":6.0},{"not_picked":["Dropkick","Flex","Dual Wield"],"picked":"SKIP","floor":8.0},{"not_picked":["Clash","Heavy Blade"],"picked":"Flame Barrier","floor":11.0},{"not_picked":["Fire Breathing","Inflame"],"picked":"Burning Pact","floor":12.0},{"not_picked":["Iron Wave","Shrug It Off"],"picked":"Shockwave","floor":13.0},{"not_picked":["Rupture","Dropkick","Perfected Strike"],"picked":"SKIP","floor":14.0},{"not_picked":["Fiend Fire","Double Tap"],"picked":"Juggernaut","floor":16.0},{"not_picked":["Armaments","Cleave+1"],"picked":"Second Wind","floor":18.0},{"not_picked":["Reckless Charge+1","Uppercut","Heavy Blade"],"picked":"SKIP","floor":20.0},{"not_picked":["Clash","Limit Break","Heavy Blade"],"picked":"SKIP","floor":24},{"not_picked":["Headbutt","Ghostly Armor"],"picked":"Shrug It Off","floor":25},{"not_picked":["Thunderclap","Headbutt","Warcry"],"picked":"SKIP","floor":28},{"not_picked":["Disarm","Wild Strike","Thunderclap+1"],"picked":"SKIP","floor":29}],"player_experience":721645,"relics_obtained":[{"floor":6.0,"key":"Omamori"},{"floor":8.0,"key":"Happy Flower"},{"floor":9.0,"key":"Mummified Hand"},{"floor":12.0,"key":"Anchor"},{"floor":24,"key":"Red Skull"},{"floor":26,"key":"Matryoshka"}],"event_choices":[{"cards_removed":["Strike_R"],"damage_healed":0.0,"max_hp_gain":0.0,"max_hp_loss":0.0,"gold_gain":0.0,"event_name":"Living Wall","player_choice":"Forget","floor":3.0,"gold_loss":0.0,"damage_taken":0.0},{"damage_healed":0.0,"max_hp_gain":0.0,"max_hp_loss":0.0,"gold_gain":0.0,"event_name":"Scrap Ooze","player_choice":"Success","floor":5.0,"gold_loss":0.0,"damage_taken":5.0,"relics_obtained":["Girya"]},{"damage_healed":0.0,"max_hp_gain":0.0,"max_hp_loss":0.0,"gold_gain":0.0,"event_name":"Duplicator","player_choice":"Ignored","floor":19.0,"gold_loss":0.0,"damage_taken":0.0},{"damage_healed":0.0,"max_hp_gain":0.0,"max_hp_loss":0.0,"gold_gain":270.0,"event_name":"Knowing Skull","player_choice":"GOLD GOLD GOLD ","floor":21.0,"potions_obtained":[],"gold_loss":0.0,"damage_taken":28.0,"cards_obtained":[]}],"is_beta":false,"boss_relics":[{"not_picked":["Fusion Hammer","Ectoplasm"],"picked":"Lizard Tail"}],"items_purged_floors":[4,22,31],"is_endless":false,"potions_floor_spawned":[6,11,12,13,16,18,24,28],"killed_by":"Collector","ascension_level":20}