{"gold_per_floor":[113,9,24,24,44,70,82,107,107,107,125,275,300,312,312,389,389,405,405,405,458,473,473,502,517,517,549,549,16,66,84,84,158,158,175,175,175,175,195,222,222,257,257,283,310,323,323,353,353,353,353,353,353,51,77,77],"floor_reached":57,"playtime":3478,"items_purged":["Strike_B"],"score":3977,"play_id":"2dc9cce3-3042-4e6a-8b23-03adb9a83470","local_time":"20190402173809","is_ascension_mode":true,"campfire_choices":[{"data":"Defragment","floor":10.0,"key":"SMITH"},{"data":"Blizzard","floor":15.0,"key":"SMITH"},{"data":"Coolheaded","floor":23.0,"key":"SMITH"},{"data":"Dualcast","floor":28.0,"key":"SMITH"},{"data":"Biased Cognition","floor":32.0,"key":"SMITH"},{"data":"Creative AI","floor":41.0,"key":"SMITH"},{"floor":47.0,"key":"RECALL"},{"data":"Hologram","floor":49.0,"key":"SMITH"},{"data":"Zap","floor":53.0,"key":"SMITH"}],"neow_cost":"NONE","seed_source_timestamp":0,"circlet_count":0,"master_deck":["AscendersBane","Strike_B","Strike_B","Strike_B","Defend_B","Defend_B","Defend_B","Defend_B","Zap+1","Dualcast+1","Cold Snap","Hologram+1","Hello World","Coolheaded+1","Defragment+1","Blizzard+1","Skim+1","Self Repair","Doubt","Turbo+1","Recycle+1","Biased Cognition+1","Decay","Normality","Parasite","Shame","Redo+1","Amplify+1","Stack+1","Conserve Battery+1","Aggregate+1","Ball Lightning","Creative AI+1","Heatsinks+1","Reinforced Body+1","Steam+1","Double Energy+1","Gash","Loop","Auto Shields+1"],"special_seed":0,"relics":["Coffee Dripper","Dead Branch","Toxic Egg 2","Blue Candle","Mercury Hourglass","Calling Bell","Anchor","Shuriken","Gambling Chip","Pocketwatch","Omamori","Mummified Hand","Pen Nib","Bottled Tornado","ClockworkSouvenir","Lantern","Black Star","Girya","Pear","Orichalcum","Sundial","Bronze Scales","Boot","Bag of Marbles","Question Card","Turnip","Potion Belt","OrangePellets","Letter Opener","Bag of Preparation"],"potions_floor_usage":[56],"damage_taken":[{"damage":19.0,"enemies":"Jaw Worm","floor":1.0,"turns":4.0},{"damage":9.0,"enemies":"Small Slimes","floor":3.0,"turns":4.0},{"damage":3.0,"enemies":"2 Louse","floor":5.0,"turns":3.0},{"damage":6.0,"enemies":"Lagavulin","floor":6.0,"turns":7.0},{"damage":2.0,"enemies":"Blue Slaver","floor":7.0,"turns":5.0},{"damage":17.0,"enemies":"Gremlin Nob","floor":8.0,"turns":4.0},{"damage":0.0,"enemies":"Exordium Thugs","floor":11.0,"turns":6.0},{"damage":2.0,"enemies":"Lagavulin","floor":13.0,"turns":6.0},{"damage":1.0,"enemies":"Exordium Wildlife","floor":14.0,"turns":3.0},{"damage":2.0,"enemies":"The Guardian","floor":16.0,"turns":9.0},{"damage":4.0,"enemies":"2 Thieves","floor":18.0,"turns":4.0},{"damage":14.0,"enemies":"Shell Parasite","floor":22.0,"turns":4.0},{"damage":3.0,"enemies":"Slavers","floor":24.0,"turns":4.0},{"damage":16.0,"enemies":"Snake Plant","floor":25.0,"turns":3.0},{"damage":3.0,"enemies":"Gremlin Leader","floor":27.0,"turns":3.0},{"damage":5.0,"enemies":"Snecko","floor":31.0,"turns":3.0},{"damage":6.0,"enemies":"Collector","floor":33.0,"turns":7.0},{"damage":7.0,"enemies":"Orb Walker","floor":35.0,"turns":6.0},{"damage":3.0,"enemies":"3 Shapes","floor":39.0,"turns":5.0},{"damage":5.0,"enemies":"Reptomancer","floor":40.0,"turns":4.0},{"damage":5.0,"enemies":"Giant Head","floor":42.0,"turns":8.0},{"damage":6.0,"enemies":"Nemesis","floor":45.0,"turns":5.0},{"damage":26.0,"enemies":"Spire Growth","floor":46.0,"turns":4.0},{"damage":5.0,"enemies":"Reptomancer","floor":48.0,"turns":4.0},{"damage":6.0,"enemies":"Awakened One","floor":50.0,"turns":6.0},{"damage":61.0,"enemies":"Time Eater","floor":51.0,"turns":11.0},{"damage":5.0,"enemies":"Shield and Spear","floor":55.0,"turns":3.0},{"damage":6,"enemies":"The Heart","floor":56,"turns":6}],"seed_played":"7763299409616288786","potions_obtained":[{"floor":1.0,"key":"SkillPotion"},{"floor":8.0,"key":"PowerPotion"},{"floor":11.0,"key":"Block Potion"},{"floor":18.0,"key":"Dexterity Potion"},{"floor":27.0,"key":"Fruit Juice"},{"floor":31.0,"key":"LiquidBronze"},{"floor":39.0,"key":"Weak Potion"},{"floor":40.0,"key":"Dexterity Potion"}],"is_trial":false,"path_per_floor":["M","$","M","?","M","E","M","E","T","R","M","?","E","M","R","B",null,"M","?","?","T","M","R","E","M","T","E","R","$","?","M","R","B",null,"M","?","?","T","M","E","R","E","T","T","E","M","R","E","R","B","B",null,"R","$","E","B",null],"character_chosen":"DEFECT","items_purchased":["Hologram","ClockworkSouvenir","Conserve Battery+1","Aggregate+1","Lantern","OrangePellets","Loop"],"campfire_rested":0,"item_purchase_floors":[2,29,29,29,29,54,54],"current_hp_per_floor":[45,45,36,59,56,50,48,31,31,31,31,31,36,35,35,40,63,66,66,66,66,59,59,63,54,54,63,63,63,63,65,65,66,74,76,76,76,76,76,86,86,86,86,86,86,67,67,62,62,63,16,69,69,69,71,72],"gold":77,"neow_bonus":"BOSS_RELIC","is_prod":false,"is_daily":false,"chose_seed":false,"campfire_upgraded":8,"win_rate":0,"timestamp":1554197889,"path_taken":["M","$","M","?","M","E","M","E","T","R","M","?","E","M","R","BOSS","M","?","?","?","M","R","E","M","T","E","R","$","?","M","R","BOSS","M","?","?","?","?","E","R","E","T","?","E","M","R","E","R","BOSS","BOSS","R","$","E","BOSS"],"build_version":"2019-01-23","purchased_purges":1,"victory":true,"max_hp_per_floor":[71,71,71,71,71,71,71,71,71,71,71,71,71,71,71,71,71,71,71,71,71,71,71,71,71,71,76,76,76,76,76,76,76,76,76,76,76,76,76,86,86,86,86,86,86,86,86,86,86,86,86,86,86,86,86,86],"card_choices":[{"not_picked":["Leap","Streamline"],"picked":"Cold Snap","floor":1.0},{"not_picked":["Rebound","Gash"],"picked":"Hello World","floor":3.0},{"not_picked":["Blizzard","Leap"],"picked":"Coolheaded","floor":5.0},{"not_picked":["Ball Lightning","Sweeping Beam"],"picked":"Defragment","floor":6.0},{"not_picked":["Streamline","Beam Cell"],"picked":"Blizzard","floor":7.0},{"not_picked":["Hologram","Rainbow"],"picked":"Skim","floor":8.0},{"not_picked":["Cold Snap","Leap+1"],"picked":"Self Repair","floor":11.0},{"not_picked":["Compile Driver","Aggregate+1"],"picked":"Turbo+1","floor":13.0},{"not_picked":["Go for the Eyes","Barrage"],"picked":"Recycle+1","floor":14.0},{"not_picked":["Amplify+1","Multi-Cast+1"],"picked":"Biased Cognition","floor":16.0},{"not_picked":["Beam Cell","Go for the Eyes","Leap+1"],"picked":"SKIP","floor":18.0},{"not_picked":["Leap+1","Streamline"],"picked":"Redo+1","floor":22.0},{"not_picked":["Barrage+1","Turbo+1","Sweeping Beam"],"picked":"SKIP","floor":24.0},{"not_picked":["Compile Driver","Cold Snap"],"picked":"Amplify+1","floor":25.0},{"not_picked":["Barrage","Blizzard+1"],"picked":"Stack+1","floor":27.0},{"not_picked":["FTL","Redo+1"],"picked":"Ball Lightning","floor":31.0},{"not_picked":["Biased Cognition","Electrodynamics"],"picked":"Creative AI","floor":33.0},{"not_picked":["Chaos+1","Fusion+1"],"picked":"Heatsinks+1","floor":35.0},{"not_picked":["Sweeping Beam","Compile Driver"],"picked":"Reinforced Body+1","floor":39.0},{"not_picked":["Creative AI","Hologram+1","Ball Lightning"],"picked":"SKIP","floor":40.0},{"not_picked":["Hologram+1","Beam Cell"],"picked":"Steam+1","floor":42.0},{"not_picked":["Ball Lightning+1","Recycle+1","Steam+1"],"picked":"SKIP","floor":45.0},{"not_picked":["Go for the Eyes","Leap+1","Turbo+1"],"picked":"Double Energy+1","floor":46.0},{"not_picked":["Sunder","Double Energy+1","Barrage"],"picked":"Gash","floor":48.0},{"not_picked":["Stack+1","Rip and Tear+1","Lockon+1"],"picked":"Auto Shields+1","floor":55.0}],"player_experience":1311614,"relics_obtained":[{"floor":6.0,"key":"Dead Branch"},{"floor":8.0,"key":"Toxic Egg 2"},{"floor":9.0,"key":"Blue Candle"},{"floor":13.0,"key":"Mercury Hourglass"},{"floor":17.0,"key":"Anchor"},{"floor":17.0,"key":"Shuriken"},{"floor":17.0,"key":"Gambling Chip"},{"floor":21.0,"key":"Omamori"},{"floor":24.0,"key":"Mummified Hand"},{"floor":26.0,"key":"Pen Nib"},{"floor":27.0,"key":"Bottled Tornado"},{"floor":40.0,"key":"Girya"},{"floor":40.0,"key":"Pear"},{"floor":42.0,"key":"Orichalcum"},{"floor":42.0,"key":"Sundial"},{"floor":43.0,"key":"Bronze Scales"},{"floor":44.0,"key":"Boot"},{"floor":45.0,"key":"Bag of Marbles"},{"floor":45.0,"key":"Question Card"},{"floor":48.0,"key":"Turnip"},{"floor":48.0,"key":"Potion Belt"},{"floor":55.0,"key":"Letter Opener"},{"floor":55.0,"key":"Bag of Preparation"}],"event_choices":[{"damage_healed":23.0,"max_hp_gain":0.0,"max_hp_loss":0.0,"gold_gain":0.0,"event_name":"Big Fish","player_choice":"Banana","floor":4.0,"gold_loss":0.0,"damage_taken":0.0},{"damage_healed":0.0,"max_hp_gain":0.0,"max_hp_loss":0.0,"gold_gain":150.0,"event_name":"Liars Game","player_choice":"AGREE","floor":12.0,"gold_loss":0.0,"damage_taken":0.0,"cards_obtained":["Doubt"]},{"damage_healed":0.0,"max_hp_gain":0.0,"max_hp_loss":0.0,"gold_gain":0.0,"event_name":"Addict","player_choice":"Stole Relic","floor":19.0,"gold_loss":0.0,"damage_taken":0.0,"relics_obtained":["Pocketwatch"],"cards_obtained":["Shame"]},{"damage_healed":0.0,"max_hp_gain":0.0,"max_hp_loss":0.0,"gold_gain":0.0,"event_name":"Vampires","player_choice":"Ignored","floor":20.0,"gold_loss":0.0,"damage_taken":0.0},{"damage_healed":0.0,"max_hp_gain":0.0,"max_hp_loss":0.0,"gold_gain":50.0,"event_name":"Nest","player_choice":"Stole From Cult","floor":30.0,"gold_loss":0.0,"damage_taken":0.0},{"damage_healed":0.0,"max_hp_gain":0.0,"max_hp_loss":0.0,"gold_gain":0.0,"event_name":"Tomb of Lord Red Mask","player_choice":"Ignored","floor":36.0,"gold_loss":0.0,"damage_taken":0.0},{"damage_healed":15.0,"max_hp_gain":0.0,"max_hp_loss":0.0,"gold_gain":0.0,"event_name":"Winding Halls","player_choice":"Writhe","floor":37.0,"gold_loss":0.0,"damage_taken":0.0,"cards_obtained":["Writhe"]}],"is_beta":false,"boss_relics":[{"not_picked":["Eternal Feather","Lizard Tail"],"picked":"Calling Bell"},{"not_picked":["Fusion Hammer","Sozu"],"picked":"Black Star"}],"items_purged_floors":[2],"is_endless":false,"potions_floor_spawned":[1,8,11,13,18,27,31,39,40,46],"ascension_level":20}