{"gold_per_floor":[363,513,109,123,103,129,129,145,194,211,211,230,230,257,257,257],"floor_reached":16,"playtime":325,"items_purged":["Doubt"],"score":200,"play_id":"fc7e8bcc-d147-4980-8297-82d4768a21e8","local_time":"20181120152312","is_ascension_mode":true,"campfire_choices":[{"floor":7.0,"key":"REST"},{"data":"Defragment","floor":11.0,"key":"SMITH"},{"data":"Sunder","floor":15.0,"key":"SMITH"}],"neow_cost":"PERCENT_DAMAGE","seed_source_timestamp":1744209135599173,"circlet_count":0,"master_deck":["AscendersBane","Strike_B","Strike_B","Strike_B","Strike_B","Defend_B","Defend_B","Defend_B","Defend_B","Zap","Dualcast","Meteor Strike","Electrodynamics","Defragment+1","Glacier","Sunder+1","Self Repair"],"special_seed":0,"relics":["Cracked Core","Oddly Smooth Stone","Bag of Marbles","Boot","Bronze Scales"],"potions_floor_usage":[16,16],"damage_taken":[{"damage":7.0,"enemies":"Jaw Worm","floor":1.0,"turns":3.0},{"damage":5.0,"enemies":"2 Louse","floor":4.0,"turns":2.0},{"damage":25.0,"enemies":"3 Sentries","floor":6.0,"turns":6.0},{"damage":0.0,"enemies":"Cultist","floor":8.0,"turns":4.0},{"damage":0.0,"enemies":"Large Slime","floor":10.0,"turns":4.0},{"damage":5.0,"enemies":"Exordium Wildlife","floor":12.0,"turns":3.0},{"damage":14,"enemies":"The Guardian","floor":16,"turns":2}],"seed_played":"-3787650866018101490","potions_obtained":[{"floor":1.0,"key":"LiquidBronze"},{"floor":5.0,"key":"Strength Potion"},{"floor":8.0,"key":"Block Potion"}],"is_trial":false,"path_per_floor":["M","?","$","M","?","E","R","M","T","M","R","M","?","T","R","B"],"character_chosen":"DEFECT","items_purchased":["Meteor Strike","Electrodynamics"],"campfire_rested":1,"item_purchase_floors":[3,3],"current_hp_per_floor":[39,39,39,34,34,9,30,30,30,30,30,25,14,14,14,0],"gold":257,"neow_bonus":"TWO_FIFTY_GOLD","is_prod":false,"is_daily":false,"chose_seed":false,"campfire_upgraded":2,"win_rate":0,"timestamp":1542698592,"path_taken":["M","?","$","M","?","E","R","M","T","M","R","?","?","?","R","BOSS"],"build_version":"2018-11-15","purchased_purges":1,"victory":false,"max_hp_per_floor":[71,71,71,71,71,71,71,71,71,71,71,71,71,71,71,71],"card_choices":[{"not_picked":["FTL","Steam","Compile Driver"],"picked":"SKIP","floor":1.0},{"not_picked":["Storm","Leap"],"picked":"Defragment","floor":4.0},{"not_picked":["Aggregate","Go for the Eyes"],"picked":"Glacier","floor":6.0},{"not_picked":["Steam","Redo","Sweeping Beam"],"picked":"SKIP","floor":8.0},{"not_picked":["Coolheaded","Ball Lightning"],"picked":"Sunder","floor":10.0},{"not_picked":["Coolheaded","Beam Cell"],"picked":"Self Repair","floor":12.0}],"player_experience":577646,"relics_obtained":[{"floor":6.0,"key":"Oddly Smooth Stone"},{"floor":9.0,"key":"Bag of Marbles"},{"floor":14.0,"key":"Bronze Scales"}],"event_choices":[{"damage_healed":0.0,"max_hp_gain":0.0,"max_hp_loss":0.0,"gold_gain":150.0,"event_name":"Liars Game","player_choice":"AGREE","floor":2.0,"gold_loss":0.0,"damage_taken":0.0,"cards_obtained":["Doubt"]},{"damage_healed":0.0,"max_hp_gain":0.0,"max_hp_loss":0.0,"gold_gain":0.0,"event_name":"The Woman in Blue","player_choice":"Bought 1 Potion","floor":5.0,"gold_loss":0.0,"damage_taken":0.0},{"damage_healed":0.0,"max_hp_gain":0.0,"max_hp_loss":0.0,"gold_gain":0.0,"event_name":"Scrap Ooze","player_choice":"Success","floor":13.0,"gold_loss":0.0,"damage_taken":11.0,"relics_obtained":["Boot"]}],"is_beta":true,"boss_relics":[],"items_purged_floors":[3],"is_endless":false,"potions_floor_spawned":[1,8,12],"killed_by":"The Guardian","ascension_level":20}