{"gold_per_floor":[114,127,127,52,71,71,92,92,92,92,92,108,121,121],"floor_reached":14,"playtime":227,"items_purged":[],"score":164,"play_id":"63841087-159e-4734-bf78-8dae7baa5be0","local_time":"20190614223615","is_ascension_mode":true,"campfire_choices":[{"data":"Skim","floor":6.0,"key":"SMITH"},{"data":"Biased Cognition","floor":8.0,"key":"SMITH"},{"data":"Sunder","floor":10.0,"key":"SMITH"}],"neow_cost":"CURSE","seed_source_timestamp":48445739448920,"circlet_count":0,"master_deck":["AscendersBane","Strike_B","Strike_B","Strike_B","Strike_B","Defend_B","Defend_B","Defend_B","Defend_B","Zap","Dualcast","Biased Cognition+1","Skim+1","Ball Lightning","Capacitor","Sunder+1","Machine Learning"],"special_seed":0,"relics":["Cracked Core","Golden Idol","Matryoshka"],"potions_floor_usage":[14],"damage_taken":[{"damage":6.0,"enemies":"2 Louse","floor":1.0,"turns":3.0},{"damage":7.0,"enemies":"Small Slimes","floor":2.0,"turns":2.0},{"damage":1.0,"enemies":"Cultist","floor":5.0,"turns":3.0},{"damage":7.0,"enemies":"Looter","floor":7.0,"turns":4.0},{"damage":20.0,"enemies":"3 Louse","floor":12.0,"turns":2.0},{"damage":9.0,"enemies":"Blue Slaver","floor":13.0,"turns":4.0},{"damage":15,"enemies":"Lagavulin","floor":14,"turns":4}],"seed_played":"8191567511702814126","potions_obtained":[{"floor":1.0,"key":"LiquidBronze"},{"floor":7.0,"key":"Strength Potion"},{"floor":13.0,"key":"Ancient Potion"}],"is_trial":false,"path_per_floor":["M","M","?","?","M","R","M","R","T","R","?","M","M","E"],"character_chosen":"DEFECT","items_purchased":[],"campfire_rested":0,"item_purchase_floors":[],"current_hp_per_floor":[58,51,51,51,50,50,43,43,43,43,43,23,14,0],"gold":121,"neow_bonus":"THREE_RARE_CARDS","is_prod":false,"is_daily":false,"chose_seed":false,"campfire_upgraded":3,"win_rate":0,"timestamp":1560519375,"path_taken":["M","M","?","?","M","R","M","R","T","R","?","M","M","E"],"build_version":"2019-01-23","purchased_purges":0,"victory":false,"max_hp_per_floor":[71,71,64,61,61,61,61,61,61,61,61,61,61,61],"card_choices":[{"not_picked":["Machine Learning","Rainbow"],"picked":"Biased Cognition","floor":0.0},{"not_picked":["Streamline","Rebound"],"picked":"Skim","floor":1.0},{"not_picked":["Aggregate","Loop"],"picked":"Ball Lightning","floor":2.0},{"not_picked":["Melter","Coolheaded"],"picked":"Capacitor","floor":5.0},{"not_picked":["Stack","Darkness"],"picked":"Sunder","floor":7.0},{"not_picked":["Lockon","Aggregate","Compile Driver"],"picked":"SKIP","floor":12.0},{"not_picked":["Fusion","Hologram"],"picked":"Machine Learning","floor":13.0}],"player_experience":599099,"relics_obtained":[{"floor":9.0,"key":"Matryoshka"}],"event_choices":[{"damage_healed":0.0,"max_hp_gain":0.0,"max_hp_loss":7.0,"gold_gain":0.0,"event_name":"Golden Idol","player_choice":"Lose Max HP","floor":3.0,"gold_loss":0.0,"damage_taken":0.0,"relics_obtained":["Golden Idol"]},{"cards_removed":["Parasite"],"damage_healed":0.0,"max_hp_gain":0.0,"max_hp_loss":0.0,"gold_gain":0.0,"event_name":"The Cleric","player_choice":"Card Removal","floor":4.0,"gold_loss":75.0,"damage_taken":0.0},{"damage_healed":0.0,"max_hp_gain":0.0,"max_hp_loss":0.0,"gold_gain":0.0,"event_name":"Liars Game","player_choice":"Ignored","floor":11.0,"gold_loss":0.0,"damage_taken":0.0}],"is_beta":false,"boss_relics":[],"items_purged_floors":[],"is_endless":false,"potions_floor_spawned":[1,7,13],"killed_by":"Lagavulin","ascension_level":20}