{"gold_per_floor":[116,133,133,46,46,46,61,71,71,71,19,19,35,60,60,138,138,153,333,74,74,74,74,74],"floor_reached":24,"playtime":574,"items_purged":["Strike_B"],"score":434,"play_id":"63d83988-be92-4e21-8b04-99d9dc4c28e5","local_time":"20190220153409","is_ascension_mode":true,"campfire_choices":[{"data":"Sunder","floor":6,"key":"SMITH"},{"data":"Coolheaded","floor":10,"key":"SMITH"},{"data":"Dualcast","floor":12,"key":"SMITH"},{"data":"Zap","floor":15,"key":"SMITH"},{"data":"Apotheosis","floor":23,"key":"SMITH"}],"neow_cost":"NONE","seed_source_timestamp":243339524156045,"circlet_count":0,"master_deck":["AscendersBane","Strike_B","Strike_B","Strike_B","Defend_B+1","Defend_B+1","Defend_B","Defend_B","Zap+1","Dualcast+1","Coolheaded+1","Sunder+1","Compile Driver","Coolheaded","Beam Cell+1","Electrodynamics","All For One+1","Defragment","Conserve Battery","Stack","Reinforced Body","Capacitor","Self Repair","Apotheosis+1","Ghostly","Ghostly","Ghostly"],"relics":["Cracked Core","Omamori","Molten Egg 2","Nunchaku","Orrery"],"potions_floor_usage":[14,16],"damage_taken":[{"damage":6,"enemies":"Small Slimes","floor":1,"turns":4},{"damage":7,"enemies":"Jaw Worm","floor":2,"turns":4},{"damage":0,"enemies":"Cultist","floor":7,"turns":3},{"damage":6,"enemies":"Looter","floor":8,"turns":2},{"damage":0,"enemies":"3 Louse","floor":13,"turns":3},{"damage":0,"enemies":"3 Sentries","floor":14,"turns":4},{"damage":21,"enemies":"The Guardian","floor":16,"turns":11},{"damage":14,"enemies":"Spheric Guardian","floor":18,"turns":6},{"damage":0,"enemies":"Slavers","floor":24,"turns":1}],"seed_played":"-6523836826675144138","potions_obtained":[{"floor":2,"key":"SpeedPotion"},{"floor":8,"key":"Block Potion"}],"is_trial":false,"path_per_floor":["M","M","?","$","?","R","M","M","T","R","$","R","M","E","R","B",null,"M","?","$","?","$","R","E"],"character_chosen":"DEFECT","items_purchased":["Sunder","Beam Cell+1","Apotheosis"],"campfire_rested":0,"item_purchase_floors":[4,11,20],"current_hp_per_floor":[58,51,30,30,30,30,30,24,24,24,24,24,24,24,24,3,54,40,19,19,19,19,19,19],"gold":74,"neow_bonus":"RANDOM_COMMON_RELIC","is_prod":false,"is_daily":false,"chose_seed":false,"campfire_upgraded":5,"win_rate":0,"timestamp":1550648049,"path_taken":["M","M","?","$","?","R","M","M","T","R","?","R","M","E","R","BOSS","M","?","?","?","$","R","E"],"build_version":"2019-01-23","purchased_purges":1,"victory":false,"max_hp_per_floor":[71,71,71,71,71,71,71,71,71,71,71,71,71,71,71,71,71,71,71,71,35,35,35,35],"card_choices":[{"not_picked":["Gash","Scrape"],"picked":"Coolheaded","floor":1},{"not_picked":["Gash","Rebound","Stack"],"picked":"SKIP","floor":2},{"not_picked":["Stack","Gash"],"picked":"Compile Driver","floor":7},{"not_picked":["Gash","Storm"],"picked":"Coolheaded","floor":8},{"not_picked":["Steam","Sweeping Beam+1"],"picked":"Electrodynamics","floor":13},{"not_picked":["Thunder Strike+1","Steam Power","Gash+1"],"picked":"SKIP","floor":14},{"not_picked":["Thunder Strike+1","Fission"],"picked":"All For One+1","floor":16},{"not_picked":["Double Energy","Ball Lightning+1"],"picked":"Defragment","floor":17},{"not_picked":["Compile Driver+1","Rebound+1"],"picked":"Conserve Battery","floor":17},{"not_picked":["Chaos","Barrage+1"],"picked":"Stack","floor":17},{"not_picked":["Streamline+1","Chaos"],"picked":"Reinforced Body","floor":17},{"not_picked":["Beam Cell+1","Barrage+1"],"picked":"Capacitor","floor":17},{"not_picked":["Steam","Redo"],"picked":"Self Repair","floor":18}],"player_experience":860399,"relics_obtained":[{"floor":9,"key":"Molten Egg 2"},{"floor":14,"key":"Nunchaku"}],"event_choices":[{"damage_healed":0,"gold_gain":0,"player_choice":"Entered Light","damage_taken":21,"max_hp_gain":0,"max_hp_loss":0,"event_name":"Shining Light","floor":3,"gold_loss":0,"cards_upgraded":["Defend_B","Defend_B"]},{"damage_healed":0,"gold_gain":0,"player_choice":"Leave","damage_taken":0,"max_hp_gain":0,"max_hp_loss":0,"event_name":"The Cleric","floor":5,"gold_loss":0},{"damage_healed":0,"gold_gain":180,"player_choice":"GOLD GOLD ","damage_taken":21,"max_hp_gain":0,"max_hp_loss":0,"event_name":"Knowing Skull","floor":19,"potions_obtained":[],"gold_loss":0,"cards_obtained":[]},{"damage_healed":0,"gold_gain":0,"player_choice":"Became a Ghost","damage_taken":0,"max_hp_gain":0,"max_hp_loss":36,"event_name":"Ghosts","floor":21,"gold_loss":0,"cards_obtained":["Ghostly","Ghostly","Ghostly"]}],"is_beta":false,"boss_relics":[{"not_picked":["Black Star","Inserter"],"picked":"Orrery"}],"items_purged_floors":[20],"is_endless":false,"potions_floor_spawned":[2,8],"killed_by":"Slavers","ascension_level":20}