{"gold_per_floor":[361,361,361,21,34,75,75,75,101,101],"floor_reached":10,"playtime":169,"items_purged":["Strike_B"],"score":128,"play_id":"f8135e17-18b1-4b5f-8694-539e198b0d49","local_time":"20190615114723","is_ascension_mode":true,"campfire_choices":[{"data":"Coolheaded","floor":8,"key":"SMITH"}],"neow_cost":"TEN_PERCENT_HP_LOSS","seed_source_timestamp":96030962965398,"circlet_count":0,"master_deck":["AscendersBane","Strike_B","Strike_B","Defend_B","Defend_B","Defend_B","Defend_B","Zap","Dualcast","Recycle+1","Heatsinks","Beam Cell","Coolheaded","Hologram","Coolheaded+1"],"special_seed":0,"relics":["Cracked Core","Golden Idol","PreservedInsect"],"potions_floor_usage":[],"damage_taken":[{"damage":4.0,"enemies":"Jaw Worm","floor":1.0,"turns":3.0},{"damage":0.0,"enemies":"Cultist","floor":5.0,"turns":4.0},{"damage":39.0,"enemies":"Lagavulin","floor":6.0,"turns":9.0},{"damage":0,"enemies":"2 Louse","floor":10,"turns":1}],"seed_played":"2000738528099429337","potions_obtained":[],"is_trial":false,"path_per_floor":["M","?","?","$","M","E","?","R","T","M"],"character_chosen":"DEFECT","items_purchased":["Heatsinks","Beam Cell","Coolheaded","Poison Potion","FearPotion"],"campfire_rested":0,"item_purchase_floors":[4,4,4,4,4],"current_hp_per_floor":[60,58,58,58,58,19,19,19,19,19],"gold":101,"neow_bonus":"TWO_FIFTY_GOLD","is_prod":false,"is_daily":false,"chose_seed":false,"campfire_upgraded":1,"win_rate":0,"timestamp":1560566843,"path_taken":["M","?","?","$","?","E","?","R","T","M"],"build_version":"2019-01-23","purchased_purges":1,"victory":false,"max_hp_per_floor":[64,58,58,58,58,58,58,58,58,58],"card_choices":[{"not_picked":["Coolheaded","Compile Driver"],"picked":"Recycle","floor":1.0},{"not_picked":["Steam","Chill"],"picked":"Hologram","floor":5.0},{"not_picked":["Reprogram","Beam Cell"],"picked":"Coolheaded","floor":6.0}],"player_experience":600973,"relics_obtained":[{"floor":6.0,"key":"PreservedInsect"}],"event_choices":[{"damage_healed":0.0,"max_hp_gain":0.0,"max_hp_loss":6.0,"gold_gain":0.0,"event_name":"Golden Idol","player_choice":"Lose Max HP","floor":2.0,"gold_loss":0.0,"damage_taken":0.0,"relics_obtained":["Golden Idol"]},{"damage_healed":0.0,"max_hp_gain":0.0,"max_hp_loss":0.0,"gold_gain":0.0,"event_name":"Upgrade Shrine","player_choice":"Upgraded","floor":3.0,"gold_loss":0.0,"damage_taken":0.0,"cards_upgraded":["Recycle"]},{"cards_removed":["Strike_B"],"damage_healed":0,"gold_gain":0,"player_choice":"Forget","damage_taken":0,"max_hp_gain":0,"max_hp_loss":0,"event_name":"Living Wall","floor":7,"gold_loss":0}],"is_beta":false,"boss_relics":[],"items_purged_floors":[4],"is_endless":false,"potions_floor_spawned":[],"killed_by":"2 Louse","ascension_level":20}