{"gold_per_floor":[114,114,114,124,139,139,165,176,206,226,89,108,119,134,134,134],"floor_reached":16,"playtime":857,"items_purged":[],"score":105,"play_id":"e01dc283-d9be-46b1-aa50-795aa02ab834","local_time":"20180715170520","is_ascension_mode":false,"campfire_choices":[{"data":"Zap","floor":6.0,"key":"SMITH"},{"floor":15,"key":"REST"}],"neow_cost":"","seed_source_timestamp":4305952957034,"circlet_count":0,"master_deck":["Strike_B","Strike_B","Strike_B","Strike_B","Defend_B","Defend_B","Defend_B","Defend_B","Zap+1","Dualcast","Double Energy","Capacitor","Turbo","Sunder","Self Repair","Creative AI","Static Discharge","Buffer"],"special_seed":0,"relics":["Cracked Core","Spirit Poop","Matryoshka","Tiny Chest","Ornamental Fan"],"potions_floor_usage":[14,16,16],"damage_taken":[{"damage":0.0,"enemies":"Cultist","floor":1.0,"turns":4.0},{"damage":6.0,"enemies":"Jaw Worm","floor":4.0,"turns":2.0},{"damage":2.0,"enemies":"2 Louse","floor":5.0,"turns":3.0},{"damage":21,"enemies":"Lagavulin","floor":7,"turns":7},{"damage":11,"enemies":"Exordium Thugs","floor":8,"turns":4},{"damage":0,"enemies":"2 Fungi Beasts","floor":10,"turns":2},{"damage":5,"enemies":"Looter","floor":12,"turns":3},{"damage":6,"enemies":"3 Louse","floor":13,"turns":4},{"damage":10,"enemies":"Large Slime","floor":14,"turns":5},{"damage":55,"enemies":"The Guardian","floor":16,"turns":9}],"seed_played":"-5909090096976402132","potions_obtained":[{"floor":1.0,"key":"Poison Potion"},{"floor":12,"key":"SpeedPotion"},{"floor":14,"key":"Block Potion"}],"is_trial":false,"path_per_floor":["M","?","?","M","M","R","E","M","T","M","$","M","M","M","R"],"character_chosen":"DEFECT","items_purchased":["Creative AI"],"campfire_rested":1,"item_purchase_floors":[11],"current_hp_per_floor":[75,75,75,69,67,67,46,35,35,35,35,37,38,28,50,0],"gold":134,"neow_bonus":"","is_prod":false,"is_daily":false,"chose_seed":false,"campfire_upgraded":1,"win_rate":0,"timestamp":1531667120,"path_taken":["M","?","?","?","M","R","E","M","T","M","$","M","M","M","R","BOSS"],"build_version":"2018-07-12","purchased_purges":0,"victory":false,"max_hp_per_floor":[75,75,75,75,75,75,75,75,75,75,75,75,75,75,75,75],"card_choices":[{"not_picked":["Beam Cell","Rebound"],"picked":"Double Energy","floor":1.0},{"not_picked":["Compile Driver","Beam Cell"],"picked":"Capacitor","floor":4.0},{"not_picked":["Sweeping Beam","Ball Lightning"],"picked":"Turbo","floor":5.0},{"not_picked":["Rebound","Redo"],"picked":"Sunder","floor":7},{"not_picked":["Stack","Fusion"],"picked":"Self Repair","floor":8},{"not_picked":["Double Energy","Rebound","Compile Driver"],"picked":"SKIP","floor":10},{"not_picked":["Streamline","Coolheaded"],"picked":"Static Discharge","floor":12},{"not_picked":["Sweeping Beam","Recycle","Steam"],"picked":"SKIP","floor":13},{"not_picked":["Hologram","Sweeping Beam"],"picked":"Buffer","floor":14}],"player_experience":315185,"relics_obtained":[{"floor":7,"key":"Matryoshka"},{"floor":9,"key":"Tiny Chest"},{"floor":9,"key":"Ornamental Fan"}],"event_choices":[{"event_name":"Wheel of Change","player_choice":"Curse","floor":2.0,"damage_taken":0.0},{"event_name":"Bonfire Elementals","player_choice":"CURSE","floor":3.0,"damage_taken":0.0}],"boss_relics":[],"items_purged_floors":[],"is_endless":false,"potions_floor_spawned":[1,12,14],"killed_by":"The Guardian","ascension_level":0}