{"gold_per_floor":[119,44,57,69,86,86,120,138,138,172,172,172,186,203,203,281,281,296,312,95,95,95,121,121,148,148,248,248,261,289,289,289,366,366,376,476,476,487,502,527,527,555,555,555,570,570,595,646,646,646,646,646,646,2,35,35],"floor_reached":57,"playtime":3155,"items_purged":["Strike_B","Strike_B"],"score":3191,"play_id":"231d5b16-6407-48b2-aacb-e923370a4c07","local_time":"20190225174858","is_ascension_mode":true,"campfire_choices":[{"data":"Sunder","floor":6.0,"key":"SMITH"},{"data":"Consume","floor":12.0,"key":"SMITH"},{"data":"Biased Cognition","floor":15.0,"key":"SMITH"},{"data":"Buffer","floor":24.0,"key":"SMITH"},{"data":"Rainbow","floor":28.0,"key":"SMITH"},{"data":"Heatsinks","floor":32.0,"key":"SMITH"},{"data":"Hologram","floor":41,"key":"SMITH"},{"data":"Rainbow","floor":44,"key":"SMITH"},{"floor":46,"key":"RECALL"},{"data":"Chaos","floor":49,"key":"SMITH"},{"data":"Coolheaded","floor":53,"key":"SMITH"}],"neow_cost":"NONE","seed_source_timestamp":16720775402509,"circlet_count":0,"master_deck":["AscendersBane","Strike_B","Defend_B","Defend_B","Defend_B","Defend_B","Zap","Dualcast","Rainbow+1","Cold Snap","Sunder+1","Cold Snap","Coolheaded+1","Chaos+1","Genetic Algorithm","Consume+1","Zap","All For One","Storm","Darkness","Biased Cognition+1","Creative AI","Loop+1","Buffer+1","Heatsinks+1","Echo Form","Rainbow+1","Hologram+1","Glacier+1","Core Surge","Thunder Strike"],"special_seed":0,"relics":["Cracked Core","FossilizedHelix","Kunai","Ancient Tea Set","Snecko Eye","ClockworkSouvenir","Question Card","Pantograph","Anchor","Turnip","Matryoshka","Oddly Smooth Stone","Sozu","Du-Vu Doll","Dead Branch","Singing Bowl","Art of War","Vajra","Gambling Chip","Happy Flower","Centennial Puzzle","Chemical X","Gremlin Horn"],"potions_floor_usage":[56],"damage_taken":[{"damage":0.0,"enemies":"Cultist","floor":1.0,"turns":4.0},{"damage":2.0,"enemies":"Jaw Worm","floor":3.0,"turns":4.0},{"damage":0.0,"enemies":"2 Louse","floor":4.0,"turns":3.0},{"damage":0.0,"enemies":"2 Fungi Beasts","floor":5.0,"turns":2.0},{"damage":28.0,"enemies":"Gremlin Nob","floor":7.0,"turns":4.0},{"damage":7.0,"enemies":"3 Louse","floor":8.0,"turns":3.0},{"damage":3.0,"enemies":"Lagavulin","floor":10.0,"turns":7.0},{"damage":0.0,"enemies":"Looter","floor":13.0,"turns":2.0},{"damage":4.0,"enemies":"Blue Slaver","floor":14.0,"turns":4.0},{"damage":18.0,"enemies":"Slime Boss","floor":16.0,"turns":9.0},{"damage":0.0,"enemies":"3 Byrds","floor":18.0,"turns":4.0},{"damage":0.0,"enemies":"Chosen","floor":19.0,"turns":3.0},{"damage":0.0,"enemies":"Gremlin Leader","floor":23.0,"turns":7.0},{"damage":0.0,"enemies":"Slavers","floor":25.0,"turns":8.0},{"damage":0.0,"enemies":"Colosseum Slavers","floor":27.0,"turns":2.0},{"damage":0.0,"enemies":"Colosseum Nobs","floor":27.0,"turns":5.0},{"damage":0.0,"enemies":"Centurion and Healer","floor":29.0,"turns":3.0},{"damage":11.0,"enemies":"Gremlin Leader","floor":30.0,"turns":6.0},{"damage":0.0,"enemies":"Champ","floor":33.0,"turns":7.0},{"damage":0.0,"enemies":"3 Darklings","floor":35.0,"turns":4.0},{"damage":6.0,"enemies":"Mind Bloom Boss Battle","floor":36.0,"turns":5.0},{"damage":0,"enemies":"Orb Walker","floor":38,"turns":3},{"damage":0,"enemies":"Spire Growth","floor":39,"turns":4},{"damage":0,"enemies":"Giant Head","floor":40,"turns":8},{"damage":0,"enemies":"Reptomancer","floor":42,"turns":5},{"damage":0,"enemies":"Transient","floor":45,"turns":6},{"damage":0,"enemies":"Nemesis","floor":47,"turns":7},{"damage":0,"enemies":"2 Orb Walkers","floor":48,"turns":4},{"damage":0,"enemies":"Time Eater","floor":50,"turns":8},{"damage":20,"enemies":"Awakened One","floor":51,"turns":8},{"damage":10,"enemies":"Shield and Spear","floor":55,"turns":6},{"damage":26,"enemies":"The Heart","floor":56,"turns":9}],"seed_played":"1444473680147716601","potions_obtained":[{"floor":4.0,"key":"PowerPotion"},{"floor":10.0,"key":"Regen Potion"},{"floor":23.0,"key":"Energy Potion"},{"floor":30.0,"key":"SpeedPotion"}],"is_trial":false,"path_per_floor":["M","$","M","M","M","R","E","M","T","E","?","R","M","M","R","B",null,"M","M","$","$","?","E","R","E","T","?","R","M","E","?","R","B",null,"M","?","?","M","M","E","R","E","T","R","M","R","E","?","R","B","B",null,"R","$","E","B",null],"character_chosen":"DEFECT","items_purchased":["ClockworkSouvenir","Happy Flower","Centennial Puzzle","Chemical X"],"campfire_rested":0,"item_purchase_floors":[20,54,54,54],"current_hp_per_floor":[64,64,62,62,62,62,34,27,27,24,24,24,24,20,20,2,54,54,54,54,54,54,68,68,68,68,68,68,68,57,57,57,71,71,71,65,65,65,65,65,65,65,65,65,65,65,67,69,69,75,55,70,70,70,60,49],"gold":35,"neow_bonus":"ONE_RANDOM_RARE_CARD","is_prod":false,"is_daily":false,"chose_seed":false,"campfire_upgraded":10,"win_rate":0,"timestamp":1551088138,"path_taken":["M","$","M","?","M","R","E","M","T","E","?","R","?","M","R","BOSS","BOSS","M","M","$","?","?","E","R","E","T","?","R","M","E","?","R","BOSS","M","?","?","M","M","E","R","E","T","R","?","R","E","?","R","BOSS","BOSS","R","$","E","BOSS"],"build_version":"2019-01-23","purchased_purges":2,"victory":true,"max_hp_per_floor":[71,71,71,71,71,71,71,71,71,71,71,71,71,71,71,71,71,71,71,71,71,71,71,71,71,71,71,71,71,71,71,71,71,71,71,71,71,71,71,71,71,71,71,71,71,71,73,75,75,75,75,75,75,75,75,75],"card_choices":[{"not_picked":["Go for the Eyes","Gash"],"picked":"Cold Snap","floor":1.0},{"not_picked":["Static Discharge","Hologram"],"picked":"Sunder","floor":3.0},{"not_picked":["Fusion","Hologram"],"picked":"Cold Snap","floor":4.0},{"not_picked":["Redo","Stack"],"picked":"Coolheaded","floor":5.0},{"not_picked":["Force Field","Barrage"],"picked":"Chaos","floor":7.0},{"not_picked":["Go for the Eyes","Rebound"],"picked":"Genetic Algorithm","floor":8.0},{"not_picked":["Storm","Streamline"],"picked":"Consume","floor":10.0},{"not_picked":["Blizzard","Compile Driver"],"picked":"Darkness","floor":13.0},{"not_picked":["Leap","Sweeping Beam"],"picked":"Biased Cognition","floor":14.0},{"not_picked":["Reboot","All For One"],"picked":"Creative AI","floor":16.0},{"not_picked":["Hello World+1","Sweeping Beam"],"picked":"Loop+1","floor":18.0},{"not_picked":["Gash","Coolheaded","Compile Driver"],"picked":"SKIP","floor":19.0},{"not_picked":["Double Energy","Loop"],"picked":"Buffer","floor":23.0},{"not_picked":["Doom and Gloom","Rebound","Storm","BootSequence"],"picked":"SKIP","floor":25.0},{"not_picked":["Conserve Battery","Redo","Stack","Sweeping Beam"],"picked":"SKIP","floor":29.0},{"not_picked":["Genetic Algorithm","Ball Lightning","Heatsinks","Storm+1"],"picked":"SKIP","floor":30.0},{"not_picked":["Genetic Algorithm","Ball Lightning","Storm+1"],"picked":"Heatsinks","floor":30.0},{"not_picked":["Hyperbeam","Core Surge","Biased Cognition"],"picked":"Echo Form","floor":33.0},{"not_picked":["White Noise","Rebound","Turbo","Defragment"],"picked":"SKIP","floor":35.0},{"not_picked":["Scrape","Rebound","FTL+1"],"picked":"Hologram","floor":38},{"not_picked":["Gash","Skim","Stack+1","Cold Snap+1"],"picked":"SKIP","floor":39},{"not_picked":["Lockon+1","Hologram","Barrage","Turbo"],"picked":"SKIP","floor":40},{"not_picked":["FTL","Rip and Tear","Streamline"],"picked":"Glacier+1","floor":42},{"not_picked":["Auto Shields+1","Blizzard+1","Gash"],"picked":"Core Surge","floor":45},{"not_picked":["Rebound","Compile Driver","BootSequence","Static Discharge+1"],"picked":"Singing Bowl","floor":47},{"not_picked":["Redo","Storm","Rebound","Turbo"],"picked":"Singing Bowl","floor":48},{"not_picked":["Capacitor","Cold Snap","Static Discharge"],"picked":"Thunder Strike","floor":55}],"player_experience":3130686,"relics_obtained":[{"floor":7.0,"key":"FossilizedHelix"},{"floor":9.0,"key":"Kunai"},{"floor":10.0,"key":"Ancient Tea Set"},{"floor":23.0,"key":"Question Card"},{"floor":25.0,"key":"Pantograph"},{"floor":26.0,"key":"Anchor"},{"floor":27.0,"key":"Turnip"},{"floor":27.0,"key":"Matryoshka"},{"floor":30.0,"key":"Oddly Smooth Stone"},{"floor":36.0,"key":"Du-Vu Doll"},{"floor":40,"key":"Dead Branch"},{"floor":42,"key":"Singing Bowl"},{"floor":43,"key":"Art of War"},{"floor":47,"key":"Vajra"},{"floor":48,"key":"Gambling Chip"},{"floor":55,"key":"Gremlin Horn"}],"event_choices":[{"damage_healed":0.0,"max_hp_gain":0.0,"max_hp_loss":0.0,"gold_gain":0.0,"event_name":"Match and Keep!","player_choice":"3 cards matched","floor":11.0,"gold_loss":0.0,"damage_taken":0.0,"cards_obtained":["Zap","All For One","Storm"]},{"damage_healed":0.0,"max_hp_gain":0.0,"max_hp_loss":0.0,"gold_gain":0.0,"event_name":"Ghosts","player_choice":"Ignored","floor":22.0,"gold_loss":0.0,"damage_taken":0.0},{"damage_healed":0.0,"max_hp_gain":0.0,"max_hp_loss":0.0,"gold_gain":0.0,"event_name":"Colosseum","player_choice":"Fight","floor":27.0,"gold_loss":0.0,"damage_taken":0.0},{"damage_healed":0.0,"max_hp_gain":0.0,"max_hp_loss":0.0,"gold_gain":0.0,"event_name":"Colosseum","player_choice":"Fought Nobs","floor":27.0,"gold_loss":0.0,"damage_taken":0.0},{"damage_healed":0.0,"max_hp_gain":0.0,"max_hp_loss":0.0,"gold_gain":0.0,"event_name":"The Mausoleum","player_choice":"Ignored","floor":31.0,"gold_loss":0.0,"damage_taken":0.0},{"damage_healed":0.0,"max_hp_gain":0.0,"max_hp_loss":0.0,"gold_gain":0.0,"event_name":"MindBloom","player_choice":"Fight","floor":36.0,"gold_loss":0.0,"damage_taken":0.0},{"damage_healed":0,"gold_gain":0,"cards_transformed":["Strike_B"],"player_choice":"Transformed","damage_taken":0,"max_hp_gain":0,"max_hp_loss":0,"event_name":"Transmorgrifier","floor":37,"gold_loss":0,"cards_obtained":["Rainbow"]},{"damage_healed":0,"gold_gain":0,"player_choice":"Fight","damage_taken":0,"max_hp_gain":0,"max_hp_loss":0,"event_name":"Mysterious Sphere","floor":48,"gold_loss":0}],"is_beta":false,"boss_relics":[{"not_picked":["Inserter","Pandora\u0027s Box"],"picked":"Snecko Eye"},{"not_picked":["Cursed Key","Lizard Tail"],"picked":"Sozu"}],"items_purged_floors":[2,54],"is_endless":false,"potions_floor_spawned":[4,10,13,16,18,23,27,30,35,36,39,42,48,55],"ascension_level":20}