{"gold_per_floor":[111,111,126,276,276,276,30,30,82,111,111,111,129,173,173,266,266,289,150,150,25,25,25,64,82,136,180,30,30,80,103,103,194,194,210,35,56,69,94,127,127,171,223,85,85,100,140,159,159,159,159,159,159,59,100,100],"floor_reached":57,"playtime":4240,"items_purged":["Doubt","Strike_B","Strike_B","Strike_B","Defend_B"],"score":3193,"play_id":"a01dc366-031a-4def-b771-3a88c0e7213b","local_time":"20190205202902","is_ascension_mode":true,"campfire_choices":[{"data":"Streamline","floor":6.0,"key":"SMITH"},{"data":"Zap","floor":8.0,"key":"SMITH"},{"data":"Recycle","floor":15.0,"key":"SMITH"},{"floor":23.0,"key":"REST"},{"floor":29.0,"key":"REST"},{"floor":32.0,"key":"RECALL"},{"floor":41.0,"key":"REST"},{"floor":45.0,"key":"REST"},{"floor":49.0,"key":"REST"},{"floor":53.0,"key":"REST"}],"neow_cost":"NONE","seed_source_timestamp":17679533993642,"circlet_count":0,"master_deck":["AscendersBane","Defend_B+1","Defend_B","Defend_B","Zap+1","Dualcast","Capacitor+1","Streamline+1","Creative AI","Recycle+1","Glacier","Electrodynamics","Chill","Reinforced Body","Consume","Reboot+1","Chaos+1","Echo Form","Skim+1","Coolheaded+1","Turbo+1","Glacier+1","Glacier+1","White Noise+1","Finesse+1","Capacitor","Recycle+1","Reboot+1","Impatience+1"],"special_seed":0,"relics":["Runic Pyramid","Art of War","Vajra","Juzu Bracelet","Golden Idol","Regal Pillow","Fusion Hammer","Enchiridion","Kunai","Omamori","Toxic Egg 2","DataDisk","Orrery","Shuriken","Ancient Tea Set","Pear","Boot"],"potions_floor_usage":[56,56,56,56],"damage_taken":[{"damage":0.0,"enemies":"Small Slimes","floor":1.0,"turns":3.0},{"damage":0.0,"enemies":"2 Louse","floor":3.0,"turns":2.0},{"damage":32.0,"enemies":"Gremlin Nob","floor":10.0,"turns":4.0},{"damage":7.0,"enemies":"Jaw Worm","floor":13.0,"turns":6.0},{"damage":3.0,"enemies":"3 Sentries","floor":14.0,"turns":8.0},{"damage":0.0,"enemies":"The Guardian","floor":16.0,"turns":10.0},{"damage":18.0,"enemies":"3 Byrds","floor":18.0,"turns":4.0},{"damage":5.0,"enemies":"Slavers","floor":24.0,"turns":3.0},{"damage":0.0,"enemies":"Spheric Guardian","floor":25.0,"turns":6.0},{"damage":22.0,"enemies":"Gremlin Leader","floor":27.0,"turns":5.0},{"damage":1.0,"enemies":"Cultist and Chosen","floor":31.0,"turns":5.0},{"damage":0.0,"enemies":"Champ","floor":33.0,"turns":12.0},{"damage":0.0,"enemies":"3 Shapes","floor":35.0,"turns":4.0},{"damage":0.0,"enemies":"3 Darklings","floor":37.0,"turns":4.0},{"damage":0.0,"enemies":"Spire Growth","floor":38.0,"turns":6.0},{"damage":11.0,"enemies":"4 Shapes","floor":39.0,"turns":5.0},{"damage":0.0,"enemies":"Nemesis","floor":40.0,"turns":11.0},{"damage":1.0,"enemies":"Reptomancer","floor":42.0,"turns":10.0},{"damage":0.0,"enemies":"Sphere and 2 Shapes","floor":46.0,"turns":7.0},{"damage":17.0,"enemies":"Nemesis","floor":47.0,"turns":13.0},{"damage":0.0,"enemies":"Spire Growth","floor":48.0,"turns":8.0},{"damage":0.0,"enemies":"Awakened One","floor":50.0,"turns":15.0},{"damage":0.0,"enemies":"Time Eater","floor":51.0,"turns":11.0},{"damage":0.0,"enemies":"Shield and Spear","floor":55.0,"turns":9.0},{"damage":30,"enemies":"The Heart","floor":56,"turns":14}],"seed_played":"-4174088295924507908","potions_obtained":[{"floor":1.0,"key":"Regen Potion"},{"floor":3.0,"key":"Explosive Potion"},{"floor":14.0,"key":"EntropicBrew"},{"floor":18.0,"key":"Swift Potion"},{"floor":25.0,"key":"FearPotion"},{"floor":27.0,"key":"Ancient Potion"}],"is_trial":false,"path_per_floor":["M","?","M","?","?","R","$","R","T","E","?","?","M","E","R","B",null,"M","$","?","$","?","R","E","M","T","E","$","R","T","M","R","B",null,"M","$","M","M","M","E","R","E","T","$","R","M","E","M","R","B","B",null,"R","$","E","B",null],"character_chosen":"DEFECT","items_purchased":["Art of War","Reinforced Body","Finesse+1","Capacitor","Impatience+1"],"campfire_rested":6,"item_purchase_floors":[7,19,44,44,54],"current_hp_per_floor":[64,43,43,43,66,66,66,66,66,34,34,34,42,39,39,39,58,40,40,19,19,19,53,48,48,48,26,26,60,60,59,59,59,63,63,63,63,63,52,52,64,63,63,63,64,64,57,57,74,74,74,74,74,74,74,44],"gold":100,"neow_bonus":"BOSS_RELIC","is_prod":false,"is_daily":false,"chose_seed":false,"campfire_upgraded":3,"win_rate":0,"timestamp":1549369742,"path_taken":["M","?","M","?","?","R","?","R","T","E","?","?","M","E","R","BOSS","M","$","?","$","?","R","E","M","T","E","$","R","?","M","R","BOSS","M","$","M","M","M","E","R","E","T","$","R","M","E","M","R","BOSS","BOSS","R","$","E","BOSS"],"build_version":"2019-01-23","purchased_purges":5,"victory":true,"max_hp_per_floor":[71,71,71,71,71,71,71,71,71,71,71,64,64,64,64,64,64,64,64,64,64,64,64,64,64,64,64,64,64,64,64,64,64,64,64,64,64,64,64,64,64,64,64,64,64,64,74,74,74,74,74,74,74,74,74,74],"card_choices":[{"not_picked":["Barrage","Rebound"],"picked":"Capacitor","floor":1.0},{"not_picked":["Stack","Conserve Battery"],"picked":"Streamline","floor":3.0},{"not_picked":["Conserve Battery","Rip and Tear"],"picked":"Creative AI","floor":10.0},{"not_picked":["Hello World","Defragment"],"picked":"Glacier","floor":13.0},{"not_picked":["Cold Snap","Stack","Compile Driver"],"picked":"SKIP","floor":14.0},{"not_picked":["Hyperbeam","Buffer"],"picked":"Electrodynamics","floor":16.0},{"not_picked":["Conserve Battery","Coolheaded"],"picked":"Chill","floor":18.0},{"not_picked":["Undo+1","Turbo","Darkness"],"picked":"SKIP","floor":24.0},{"not_picked":["Cold Snap","Ball Lightning"],"picked":"Consume","floor":25.0},{"not_picked":["FTL","Steam Power"],"picked":"Reboot","floor":27.0},{"not_picked":["Aggregate+1","Cold Snap"],"picked":"Chaos+1","floor":31.0},{"not_picked":["Electrodynamics","Meteor Strike"],"picked":"Echo Form","floor":33.0},{"not_picked":["Consume+1","Amplify+1"],"picked":"Skim+1","floor":34.0},{"not_picked":["Beam Cell","Gash+1"],"picked":"Coolheaded+1","floor":34.0},{"not_picked":["BootSequence+1","Cold Snap"],"picked":"Turbo+1","floor":34.0},{"not_picked":["Melter","Turbo+1","Gash"],"picked":"SKIP","floor":35.0},{"not_picked":["Rebound","Coolheaded+1"],"picked":"Glacier+1","floor":37.0},{"not_picked":["Gash","Cold Snap","Genetic Algorithm+1"],"picked":"SKIP","floor":38.0},{"not_picked":["Rebound","Go for the Eyes"],"picked":"Glacier+1","floor":39.0},{"not_picked":["Ball Lightning","Hyperbeam","Genetic Algorithm+1"],"picked":"SKIP","floor":40.0},{"not_picked":["FTL","Conserve Battery+1"],"picked":"White Noise+1","floor":42.0},{"not_picked":["Turbo+1","Stack+1"],"picked":"Recycle+1","floor":46.0},{"not_picked":["Streamline","Lockon+1"],"picked":"Reboot+1","floor":47.0},{"not_picked":["Gash","Rebound","Storm"],"picked":"SKIP","floor":48.0},{"not_picked":["Steam+1","Leap+1","Fusion+1"],"picked":"SKIP","floor":55.0}],"player_experience":2545044,"relics_obtained":[{"floor":9.0,"key":"Vajra"},{"floor":10.0,"key":"Juzu Bracelet"},{"floor":14.0,"key":"Regal Pillow"},{"floor":20.0,"key":"Enchiridion"},{"floor":24.0,"key":"Kunai"},{"floor":26.0,"key":"Omamori"},{"floor":27.0,"key":"Toxic Egg 2"},{"floor":30.0,"key":"DataDisk"},{"floor":40.0,"key":"Shuriken"},{"floor":42.0,"key":"Ancient Tea Set"},{"floor":47.0,"key":"Pear"},{"floor":55.0,"key":"Boot"}],"event_choices":[{"damage_healed":0.0,"max_hp_gain":0.0,"max_hp_loss":0.0,"gold_gain":0.0,"event_name":"Shining Light","player_choice":"Entered Light","floor":2.0,"gold_loss":0.0,"damage_taken":21.0,"cards_upgraded":["Capacitor","Defend_B"]},{"damage_healed":0.0,"max_hp_gain":0.0,"max_hp_loss":0.0,"gold_gain":150.0,"event_name":"Liars Game","player_choice":"AGREE","floor":4.0,"gold_loss":0.0,"damage_taken":0.0,"cards_obtained":["Doubt"]},{"damage_healed":23.0,"max_hp_gain":0.0,"max_hp_loss":0.0,"gold_gain":0.0,"event_name":"Big Fish","player_choice":"Banana","floor":5.0,"gold_loss":0.0,"damage_taken":0.0},{"damage_healed":0.0,"max_hp_gain":0.0,"max_hp_loss":0.0,"gold_gain":0.0,"cards_transformed":["Strike_B"],"event_name":"Transmorgrifier","player_choice":"Transformed","floor":11.0,"gold_loss":0.0,"damage_taken":0.0,"cards_obtained":["Recycle"]},{"damage_healed":0.0,"max_hp_gain":0.0,"max_hp_loss":7.0,"gold_gain":0.0,"event_name":"Golden Idol","player_choice":"Lose Max HP","floor":12.0,"gold_loss":0.0,"damage_taken":0.0,"relics_obtained":["Golden Idol"]},{"damage_healed":0.0,"max_hp_gain":0.0,"max_hp_loss":0.0,"gold_gain":0.0,"event_name":"Cursed Tome","player_choice":"Obtained Book","floor":20.0,"gold_loss":0.0,"damage_taken":21.0},{"damage_healed":0.0,"max_hp_gain":0.0,"max_hp_loss":0.0,"gold_gain":0.0,"event_name":"Beggar","player_choice":"Ignored","floor":22.0,"gold_loss":0.0,"damage_taken":0.0}],"is_beta":false,"boss_relics":[{"not_picked":["Astrolabe","Eternal Feather"],"picked":"Fusion Hammer"},{"not_picked":["Runic Dome","Tiny House"],"picked":"Orrery"}],"items_purged_floors":[7,19,21,28,36],"is_endless":false,"potions_floor_spawned":[1,3,14,18,25,27,39,42,46,55],"ascension_level":20}