{"gold_per_floor":[119,119,131,146,146,146,179,179,179,179,179,197,210,210,210,305,305,321,321,371,385,99,99,99,99,99,114,130,130,30,30,30,121,121,146,171,171],"floor_reached":37,"playtime":1120,"items_purged":["Strike_G","Strike_G"],"score":834,"play_id":"e704f66c-e222-477d-965d-f55c83552cc7","local_time":"20190401174952","is_ascension_mode":true,"campfire_choices":[{"data":"Glass Knife","floor":6.0,"key":"SMITH"},{"data":"Poisoned Stab","floor":8.0,"key":"SMITH"},{"data":"Tactician","floor":11.0,"key":"SMITH"},{"data":"Acrobatics","floor":15.0,"key":"SMITH"},{"data":"Acrobatics","floor":23.0,"key":"SMITH"},{"data":"Tactician","floor":25.0,"key":"SMITH"},{"data":"Tactician","floor":29.0,"key":"SMITH"},{"data":"Grand Finale","floor":32.0,"key":"SMITH"}],"neow_cost":"NONE","seed_source_timestamp":19392689652416,"circlet_count":0,"master_deck":["AscendersBane","Defend_G","Defend_G","Defend_G","Defend_G","Defend_G","Strike_G","Survivor","Neutralize","Poisoned Stab+1","Glass Knife+1","Tactician+1","PiercingWail","Tactician+1","Predator","Backflip","Acrobatics+1","Grand Finale+1","Acrobatics+1","Tactician+1","Dagger Throw","Venomology","Footwork","Escape Plan+1"],"special_seed":0,"relics":["Ring of the Serpent","NeowsBlessing","WingedGreaves","Bottled Flame","Golden Idol","ClockworkSouvenir","Oddly Smooth Stone","Black Star"],"potions_floor_usage":[37,37],"damage_taken":[{"damage":0.0,"enemies":"Small Slimes","floor":1.0,"turns":1.0},{"damage":0.0,"enemies":"Cultist","floor":3.0,"turns":2.0},{"damage":0.0,"enemies":"Jaw Worm","floor":4.0,"turns":1.0},{"damage":20.0,"enemies":"3 Sentries","floor":7.0,"turns":9.0},{"damage":12.0,"enemies":"Exordium Wildlife","floor":12.0,"turns":6.0},{"damage":10.0,"enemies":"Lots of Slimes","floor":13.0,"turns":6.0},{"damage":0.0,"enemies":"The Guardian","floor":16.0,"turns":13.0},{"damage":23.0,"enemies":"Spheric Guardian","floor":18.0,"turns":4.0},{"damage":0.0,"enemies":"Chosen","floor":21.0,"turns":4.0},{"damage":6.0,"enemies":"Centurion and Healer","floor":27.0,"turns":5.0},{"damage":1.0,"enemies":"Snecko","floor":28.0,"turns":4.0},{"damage":9.0,"enemies":"Automaton","floor":33.0,"turns":6.0},{"damage":17.0,"enemies":"3 Shapes","floor":35.0,"turns":4.0},{"damage":2.0,"enemies":"Orb Walker","floor":36.0,"turns":5.0},{"damage":46,"enemies":"Transient","floor":37,"turns":6}],"seed_played":"3264624337493771897","potions_obtained":[{"floor":3.0,"key":"Dexterity Potion"},{"floor":12.0,"key":"GamblersBrew"},{"floor":18.0,"key":"Regen Potion"},{"floor":28.0,"key":"Weak Potion"},{"floor":36.0,"key":"Fire Potion"}],"is_trial":false,"path_per_floor":["M","?","M","M","?","R","E","R","T","T","R","M","M","?","R","B",null,"M","?","?","M","$","R","?","R","T","M","M","R","$","?","R","B",null,"M","M","M"],"character_chosen":"THE_SILENT","items_purchased":["ClockworkSouvenir"],"campfire_rested":0,"item_purchase_floors":[22],"current_hp_per_floor":[59,59,59,59,52,52,32,32,32,32,32,20,10,10,10,10,48,25,25,25,25,25,25,25,25,25,33,32,32,32,32,32,23,51,34,32,0],"gold":171,"neow_bonus":"THREE_ENEMY_KILL","is_prod":false,"is_daily":false,"chose_seed":false,"campfire_upgraded":8,"win_rate":0,"timestamp":1554112192,"path_taken":["M","?","?","M","?","R","E","R","T","?","R","M","?","?","R","BOSS","M","?","?","M","$","R","?","R","T","M","?","R","$","?","R","BOSS","M","?","M"],"build_version":"2019-01-23","purchased_purges":2,"victory":false,"max_hp_per_floor":[66,66,66,66,66,66,66,66,66,66,66,66,66,60,60,60,60,60,60,60,60,60,60,60,60,60,60,60,60,60,60,60,60,60,60,60,60],"card_choices":[{"not_picked":["Cloak And Dagger","Backflip"],"picked":"Poisoned Stab","floor":1.0},{"not_picked":["Eviscerate","Backflip"],"picked":"Tactician","floor":3.0},{"not_picked":["Backstab","Phantasmal Killer"],"picked":"Predator","floor":4.0},{"not_picked":["Bane","Accuracy","Predator"],"picked":"SKIP","floor":7.0},{"not_picked":["Sucker Punch","Bane"],"picked":"Backflip","floor":12.0},{"not_picked":["Footwork","Dagger Throw"],"picked":"Acrobatics","floor":13.0},{"not_picked":["Bullet Time","Night Terror"],"picked":"Grand Finale","floor":16.0},{"not_picked":["Slice","Dodge and Roll","Blade Dance"],"picked":"SKIP","floor":18.0},{"not_picked":["PiercingWail","Catalyst"],"picked":"Tactician","floor":21.0},{"not_picked":["Flying Knee","Deadly Poison","Crippling Poison"],"picked":"SKIP","floor":27.0},{"not_picked":["Blade Dance+1","Flechettes+1","Bane"],"picked":"SKIP","floor":28.0},{"not_picked":["A Thousand Cuts","Corpse Explosion"],"picked":"Venomology","floor":33.0},{"not_picked":["Quick Slash","Poisoned Stab"],"picked":"Footwork","floor":35.0},{"not_picked":["Outmaneuver","PiercingWail"],"picked":"Escape Plan+1","floor":36.0}],"player_experience":3982155,"relics_obtained":[{"floor":7.0,"key":"WingedGreaves"},{"floor":10.0,"key":"Bottled Flame"},{"floor":26.0,"key":"Oddly Smooth Stone"}],"event_choices":[{"damage_healed":0.0,"max_hp_gain":0.0,"max_hp_loss":0.0,"gold_gain":0.0,"event_name":"Match and Keep!","player_choice":"3 cards matched","floor":2.0,"gold_loss":0.0,"damage_taken":0.0,"cards_obtained":["Glass Knife","Tactician","PiercingWail"]},{"cards_removed":["Strike_G"],"damage_healed":0.0,"max_hp_gain":0.0,"max_hp_loss":0.0,"gold_gain":0.0,"event_name":"Golden Wing","player_choice":"Card Removal","floor":5.0,"gold_loss":0.0,"damage_taken":7.0},{"damage_healed":0.0,"max_hp_gain":0.0,"max_hp_loss":6.0,"gold_gain":0.0,"event_name":"Golden Idol","player_choice":"Lose Max HP","floor":14.0,"gold_loss":0.0,"damage_taken":0.0,"relics_obtained":["Golden Idol"]},{"damage_healed":0.0,"max_hp_gain":0.0,"max_hp_loss":0.0,"gold_gain":0.0,"event_name":"The Library","player_choice":"Read","floor":19.0,"gold_loss":0.0,"damage_taken":0.0,"cards_obtained":["Acrobatics"]},{"damage_healed":0.0,"max_hp_gain":0.0,"max_hp_loss":0.0,"gold_gain":50.0,"event_name":"Nest","player_choice":"Stole From Cult","floor":20.0,"gold_loss":0.0,"damage_taken":0.0},{"damage_healed":0.0,"max_hp_gain":0.0,"max_hp_loss":0.0,"gold_gain":0.0,"event_name":"Match and Keep!","player_choice":"1 cards matched","floor":24.0,"gold_loss":0.0,"damage_taken":0.0,"cards_obtained":["Dagger Throw"]},{"cards_removed":["Strike_G"],"damage_healed":0.0,"max_hp_gain":0.0,"max_hp_loss":0.0,"gold_gain":0.0,"event_name":"Purifier","player_choice":"Purged","floor":31.0,"gold_loss":0.0,"damage_taken":0.0}],"is_beta":false,"boss_relics":[{"not_picked":["Tiny House","Fusion Hammer"],"picked":"Ring of the Serpent"},{"not_picked":["Philosopher\u0027s Stone","Runic Dome"],"picked":"Black Star"}],"items_purged_floors":[22,30],"is_endless":false,"potions_floor_spawned":[3,12,18,21,28,36],"killed_by":"Transient","ascension_level":20}