{"gold_per_floor":[115,165,13,30,47,74,74,109,109,119,119,144,164,174,174,245,245,263,263,279,291,42,42],"floor_reached":23,"playtime":1245,"items_purged":["Strike_R","Strike_R"],"score":426,"play_id":"ff2b4621-1656-4288-9a63-37f75960bfc4","local_time":"20190721164319","is_ascension_mode":true,"campfire_choices":[{"floor":7,"key":"REST"},{"data":"Fiend Fire","floor":15,"key":"SMITH"}],"neow_cost":"NONE","seed_source_timestamp":19112293606161,"circlet_count":0,"master_deck":["AscendersBane","Strike_R","Strike_R","Strike_R","Defend_R","Defend_R","Defend_R","Defend_R","Bash+1","Cleave+1","Inflame","Clothesline","Sword Boomerang","Shrug It Off","Spot Weakness","Sword Boomerang","Fiend Fire+1","Exhume","Spot Weakness","Intimidate","Shrug It Off"],"relics":["Burning Blood","Orichalcum","Du-Vu Doll","The Courier","Self Forming Clay","Question Card","Sozu","Sling"],"potions_floor_usage":[6,12,16,16],"damage_taken":[{"damage":8,"enemies":"Small Slimes","floor":1,"turns":5},{"damage":1,"enemies":"Cultist","floor":4,"turns":3},{"damage":3,"enemies":"Jaw Worm","floor":5,"turns":3},{"damage":16,"enemies":"3 Sentries","floor":6,"turns":6},{"damage":14,"enemies":"Gremlin Nob","floor":8,"turns":4},{"damage":5,"enemies":"Looter","floor":10,"turns":2},{"damage":22,"enemies":"3 Sentries","floor":12,"turns":5},{"damage":4,"enemies":"Exordium Thugs","floor":13,"turns":4},{"damage":3,"enemies":"2 Fungi Beasts","floor":14,"turns":3},{"damage":36,"enemies":"Hexaghost","floor":16,"turns":3},{"damage":6,"enemies":"Chosen","floor":18,"turns":3},{"damage":20,"enemies":"Shell Parasite","floor":20,"turns":4},{"damage":17,"enemies":"Centurion and Healer","floor":21,"turns":4},{"damage":43,"enemies":"Gremlin Leader","floor":23,"turns":4}],"seed_played":"-7014061005131558804","potions_obtained":[{"floor":4,"key":"Explosive Potion"},{"floor":6,"key":"SkillPotion"},{"floor":8,"key":"Regen Potion"},{"floor":12,"key":"SkillPotion"}],"is_trial":false,"path_per_floor":["M","?","$","M","M","E","R","E","T","M","?","E","M","M","R","B",null,"M","?","M","M","$","E"],"character_chosen":"IRONCLAD","items_purchased":["Inflame","Sling"],"campfire_rested":1,"item_purchase_floors":[3,22],"current_hp_per_floor":[66,59,59,64,67,57,75,67,67,68,45,43,45,48,48,18,61,61,57,43,32,32,0],"gold":42,"neow_bonus":"RANDOM_COMMON_RELIC","is_prod":false,"is_daily":false,"chose_seed":false,"campfire_upgraded":1,"win_rate":0,"timestamp":1563720199,"path_taken":["M","?","$","M","M","E","R","E","T","?","?","E","M","M","R","BOSS","M","?","?","M","$","E"],"build_version":"2019-07-17","purchased_purges":2,"victory":false,"max_hp_per_floor":[75,75,75,75,75,75,75,75,75,75,75,75,75,75,75,75,75,75,75,75,75,75,75],"card_choices":[{"not_picked":["Body Slam","Headbutt"],"picked":"Cleave","floor":1},{"not_picked":["Iron Wave","Burning Pact"],"picked":"Clothesline","floor":4},{"not_picked":["Heavy Blade","Clothesline"],"picked":"Sword Boomerang","floor":5},{"not_picked":["Seeing Red","Heavy Blade"],"picked":"Shrug It Off","floor":6},{"not_picked":["Combust","Perfected Strike"],"picked":"Spot Weakness","floor":8},{"not_picked":["Warcry","Iron Wave"],"picked":"Sword Boomerang","floor":10},{"not_picked":["Warcry","Anger"],"picked":"Fiend Fire","floor":12},{"not_picked":["Cleave","Pommel Strike","Body Slam","Iron Wave"],"picked":"SKIP","floor":13},{"not_picked":["Heavy Blade","Cleave","Wild Strike","Pommel Strike"],"picked":"SKIP","floor":14},{"not_picked":["Fiend Fire","Impervious","Immolate"],"picked":"Exhume","floor":16},{"not_picked":["Havoc","Flex","Shrug It Off"],"picked":"Spot Weakness","floor":18},{"not_picked":["Sever Soul","Havoc","Combust"],"picked":"Intimidate","floor":20},{"not_picked":["Clash+1","Heavy Blade","Searing Blow"],"picked":"Shrug It Off","floor":21}],"player_experience":751256,"relics_obtained":[{"floor":6,"key":"Du-Vu Doll"},{"floor":8,"key":"The Courier"},{"floor":9,"key":"Self Forming Clay"},{"floor":12,"key":"Question Card"}],"event_choices":[{"damage_healed":0,"gold_gain":50,"player_choice":"Touch","damage_taken":7,"max_hp_gain":0,"max_hp_loss":0,"event_name":"FaceTrader","floor":2,"gold_loss":0},{"damage_healed":0,"gold_gain":0,"player_choice":"Entered Light","damage_taken":23,"max_hp_gain":0,"max_hp_loss":0,"event_name":"Shining Light","floor":11,"gold_loss":0,"cards_upgraded":["Cleave","Bash"]},{"damage_healed":0,"gold_gain":0,"player_choice":"Bought 0 Potions","damage_taken":0,"max_hp_gain":0,"max_hp_loss":0,"event_name":"The Woman in Blue","floor":19,"gold_loss":0}],"is_beta":false,"boss_relics":[{"not_picked":["Mark of Pain","Black Blood"],"picked":"Sozu"}],"items_purged_floors":[3,22],"is_endless":false,"potions_floor_spawned":[4,6,8,12,13],"killed_by":"Gremlin Leader","ascension_level":20}