{"gold_per_floor":[119,119,44,60,60,60,76,76,101,113,113,132,150,162,162,239,239,252,252,252,265,285,299,315,335,335,335,355,68,68,86,86,162,162,175,225,125,0,12,12,26,26,81,96,96,96,115,115,115,115,115],"floor_reached":52,"playtime":3875,"items_purged":["Dagger Spray","Dagger Spray","Accuracy"],"score":1675,"play_id":"81df5943-5a08-47c2-8551-ae24bf571f10","local_time":"20181230132143","is_ascension_mode":true,"campfire_choices":[{"data":"Prepared","floor":6.0,"key":"SMITH"},{"data":"Neutralize","floor":8.0,"key":"SMITH"},{"data":"Grand Finale","floor":15.0,"key":"SMITH"},{"data":"Catalyst","floor":27.0,"key":"SMITH"},{"data":"Acrobatics","floor":30.0,"key":"SMITH"},{"data":"Bouncing Flask","floor":32.0,"key":"SMITH"},{"data":"Well Laid Plans","floor":40,"key":"SMITH"},{"data":"Burst","floor":42,"key":"SMITH"},{"data":"Acrobatics","floor":45,"key":"SMITH"},{"data":"Wraith Form v2","floor":49,"key":"SMITH"}],"neow_cost":"NONE","seed_source_timestamp":1099234183535,"circlet_count":0,"master_deck":["AscendersBane","Survivor","Neutralize+1","Escape Plan","Crippling Poison","Cloak And Dagger","Grand Finale+1","Night Terror","Heel Hook","Venomology","Backflip","Prepared+1","Catalyst+1","Backflip","Escape Plan","Burst+1","Calculated Gamble","Wraith Form v2+1","Bouncing Flask+1","Footwork","Night Terror","Acrobatics+1","Adrenaline","Well Laid Plans+1","Acrobatics+1"],"special_seed":0,"relics":["Pandora\u0027s Box","FaceOfCleric","Pen Nib","White Beast Statue","Pantograph","Lizard Tail","Centennial Puzzle"],"potions_floor_usage":[33,35,39,39,41,41,41,41,47,50,51],"damage_taken":[{"damage":0.0,"enemies":"2 Louse","floor":1.0,"turns":2.0},{"damage":4.0,"enemies":"Cultist","floor":4.0,"turns":3.0},{"damage":4.0,"enemies":"Small Slimes","floor":7.0,"turns":2.0},{"damage":0.0,"enemies":"Red Slaver","floor":10.0,"turns":2.0},{"damage":3.0,"enemies":"3 Louse","floor":12.0,"turns":2.0},{"damage":1.0,"enemies":"Looter","floor":13.0,"turns":2.0},{"damage":0.0,"enemies":"Lots of Slimes","floor":14.0,"turns":2.0},{"damage":8.0,"enemies":"Slime Boss","floor":16.0,"turns":8.0},{"damage":0.0,"enemies":"Spheric Guardian","floor":18.0,"turns":3.0},{"damage":6.0,"enemies":"3 Byrds","floor":21.0,"turns":3.0},{"damage":18.0,"enemies":"3 Cultists","floor":22.0,"turns":6.0},{"damage":22.0,"enemies":"Centurion and Healer","floor":23.0,"turns":5.0},{"damage":0.0,"enemies":"Snake Plant","floor":24.0,"turns":4.0},{"damage":2.0,"enemies":"Snecko","floor":25.0,"turns":8.0},{"damage":4.0,"enemies":"Cultist and Chosen","floor":28.0,"turns":4.0},{"damage":13.0,"enemies":"Chosen and Byrds","floor":31.0,"turns":4.0},{"damage":31,"enemies":"Collector","floor":33,"turns":4},{"damage":0,"enemies":"3 Darklings","floor":35,"turns":5},{"damage":1,"enemies":"Orb Walker","floor":39,"turns":5},{"damage":12,"enemies":"Writhing Mass","floor":41,"turns":5},{"damage":0,"enemies":"Jaw Worm Horde","floor":44,"turns":2},{"damage":0,"enemies":"Transient","floor":47,"turns":6},{"damage":7,"enemies":"Time Eater","floor":50,"turns":6},{"damage":35,"enemies":"Donu and Deca","floor":51,"turns":9}],"seed_played":"1928965589781357339","potions_obtained":[{"floor":1.0,"key":"Strength Potion"},{"floor":11.0,"key":"GhostInAJar"},{"floor":13.0,"key":"Explosive Potion"},{"floor":14.0,"key":"GhostInAJar"},{"floor":18.0,"key":"SpeedPotion"},{"floor":21.0,"key":"PowerPotion"},{"floor":22.0,"key":"Dexterity Potion"},{"floor":23.0,"key":"Dexterity Potion"},{"floor":24.0,"key":"GhostInAJar"},{"floor":28.0,"key":"AttackPotion"},{"floor":31.0,"key":"PowerPotion"},{"floor":33,"key":"Explosive Potion"},{"floor":35,"key":"Weak Potion"},{"floor":39,"key":"Explosive Potion"}],"is_trial":false,"path_per_floor":["M","?","$","M","$","R","M","R","T","M","?","M","M","M","R","B",null,"M","?","?","M","M","M","M","M","T","R","M","$","R","M","R","B",null,"M","?","$","$","M","R","M","R","T","M","R","$","M","?","R","B","B",null],"character_chosen":"THE_SILENT","items_purchased":["Pantograph"],"campfire_rested":0,"item_purchase_floors":[29],"current_hp_per_floor":[59,59,59,56,56,56,53,53,53,54,54,52,52,53,53,46,66,67,67,67,62,45,24,25,24,24,24,21,21,21,9,9,4,63,64,64,64,64,64,64,53,53,53,54,54,54,55,55,55,74,54],"gold":115,"neow_bonus":"BOSS_RELIC","is_prod":false,"is_daily":false,"chose_seed":false,"campfire_upgraded":10,"win_rate":0,"timestamp":1546147303,"path_taken":["M","?","$","M","$","R","M","R","T","?","?","?","M","M","R","BOSS","M","?","?","?","M","?","M","M","T","R","M","$","R","M","R","BOSS","M","?","?","$","M","R","M","R","T","M","R","$","?","?","R","BOSS","BOSS"],"build_version":"2018-12-20","purchased_purges":3,"victory":true,"max_hp_per_floor":[66,66,66,67,67,67,68,68,68,69,69,70,71,72,72,73,73,74,74,74,75,76,77,78,79,79,79,80,80,80,81,81,82,82,83,83,83,83,84,84,85,85,85,86,86,86,87,87,87,88,89],"card_choices":[{"not_picked":["Sucker Punch","Finisher"],"picked":"Backflip","floor":1.0},{"not_picked":["Dagger Spray","Slice"],"picked":"Prepared","floor":4.0},{"not_picked":["Deadly Poison","Quick Slash","PiercingWail"],"picked":"SKIP","floor":7.0},{"not_picked":["Blade Dance","Slice"],"picked":"Catalyst","floor":10.0},{"not_picked":["Prepared","Sucker Punch"],"picked":"Backflip","floor":12.0},{"not_picked":["Underhanded Strike","Choke","Flying Knee"],"picked":"SKIP","floor":13.0},{"not_picked":["Deflect","Sucker Punch"],"picked":"Escape Plan","floor":14.0},{"not_picked":["Grand Finale","Envenom"],"picked":"Burst","floor":16.0},{"not_picked":["Blade Dance","Flying Knee"],"picked":"Calculated Gamble","floor":18.0},{"not_picked":["Backflip","Endless Agony"],"picked":"Bouncing Flask","floor":21.0},{"not_picked":["Underhanded Strike","Quick Slash"],"picked":"Footwork","floor":22.0},{"not_picked":["Cloak And Dagger","Choke","Deadly Poison"],"picked":"SKIP","floor":23.0},{"not_picked":["Dagger Throw+1","Underhanded Strike"],"picked":"Night Terror","floor":24.0},{"not_picked":["PiercingWail","Deadly Poison","Flying Knee+1"],"picked":"SKIP","floor":25.0},{"not_picked":["Deadly Poison","Dagger Throw"],"picked":"Acrobatics","floor":28.0},{"not_picked":["Blur","Reflex","Poisoned Stab"],"picked":"SKIP","floor":31.0},{"not_picked":["Glass Knife","Storm of Steel"],"picked":"Adrenaline","floor":33},{"not_picked":["Deadly Poison","All Out Attack","Dodge and Roll"],"picked":"SKIP","floor":35},{"not_picked":["Blur","Setup+1"],"picked":"Well Laid Plans","floor":39},{"not_picked":["Heel Hook","Dodge and Roll"],"picked":"Acrobatics","floor":41},{"not_picked":["Underhanded Strike","Predator","Skewer+1"],"picked":"SKIP","floor":44},{"not_picked":["Predator","Deadly Poison","Finisher"],"picked":"SKIP","floor":47}],"player_experience":1586982,"relics_obtained":[{"floor":9.0,"key":"Pen Nib"},{"floor":43,"key":"Centennial Puzzle"}],"event_choices":[{"damage_healed":0.0,"max_hp_gain":0.0,"max_hp_loss":0.0,"gold_gain":0.0,"event_name":"FaceTrader","player_choice":"Trade","floor":2.0,"gold_loss":0.0,"damage_taken":0.0,"relics_obtained":["FaceOfCleric"]},{"damage_healed":0.0,"max_hp_gain":0.0,"max_hp_loss":0.0,"gold_gain":0.0,"event_name":"Lab","player_choice":"Got Potions","floor":11.0,"gold_loss":0.0,"damage_taken":0.0},{"damage_healed":0.0,"max_hp_gain":0.0,"max_hp_loss":0.0,"gold_gain":0.0,"event_name":"The Mausoleum","player_choice":"Ignored","floor":19.0,"gold_loss":0.0,"damage_taken":0.0},{"damage_healed":0.0,"max_hp_gain":0.0,"max_hp_loss":0.0,"gold_gain":0.0,"event_name":"Match and Keep!","player_choice":"1 cards matched","floor":20.0,"gold_loss":0.0,"damage_taken":0.0,"cards_obtained":["Wraith Form v2"]},{"damage_healed":0,"gold_gain":50,"player_choice":"Pray","damage_taken":0,"max_hp_gain":0,"max_hp_loss":0,"event_name":"Golden Shrine","floor":36,"gold_loss":0},{"damage_healed":0,"gold_gain":0,"player_choice":"Memory 1","damage_taken":0,"max_hp_gain":0,"max_hp_loss":0,"event_name":"SensoryStone","floor":48,"gold_loss":0}],"is_beta":false,"boss_relics":[{"not_picked":["Busted Crown","Ectoplasm"],"picked":"White Beast Statue"},{"not_picked":["Velvet Choker","Calling Bell"],"picked":"Lizard Tail"}],"items_purged_floors":[3,37,38],"is_endless":false,"potions_floor_spawned":[1,13,14,18,21,22,23,24,25,28,31,33,35,39,41,44,47],"ascension_level":20}