{"gold_per_floor":[116,131,206,206,224,224,257,257,257,272,289,301,314,29,29,124,124,136,136,151,167,187,187,200,200,200,100,116,116,116,129,129,232,232,242,117,117,136,136,136,136,189,189,204,218,218,218,236,236,236],"floor_reached":50,"playtime":1270,"items_purged":["Strike_R","Strike_R","Strike_R"],"score":473,"play_id":"ebe4a57c-5b05-4ed7-887c-dba5a6b0ccdc","local_time":"20181008235708","is_ascension_mode":false,"campfire_choices":[{"data":"Inflame","floor":6.0,"key":"SMITH"},{"data":"Heavy Blade","floor":8.0,"key":"SMITH"},{"data":"Flex","floor":15.0,"key":"SMITH"},{"data":"Inflame","floor":23.0,"key":"SMITH"},{"data":"Sword Boomerang","floor":30.0,"key":"SMITH"},{"data":"Double Tap","floor":32.0,"key":"SMITH"},{"data":"Panacea","floor":40.0,"key":"SMITH"},{"data":"Whirlwind","floor":46.0,"key":"SMITH"},{"floor":49.0,"key":"REST"}],"neow_cost":"NONE","seed_source_timestamp":0,"circlet_count":0,"master_deck":["Strike_R","Strike_R","Defend_R","Defend_R","Defend_R","Defend_R","Bash","Heavy Blade+1","Inflame+1","Sword Boomerang+1","Shrug It Off","Evolve","Flex+1","Spot Weakness+1","Reaper","Inflame+1","Double Tap+1","Cleave+1","Shrug It Off+1","Panacea+1","Whirlwind+1"],"special_seed":0,"relics":["Sozu"],"potions_floor_usage":[],"damage_taken":[{"damage":0.0,"enemies":"Cultist","floor":1.0,"turns":2.0},{"damage":0.0,"enemies":"Small Slimes","floor":2.0,"turns":2.0},{"damage":0.0,"enemies":"2 Louse","floor":5.0,"turns":2.0},{"damage":21.0,"enemies":"Lagavulin","floor":7.0,"turns":5.0},{"damage":9.0,"enemies":"2 Fungi Beasts","floor":10.0,"turns":2.0},{"damage":0.0,"enemies":"Looter","floor":11.0,"turns":3.0},{"damage":7.0,"enemies":"Exordium Thugs","floor":12.0,"turns":3.0},{"damage":13.0,"enemies":"Lots of Slimes","floor":13.0,"turns":4.0},{"damage":16.0,"enemies":"Hexaghost","floor":16.0,"turns":5.0},{"damage":5.0,"enemies":"Spheric Guardian","floor":18.0,"turns":3.0},{"damage":24.0,"enemies":"2 Thieves","floor":20.0,"turns":4.0},{"damage":47.0,"enemies":"Snake Plant","floor":21.0,"turns":5.0},{"damage":21.0,"enemies":"Centurion and Healer","floor":22.0,"turns":6.0},{"damage":15.0,"enemies":"Chosen and Byrds","floor":24.0,"turns":4.0},{"damage":9.0,"enemies":"Cultist and Chosen","floor":28.0,"turns":4.0},{"damage":14.0,"enemies":"Shelled Parasite and Fungi","floor":31.0,"turns":5.0},{"damage":22.0,"enemies":"Champ","floor":33.0,"turns":7.0},{"damage":26.0,"enemies":"Orb Walker","floor":35.0,"turns":4.0},{"damage":12.0,"enemies":"3 Shapes","floor":38.0,"turns":6.0},{"damage":41.0,"enemies":"Sphere and 2 Shapes","floor":44.0,"turns":8.0},{"damage":24.0,"enemies":"4 Shapes","floor":45.0,"turns":2.0},{"damage":28.0,"enemies":"Maw","floor":48.0,"turns":7.0},{"damage":119,"enemies":"Awakened One","floor":50,"turns":8}],"seed_played":"-109039614880383280","potions_obtained":[],"is_trial":false,"path_per_floor":["M","M","?","?","M","R","E","R","T","M","M","M","M","$","R","B",null,"M","?","M","M","M","R","M","?","T","$","M","$","R","M","R","B",null,"M","$","?","M","?","R","?","T","T","M","M","R","?","M","R"],"character_chosen":"IRONCLAD","items_purchased":["Reaper","Inflame"],"campfire_rested":1,"item_purchase_floors":[14,14],"current_hp_per_floor":[80,80,69,69,69,69,48,48,48,39,39,32,19,19,19,13,80,75,60,60,22,29,29,34,34,34,34,76,76,76,62,62,47,85,62,62,62,64,64,64,64,64,64,36,67,67,67,54,79,4],"gold":236,"neow_bonus":"BOSS_RELIC","is_prod":false,"is_daily":false,"chose_seed":false,"campfire_upgraded":8,"win_rate":0,"timestamp":1539014228,"path_taken":["M","?","?","?","M","R","E","R","T","M","?","?","?","$","R","BOSS","M","?","M","M","M","R","M","?","T","$","M","$","R","M","R","BOSS","M","$","?","M","?","R","?","?","T","M","?","R","?","M","R","BOSS"],"build_version":"2018-10-04v2","purchased_purges":3,"victory":false,"max_hp_per_floor":[80,80,80,80,80,80,80,80,80,80,80,80,80,80,80,80,80,80,85,85,85,85,85,85,85,85,85,85,85,85,85,85,85,85,85,85,85,85,85,85,85,85,85,85,85,85,85,85,85,85],"card_choices":[{"not_picked":["Armaments","Cleave"],"picked":"Heavy Blade","floor":1.0},{"not_picked":["Entrench","Havoc","Heavy Blade"],"picked":"SKIP","floor":2.0},{"not_picked":["Perfected Strike","Clothesline"],"picked":"Inflame","floor":5.0},{"not_picked":["Headbutt","Anger"],"picked":"Sword Boomerang","floor":7.0},{"not_picked":["Carnage","Shockwave"],"picked":"Shrug It Off","floor":10.0},{"not_picked":["Uppercut","Armaments"],"picked":"Evolve","floor":11.0},{"not_picked":["Searing Blow","Armaments"],"picked":"Flex","floor":12.0},{"not_picked":["Body Slam","Pommel Strike"],"picked":"Spot Weakness","floor":13.0},{"not_picked":["Dark Embrace","Fiend Fire"],"picked":"Double Tap","floor":16.0},{"not_picked":["Intimidate","Body Slam","Corruption"],"picked":"SKIP","floor":18.0},{"not_picked":["Headbutt","Entrench","Body Slam"],"picked":"SKIP","floor":20.0},{"not_picked":["Clash+1","Havoc"],"picked":"Cleave+1","floor":21.0},{"not_picked":["Warcry","True Grit","Heavy Blade+1"],"picked":"SKIP","floor":22.0},{"not_picked":["Clothesline","Body Slam","Headbutt"],"picked":"SKIP","floor":24.0},{"not_picked":["Pommel Strike+1","Perfected Strike+1","Cleave"],"picked":"SKIP","floor":28.0},{"not_picked":["Evolve","Perfected Strike","Sword Boomerang"],"picked":"SKIP","floor":31.0},{"not_picked":["Wild Strike+1","Iron Wave"],"picked":"Shrug It Off+1","floor":35.0},{"not_picked":["Magnetism","Flash of Steel"],"picked":"Panacea","floor":37.0},{"not_picked":["Warcry+1","Shockwave","Body Slam+1"],"picked":"SKIP","floor":38.0},{"not_picked":["Infernal Blade","Cleave"],"picked":"Whirlwind","floor":44.0},{"not_picked":["Armaments","Entrench","Warcry+1"],"picked":"SKIP","floor":45.0},{"not_picked":["Rampage","Evolve+1","Twin Strike+1"],"picked":"SKIP","floor":48.0}],"player_experience":246829,"relics_obtained":[],"event_choices":[{"event_name":"World of Goop","player_choice":"Gather Gold","floor":3.0,"damage_taken":0.0},{"event_name":"Liars Game","player_choice":"disagreed","floor":4.0,"damage_taken":0.0},{"event_name":"Forgotten Altar","player_choice":"Shed Blood","floor":19.0,"damage_taken":0.0},{"event_name":"Vampires","player_choice":"Ignored","floor":25.0,"damage_taken":0.0},{"event_name":"SensoryStone","player_choice":"Memory 1","floor":37.0,"damage_taken":0.0},{"event_name":"Mysterious Sphere","player_choice":"Ignore","floor":39.0,"damage_taken":0.0},{"event_name":"Tomb of Lord Red Mask","player_choice":"Ignored","floor":41.0,"damage_taken":0.0},{"event_name":"Accursed Blacksmith","player_choice":"Forge","floor":47.0,"damage_taken":0.0}],"is_beta":false,"boss_relics":[{"not_picked":["Astrolabe","White Beast Statue","Tiny House"]},{"not_picked":["Orrery","Fusion Hammer","Runic Cube"]}],"items_purged_floors":[14,27,36],"is_endless":false,"potions_floor_spawned":[10,11,13,18,20,33,35,48],"killed_by":"Awakened One","ascension_level":0}