{"gold_per_floor":[115,0,0,17,28,28,28,46,46,46,111,111,161,194,194,194],"floor_reached":16,"playtime":510,"items_purged":["Strike_G"],"score":200,"play_id":"221da61c-d8ba-4d2f-afbd-c89f0923117f","local_time":"20190305123741","is_ascension_mode":true,"campfire_choices":[{"data":"Noxious Fumes","floor":6.0,"key":"SMITH"},{"data":"Calculated Gamble","floor":10.0,"key":"SMITH"},{"data":"Jack Of All Trades","floor":12.0,"key":"SMITH"},{"data":"Thinking Ahead","floor":15.0,"key":"SMITH"}],"neow_cost":"TEN_PERCENT_HP_LOSS","seed_source_timestamp":4676609643652,"circlet_count":0,"master_deck":["AscendersBane","Defend_G","Defend_G+1","Defend_G","Defend_G","Defend_G","Strike_G","Strike_G","Strike_G","Strike_G","Survivor","Neutralize+1","Jack Of All Trades+1","Thinking Ahead+1","Escape Plan","Noxious Fumes+1","Calculated Gamble+1","Heel Hook"],"special_seed":0,"relics":["Ring of the Snake","SsserpentHead","Ginger"],"potions_floor_usage":[],"damage_taken":[{"damage":1.0,"enemies":"Small Slimes","floor":1.0,"turns":4.0},{"damage":9.0,"enemies":"Jaw Worm","floor":4.0,"turns":5.0},{"damage":0.0,"enemies":"Cultist","floor":5.0,"turns":5.0},{"damage":0.0,"enemies":"3 Louse","floor":8.0,"turns":5.0},{"damage":0.0,"enemies":"Blue Slaver","floor":11.0,"turns":3.0},{"damage":58.0,"enemies":"Gremlin Nob","floor":14.0,"turns":5.0},{"damage":0,"enemies":"Hexaghost","floor":16,"turns":1}],"seed_played":"-6871926903920154534","potions_obtained":[{"floor":4.0,"key":"FairyPotion"},{"floor":8.0,"key":"FearPotion"},{"floor":14.0,"key":"SteroidPotion"}],"is_trial":false,"path_per_floor":["M","$","?","M","M","R","?","M","T","R","M","R","?","E","R","B"],"character_chosen":"THE_SILENT","items_purchased":["Noxious Fumes"],"campfire_rested":0,"item_purchase_floors":[2],"current_hp_per_floor":[58,58,40,31,31,31,31,31,31,31,31,31,31,6,6,6],"gold":194,"neow_bonus":"RANDOM_COLORLESS_2","is_prod":false,"is_daily":false,"chose_seed":false,"campfire_upgraded":4,"win_rate":0,"timestamp":1551760661,"path_taken":["M","$","?","M","M","R","?","M","T","R","?","R","?","E","R","BOSS"],"build_version":"2019-01-23","purchased_purges":1,"victory":false,"max_hp_per_floor":[60,60,60,60,60,60,60,60,60,60,60,60,60,60,60,60],"card_choices":[{"not_picked":["Crippling Poison","Underhanded Strike"],"picked":"Escape Plan","floor":1.0},{"not_picked":["Flying Knee","Crippling Poison","Blur"],"picked":"SKIP","floor":4.0},{"not_picked":["Skewer","Eviscerate"],"picked":"Calculated Gamble","floor":5.0},{"not_picked":["Dagger Spray","Outmaneuver","Blur"],"picked":"SKIP","floor":8.0},{"not_picked":["Prepared","Bane","Underhanded Strike"],"picked":"SKIP","floor":11.0},{"not_picked":["Skewer","Crippling Poison"],"picked":"Heel Hook","floor":14.0}],"player_experience":3323148,"relics_obtained":[{"floor":14.0,"key":"Ginger"}],"event_choices":[{"damage_healed":0.0,"max_hp_gain":0.0,"max_hp_loss":0.0,"gold_gain":0.0,"event_name":"Shining Light","player_choice":"Entered Light","floor":3.0,"gold_loss":0.0,"damage_taken":18.0,"cards_upgraded":["Neutralize","Defend_G"]},{"damage_healed":0.0,"max_hp_gain":0.0,"max_hp_loss":0.0,"gold_gain":0.0,"event_name":"FaceTrader","player_choice":"Trade","floor":7.0,"gold_loss":0.0,"damage_taken":0.0,"relics_obtained":["SsserpentHead"]},{"damage_healed":0.0,"max_hp_gain":0.0,"max_hp_loss":0.0,"gold_gain":0.0,"event_name":"Liars Game","player_choice":"Ignored","floor":13.0,"gold_loss":0.0,"damage_taken":0.0}],"is_beta":false,"boss_relics":[],"items_purged_floors":[2],"is_endless":false,"potions_floor_spawned":[4,8,14],"killed_by":"Hexaghost","ascension_level":20}