{"gold_per_floor":[113,113,113,131,13,52,52,52],"floor_reached":8,"playtime":283,"items_purged":["Strike_B"],"score":108,"play_id":"e758072b-24bf-4357-aa99-a9cbb9443bca","local_time":"20190702235357","is_ascension_mode":true,"campfire_choices":[{"data":"Dualcast","floor":7.0,"key":"SMITH"}],"neow_cost":"TEN_PERCENT_HP_LOSS","seed_source_timestamp":24308434348294,"circlet_count":0,"master_deck":["AscendersBane","Strike_B","Strike_B","Strike_B","Defend_B","Defend_B","Defend_B","Defend_B","Zap","Dualcast+1","Biased Cognition","Ball Lightning","Coolheaded","Self Repair","Amplify"],"special_seed":0,"relics":["Cracked Core","Golden Idol","CultistMask","Sundial"],"potions_floor_usage":[],"damage_taken":[{"damage":2.0,"enemies":"2 Louse","floor":1.0,"turns":2.0},{"damage":7.0,"enemies":"Jaw Worm","floor":4.0,"turns":3.0},{"damage":7.0,"enemies":"Lagavulin","floor":6.0,"turns":6.0},{"damage":58,"enemies":"3 Sentries","floor":8,"turns":8}],"seed_played":"-30517142141039650","potions_obtained":[],"is_trial":false,"path_per_floor":["M","?","?","M","$","E","R","E"],"character_chosen":"DEFECT","items_purchased":["Self Repair"],"campfire_rested":0,"item_purchase_floors":[5],"current_hp_per_floor":[62,58,58,51,51,51,51,0],"gold":52,"neow_bonus":"THREE_RARE_CARDS","is_prod":false,"is_daily":false,"chose_seed":false,"campfire_upgraded":1,"win_rate":0,"timestamp":1562082837,"path_taken":["M","?","?","M","$","E","R","E"],"build_version":"2019-07-01","purchased_purges":1,"victory":false,"max_hp_per_floor":[64,58,58,58,58,58,58,58],"card_choices":[{"not_picked":["Creative AI","Buffer"],"picked":"Biased Cognition","floor":0.0},{"not_picked":["Leap","Streamline"],"picked":"Ball Lightning","floor":1.0},{"not_picked":["Ball Lightning","Aggregate"],"picked":"Coolheaded","floor":4.0},{"not_picked":["Hello World","Melter"],"picked":"Amplify","floor":6.0}],"player_experience":5610361,"relics_obtained":[{"floor":6.0,"key":"Sundial"}],"event_choices":[{"damage_healed":0.0,"max_hp_gain":0.0,"max_hp_loss":6.0,"gold_gain":0.0,"event_name":"Golden Idol","player_choice":"Lose Max HP","floor":2.0,"gold_loss":0.0,"damage_taken":0.0,"relics_obtained":["Golden Idol"]},{"damage_healed":0.0,"max_hp_gain":0.0,"max_hp_loss":0.0,"gold_gain":0.0,"event_name":"FaceTrader","player_choice":"Trade","floor":3.0,"gold_loss":0.0,"damage_taken":0.0,"relics_obtained":["CultistMask"]}],"is_beta":false,"boss_relics":[],"items_purged_floors":[5],"is_endless":false,"potions_floor_spawned":[],"killed_by":"3 Sentries","ascension_level":20}