{"gold_per_floor":[112,122,272,285,285,285,315,1,1,1,28,28,39,56,56,128,128,139,139,157,82,82,82,95,95,122,122,122,137,162,212,212,286,286,299,1298,1298,388,408,408,439,439,462,491,280,280,280,280,280,280,280,280,280,0,27,27],"floor_reached":57,"playtime":5477,"items_purged":["Strike_G","Normality","Normality","Strike_G"],"score":2919,"play_id":"6cc9e042-c5c9-4ee7-be41-0444eca4dcf2","local_time":"20190413143259","is_ascension_mode":true,"campfire_choices":[{"data":"Outmaneuver","floor":6.0,"key":"SMITH"},{"data":"Well Laid Plans","floor":12.0,"key":"SMITH"},{"data":"Catalyst","floor":15.0,"key":"SMITH"},{"data":"Bouncing Flask","floor":23.0,"key":"SMITH"},{"data":"Catalyst","floor":27.0,"key":"SMITH"},{"data":"Acrobatics","floor":32.0,"key":"SMITH"},{"floor":40.0,"key":"RECALL"},{"floor":42.0,"key":"REST"},{"floor":49.0,"key":"REST"},{"floor":53.0,"key":"REST"}],"neow_cost":"TEN_PERCENT_HP_LOSS","seed_source_timestamp":4626615016465,"circlet_count":0,"master_deck":["AscendersBane","Defend_G","Defend_G","Defend_G","Defend_G","Defend_G","Strike_G","Strike_G","Strike_G","Survivor","Neutralize","Outmaneuver+1","Catalyst+1","Well Laid Plans+1","Acrobatics+1","Bouncing Flask+1","Malaise","Leg Sweep","Backflip","Expertise","Catalyst+1","After Image","Footwork","Tactician","Reflex","Impatience","PiercingWail+1"],"special_seed":0,"relics":["Ring of the Snake","Pocketwatch","TwistedFunnel","Juzu Bracelet","Ninja Scroll","HoveringKite","Gremlin Horn","Lantern","Fusion Hammer","Anchor","Lee\u0027s Waffle","Tingsha","Boot","Snake Skull","Ice Cream","Shuriken"],"potions_floor_usage":[56],"damage_taken":[{"damage":2.0,"enemies":"Jaw Worm","floor":1.0,"turns":5.0},{"damage":0.0,"enemies":"2 Louse","floor":2.0,"turns":5.0},{"damage":0.0,"enemies":"Small Slimes","floor":4.0,"turns":4.0},{"damage":20.0,"enemies":"3 Sentries","floor":11.0,"turns":21.0},{"damage":1.0,"enemies":"2 Fungi Beasts","floor":13.0,"turns":2.0},{"damage":0.0,"enemies":"Looter","floor":14.0,"turns":3.0},{"damage":0.0,"enemies":"Slime Boss","floor":16.0,"turns":8.0},{"damage":0.0,"enemies":"Chosen","floor":18.0,"turns":3.0},{"damage":14.0,"enemies":"Colosseum Slavers","floor":19.0,"turns":5.0},{"damage":14.0,"enemies":"2 Thieves","floor":20.0,"turns":4.0},{"damage":3.0,"enemies":"Snake Plant","floor":24.0,"turns":4.0},{"damage":0.0,"enemies":"Centurion and Healer","floor":29.0,"turns":7.0},{"damage":0.0,"enemies":"Gremlin Leader","floor":30.0,"turns":3.0},{"damage":10.0,"enemies":"Champ","floor":33.0,"turns":7.0},{"damage":2.0,"enemies":"Orb Walker","floor":35.0,"turns":3.0},{"damage":17.0,"enemies":"3 Shapes","floor":39.0,"turns":5.0},{"damage":0.0,"enemies":"Nemesis","floor":41.0,"turns":5.0},{"damage":0.0,"enemies":"Giant Head","floor":44.0,"turns":7.0},{"damage":15.0,"enemies":"Time Eater","floor":50.0,"turns":4.0},{"damage":29.0,"enemies":"Awakened One","floor":51.0,"turns":14.0},{"damage":0.0,"enemies":"Shield and Spear","floor":55.0,"turns":7.0},{"damage":23,"enemies":"The Heart","floor":56,"turns":6}],"seed_played":"-3247810207141465278","potions_obtained":[{"floor":2.0,"key":"Swift Potion"},{"floor":11.0,"key":"AttackPotion"},{"floor":29.0,"key":"Weak Potion"},{"floor":33.0,"key":"Regen Potion"},{"floor":39.0,"key":"GhostInAJar"}],"is_trial":false,"path_per_floor":["M","M","?","M","?","R","?","$","T","$","E","R","M","M","R","B",null,"M","?","M","$","?","R","M","$","T","R","T","M","E","?","R","B",null,"M","?","?","$","M","R","E","R","T","E","$","?","?","?","R","B","B",null,"R","$","E","B",null],"character_chosen":"THE_SILENT","items_purchased":["Well Laid Plans","TwistedFunnel","Anchor","Lee\u0027s Waffle","Tingsha","Footwork","GhostInAJar","Reflex","Impatience"],"campfire_rested":3,"item_purchase_floors":[8,8,38,38,38,38,45,54,54],"current_hp_per_floor":[57,57,57,57,50,50,50,50,50,50,30,30,29,29,29,29,52,52,38,24,24,24,24,21,21,21,21,21,21,21,21,21,11,48,46,46,46,67,50,50,50,67,67,67,67,67,64,64,64,49,20,53,64,64,64,41],"gold":27,"neow_bonus":"ONE_RARE_RELIC","is_prod":false,"is_daily":false,"chose_seed":false,"campfire_upgraded":6,"win_rate":0,"timestamp":1555137179,"path_taken":["M","M","?","M","?","R","?","$","T","?","E","R","M","M","R","BOSS","M","?","M","$","?","R","M","$","T","R","?","M","E","?","R","BOSS","M","?","?","$","M","R","E","R","T","E","?","?","?","?","R","BOSS","BOSS","R","$","E","BOSS"],"build_version":"2019-01-23","purchased_purges":4,"victory":true,"max_hp_per_floor":[60,60,60,60,60,60,60,60,60,60,60,60,60,60,60,60,60,60,60,60,60,60,60,60,60,60,60,60,60,60,60,60,60,60,60,60,60,67,67,67,67,67,67,67,67,67,64,64,64,64,64,64,64,64,64,64],"card_choices":[{"not_picked":["Backflip","Terror"],"picked":"Outmaneuver","floor":1.0},{"not_picked":["Bane","Blur"],"picked":"Dash","floor":2.0},{"not_picked":["Predator","PiercingWail"],"picked":"Catalyst","floor":4.0},{"not_picked":["Underhanded Strike","Skewer"],"picked":"Acrobatics","floor":11.0},{"not_picked":["Accuracy","Acrobatics","Quick Slash"],"picked":"SKIP","floor":13.0},{"not_picked":["Leg Sweep","Predator"],"picked":"Bouncing Flask","floor":14.0},{"not_picked":["Venomology","Storm of Steel"],"picked":"Malaise","floor":16.0},{"not_picked":["Flying Knee+1","Dodge and Roll"],"picked":"Leg Sweep","floor":18.0},{"not_picked":["Outmaneuver","Dodge and Roll+1"],"picked":"Backflip","floor":20.0},{"not_picked":["Setup","Underhanded Strike+1"],"picked":"Catalyst","floor":24.0},{"not_picked":["Bane","Poisoned Stab","Dash"],"picked":"SKIP","floor":29.0},{"not_picked":["Dodge and Roll","All Out Attack","A Thousand Cuts"],"picked":"SKIP","floor":30.0},{"not_picked":["Storm of Steel","Envenom"],"picked":"After Image","floor":33.0},{"not_picked":["Prepared","Flechettes+1","Dodge and Roll"],"picked":"SKIP","floor":35.0},{"not_picked":["Prepared","Setup"],"picked":"Tactician","floor":39.0},{"not_picked":["Blade Dance","Distraction","Poisoned Stab+1"],"picked":"SKIP","floor":41.0},{"not_picked":["Quick Slash","Deadly Poison","Crippling Poison+1"],"picked":"SKIP","floor":44.0},{"not_picked":["PiercingWail+1","Crippling Poison","Sucker Punch"],"picked":"SKIP","floor":55.0},{"not_picked":["Crippling Poison","Sucker Punch"],"picked":"PiercingWail+1","floor":55.0}],"player_experience":4244900,"relics_obtained":[{"floor":9.0,"key":"Juzu Bracelet"},{"floor":11.0,"key":"Ninja Scroll"},{"floor":28.0,"key":"Gremlin Horn"},{"floor":30.0,"key":"Lantern"},{"floor":41.0,"key":"Boot"},{"floor":43.0,"key":"Snake Skull"},{"floor":44.0,"key":"Ice Cream"},{"floor":55.0,"key":"Shuriken"}],"event_choices":[{"damage_healed":0.0,"max_hp_gain":0.0,"max_hp_loss":0.0,"gold_gain":150.0,"event_name":"Liars Game","player_choice":"AGREE","floor":3.0,"gold_loss":0.0,"damage_taken":0.0,"cards_obtained":["Doubt"]},{"cards_removed":["Doubt"],"damage_healed":0.0,"max_hp_gain":0.0,"max_hp_loss":0.0,"gold_gain":0.0,"event_name":"Golden Wing","player_choice":"Card Removal","floor":5.0,"gold_loss":0.0,"damage_taken":7.0},{"damage_healed":0.0,"max_hp_gain":0.0,"max_hp_loss":0.0,"gold_gain":30.0,"event_name":"Dead Adventurer","player_choice":"Searched \u00271\u0027 times","floor":7.0,"gold_loss":0.0,"damage_taken":0.0},{"damage_healed":0.0,"max_hp_gain":0.0,"max_hp_loss":0.0,"gold_gain":0.0,"event_name":"Colosseum","player_choice":"Fight","floor":19.0,"gold_loss":0.0,"damage_taken":0.0},{"damage_healed":0.0,"max_hp_gain":0.0,"max_hp_loss":0.0,"gold_gain":0.0,"event_name":"Colosseum","player_choice":"Fled From Nobs","floor":19.0,"gold_loss":0.0,"damage_taken":0.0},{"damage_healed":0.0,"max_hp_gain":0.0,"max_hp_loss":0.0,"gold_gain":0.0,"event_name":"The Library","player_choice":"Read","floor":22.0,"gold_loss":0.0,"damage_taken":0.0,"cards_obtained":["Expertise"]},{"damage_healed":0.0,"max_hp_gain":0.0,"max_hp_loss":0.0,"gold_gain":50.0,"event_name":"Nest","player_choice":"Stole From Cult","floor":31.0,"gold_loss":0.0,"damage_taken":0.0},{"damage_healed":0.0,"max_hp_gain":0.0,"max_hp_loss":0.0,"gold_gain":999.0,"event_name":"MindBloom","player_choice":"Gold","floor":36.0,"gold_loss":0.0,"damage_taken":0.0,"cards_obtained":["Normality","Normality"]},{"cards_removed":["Dash"],"damage_healed":0.0,"max_hp_gain":0.0,"max_hp_loss":0.0,"gold_gain":0.0,"event_name":"Falling","player_choice":"Removed Attack","floor":37.0,"gold_loss":0.0,"damage_taken":0.0},{"damage_healed":0.0,"max_hp_gain":0.0,"max_hp_loss":0.0,"gold_gain":0.0,"event_name":"Lab","player_choice":"Got Potions","floor":46.0,"gold_loss":0.0,"damage_taken":0.0},{"damage_healed":0.0,"max_hp_gain":0.0,"max_hp_loss":3.0,"gold_gain":0.0,"event_name":"Winding Halls","player_choice":"Max HP","floor":47.0,"gold_loss":0.0,"damage_taken":0.0},{"damage_healed":0.0,"max_hp_gain":0.0,"max_hp_loss":0.0,"gold_gain":0.0,"event_name":"Tomb of Lord Red Mask","player_choice":"Ignored","floor":48.0,"gold_loss":0.0,"damage_taken":0.0}],"is_beta":false,"boss_relics":[{"not_picked":["Sozu","White Beast Statue"],"picked":"HoveringKite"},{"not_picked":["Black Star","Runic Dome"],"picked":"Fusion Hammer"}],"items_purged_floors":[21,38,45,54],"is_endless":false,"potions_floor_spawned":[2,11,19,29,33,35,39,44],"ascension_level":20}