{"gold_per_floor":[111,43,43,43,55,85,85,55,55,90,108,118,138,167,167,167],"floor_reached":16,"playtime":320,"items_purged":[],"score":254,"play_id":"7279a6f4-7209-40b8-aa71-e7bd99509171","local_time":"20190209210923","is_ascension_mode":true,"campfire_choices":[{"data":"Second Wind","floor":7.0,"key":"SMITH"},{"data":"Body Slam","floor":15,"key":"SMITH"}],"neow_cost":"NONE","seed_source_timestamp":0,"circlet_count":0,"master_deck":["AscendersBane","Strike_R","Strike_R","Strike_R","Strike_R","Strike_R+1","Defend_R+1","Defend_R","Defend_R","Defend_R","Bash","Shrug It Off","Evolve","Second Wind+1","Body Slam+1","Battle Trance"],"special_seed":0,"relics":["Burning Blood","NeowsBlessing","Dream Catcher","Potion Belt","Dodecahedron","Ornamental Fan","Bag of Preparation"],"potions_floor_usage":[14,14],"damage_taken":[{"damage":0.0,"enemies":"Jaw Worm","floor":1.0,"turns":1.0},{"damage":0.0,"enemies":"Cultist","floor":5.0,"turns":1.0},{"damage":0.0,"enemies":"Lagavulin","floor":6.0,"turns":1.0},{"damage":34.0,"enemies":"Gremlin Nob","floor":10.0,"turns":5.0},{"damage":0.0,"enemies":"Small Slimes","floor":11.0,"turns":3.0},{"damage":6.0,"enemies":"Looter","floor":12.0,"turns":4.0},{"damage":8.0,"enemies":"Red Slaver","floor":13.0,"turns":4.0},{"damage":40,"enemies":"Lagavulin","floor":14,"turns":7},{"damage":0,"enemies":"Hexaghost","floor":16,"turns":7}],"seed_played":"7402800473715446208","potions_obtained":[{"floor":6.0,"key":"AttackPotion"},{"floor":8.0,"key":"BloodPotion"},{"floor":8.0,"key":"Dexterity Potion"},{"floor":13.0,"key":"BloodPotion"},{"floor":14,"key":"Swift Potion"}],"is_trial":false,"path_per_floor":["M","$","?","T","M","E","R","?","T","E","M","M","M","E","R","B"],"character_chosen":"IRONCLAD","items_purchased":["Evolve"],"campfire_rested":0,"item_purchase_floors":[2],"current_hp_per_floor":[74,74,51,51,57,63,63,63,63,42,48,48,46,19,19,19],"gold":167,"neow_bonus":"THREE_ENEMY_KILL","is_prod":false,"is_daily":false,"chose_seed":false,"campfire_upgraded":2,"win_rate":0,"timestamp":1549717763,"path_taken":["M","$","?","?","?","E","R","?","T","E","M","?","M","E","R","BOSS"],"build_version":"2019-01-23","purchased_purges":0,"victory":false,"max_hp_per_floor":[75,75,75,75,75,75,75,75,75,75,75,75,75,75,75,75],"card_choices":[{"not_picked":["Perfected Strike","Iron Wave"],"picked":"Shrug It Off","floor":1.0},{"not_picked":["Ghostly Armor","Corruption"],"picked":"Second Wind","floor":5.0},{"not_picked":["Reaper","Whirlwind","Cleave"],"picked":"SKIP","floor":6.0},{"not_picked":["Twin Strike","Inflame","Evolve"],"picked":"SKIP","floor":10.0},{"not_picked":["Perfected Strike","Hemokinesis","Thunderclap"],"picked":"SKIP","floor":11.0},{"not_picked":["Twin Strike","Hemokinesis"],"picked":"Body Slam","floor":12.0},{"not_picked":["Clothesline","Ghostly Armor","Pommel Strike"],"picked":"SKIP","floor":13.0},{"not_picked":["Clash","Thunderclap"],"picked":"Battle Trance","floor":14}],"player_experience":713369,"relics_obtained":[{"floor":4.0,"key":"Dream Catcher"},{"floor":6.0,"key":"Potion Belt"},{"floor":9.0,"key":"Dodecahedron"},{"floor":10.0,"key":"Ornamental Fan"},{"floor":14,"key":"Bag of Preparation"}],"event_choices":[{"damage_healed":0.0,"max_hp_gain":0.0,"max_hp_loss":0.0,"gold_gain":0.0,"event_name":"Shining Light","player_choice":"Entered Light","floor":3.0,"gold_loss":0.0,"damage_taken":23.0,"cards_upgraded":["Strike_R","Defend_R"]},{"damage_healed":0.0,"max_hp_gain":0.0,"max_hp_loss":0.0,"gold_gain":0.0,"event_name":"The Woman in Blue","player_choice":"Bought 2 Potions","floor":8.0,"gold_loss":0.0,"damage_taken":0.0}],"is_beta":false,"boss_relics":[],"items_purged_floors":[],"is_endless":false,"potions_floor_spawned":[6,13,14],"killed_by":"Hexaghost","ascension_level":15}