{"gold_per_floor":[369,385,31,46,64,95,95,112,112,112,123,17,17,34,34,34],"floor_reached":16,"playtime":535,"items_purged":["Strike_R"],"score":285,"play_id":"b3a70770-ded7-4ea2-8f00-097dac157e34","local_time":"20181218120052","is_ascension_mode":true,"campfire_choices":[{"data":"True Grit","floor":7.0,"key":"SMITH"},{"data":"Armaments","floor":10.0,"key":"SMITH"},{"data":"Sword Boomerang","floor":13.0,"key":"SMITH"},{"data":"Bash","floor":15,"key":"SMITH"}],"neow_cost":"TEN_PERCENT_HP_LOSS","seed_source_timestamp":0,"circlet_count":0,"master_deck":["AscendersBane","Strike_R","Strike_R","Strike_R","Strike_R","Defend_R","Defend_R","Defend_R","Defend_R","Bash+1","Cleave","True Grit+1","Berserk","Spot Weakness","Armaments+1","Sword Boomerang+1","Flash of Steel"],"special_seed":0,"relics":["Burning Blood","Medical Kit","Mango","Incense Burner"],"potions_floor_usage":[14,16],"damage_taken":[{"damage":8.0,"enemies":"Cultist","floor":1.0,"turns":5.0},{"damage":4.0,"enemies":"Small Slimes","floor":2.0,"turns":3.0},{"damage":7.0,"enemies":"2 Louse","floor":4.0,"turns":2.0},{"damage":39.0,"enemies":"Exordium Thugs","floor":5.0,"turns":4.0},{"damage":33.0,"enemies":"3 Sentries","floor":6.0,"turns":9.0},{"damage":12.0,"enemies":"Lots of Slimes","floor":8.0,"turns":4.0},{"damage":6.0,"enemies":"Looter","floor":11.0,"turns":3.0},{"damage":9,"enemies":"Exordium Thugs","floor":14,"turns":6},{"damage":21,"enemies":"Slime Boss","floor":16,"turns":8}],"seed_played":"-620849820733105004","potions_obtained":[{"floor":2.0,"key":"AttackPotion"},{"floor":5.0,"key":"Energy Potion"},{"floor":6.0,"key":"Energy Potion"},{"floor":14,"key":"BloodPotion"}],"is_trial":false,"path_per_floor":["M","M","$","M","M","E","R","M","T","R","M","M","$","R","M","R","B"],"character_chosen":"IRONCLAD","items_purchased":["True Grit","Medical Kit","Flash of Steel"],"campfire_rested":0,"item_purchase_floors":[3,3,12],"current_hp_per_floor":[66,68,68,67,34,21,21,15,15,15,15,15,15,12,12,0],"gold":34,"neow_bonus":"TWO_FIFTY_GOLD","is_prod":false,"is_daily":false,"chose_seed":false,"campfire_upgraded":4,"win_rate":0,"timestamp":1545105652,"path_taken":["M","M","$","?","M","E","R","M","T","R","M","$","R","M","R","BOSS"],"build_version":"2018-12-13","purchased_purges":1,"victory":false,"max_hp_per_floor":[68,68,68,68,68,82,82,82,82,82,82,82,82,82,82,82],"card_choices":[{"not_picked":["Cleave","Warcry","Heavy Blade"],"picked":"SKIP","floor":1.0},{"not_picked":["Warcry","Heavy Blade"],"picked":"Cleave","floor":1.0},{"not_picked":["Anger","Wild Strike","Iron Wave"],"picked":"SKIP","floor":2.0},{"not_picked":["Headbutt","Heavy Blade"],"picked":"Berserk","floor":4.0},{"not_picked":["Heavy Blade","Havoc","Flame Barrier"],"picked":"SKIP","floor":5.0},{"not_picked":["Entrench","Clothesline"],"picked":"Spot Weakness","floor":6.0},{"not_picked":["Cleave","Seeing Red"],"picked":"Armaments","floor":8.0},{"not_picked":["Battle Trance","Spot Weakness"],"picked":"Sword Boomerang","floor":11.0},{"not_picked":["Flame Barrier","Pommel Strike","Body Slam"],"picked":"SKIP","floor":14}],"player_experience":1336311,"relics_obtained":[{"floor":6.0,"key":"Mango"},{"floor":9.0,"key":"Incense Burner"}],"event_choices":[],"is_beta":false,"boss_relics":[],"items_purged_floors":[3],"is_endless":false,"potions_floor_spawned":[2,5,6,14],"killed_by":"Slime Boss","ascension_level":17}