{"gold_per_floor":[117,67,67,85,109,109,34,34,105,118,118,133,149,168,168,289,289,303,318,518,418,418,418,434,434,481,494,514,514,528,324,324,449,449,473,492,492,342,360,360,393,393,393,726,745,757,27,127,127,127],"floor_reached":51,"playtime":1914,"items_purged":["Strike_G","Defend_G","Strike_G","Writhe","Strike_G"],"score":721,"play_id":"59e72316-5475-4b37-b963-5f78c7bf8e18","local_time":"20181101200717","is_ascension_mode":false,"campfire_choices":[{"data":"Poisoned Stab","floor":6,"key":"SMITH"},{"data":"Neutralize","floor":8,"key":"SMITH"},{"data":"Survivor","floor":11,"key":"SMITH"},{"data":"Footwork","floor":15,"key":"SMITH"},{"data":"Well Laid Plans","floor":23,"key":"SMITH"},{"data":"Bouncing Flask","floor":25,"key":"SMITH"},{"data":"Malaise","floor":29,"key":"SMITH"},{"data":"Noxious Fumes","floor":32,"key":"SMITH"},{"data":"Corpse Explosion","floor":40,"key":"SMITH"},{"data":"Deadly Poison","floor":42,"key":"SMITH"},{"data":"Catalyst","floor":49,"key":"SMITH"}],"neow_cost":"NONE","seed_source_timestamp":36237724693826,"circlet_count":0,"master_deck":["Defend_G","Defend_G","Defend_G","Strike_G","Survivor+1","Neutralize+1","Poisoned Stab+1","Backflip","Footwork+1","Malaise+1","Deadly Poison+1","All Out Attack+1","Well Laid Plans+1","Bouncing Flask+1","Leg Sweep+1","Noxious Fumes+1","Corpse Explosion+1","Burst","Well Laid Plans","Catalyst+1"],"relics":["Ring of the Snake","Letter Opener","Coffee Dripper","Dream Catcher","Busted Crown","Anchor","Sundial","Potion Belt"],"potions_floor_usage":[28,35,50,50,50,50,50],"damage_taken":[{"damage":0,"enemies":"2 Louse","floor":1,"turns":4},{"damage":0,"enemies":"Jaw Worm","floor":4,"turns":4},{"damage":1,"enemies":"Cultist","floor":5,"turns":3},{"damage":3,"enemies":"Blue Slaver","floor":10,"turns":4},{"damage":6,"enemies":"Exordium Wildlife","floor":12,"turns":5},{"damage":0,"enemies":"Exordium Thugs","floor":13,"turns":5},{"damage":1,"enemies":"Gremlin Gang","floor":14,"turns":5},{"damage":21,"enemies":"The Guardian","floor":16,"turns":12},{"damage":0,"enemies":"3 Byrds","floor":18,"turns":7},{"damage":0,"enemies":"Chosen","floor":19,"turns":6},{"damage":0,"enemies":"Snake Plant","floor":24,"turns":6},{"damage":0,"enemies":"Chosen and Byrds","floor":27,"turns":6},{"damage":0,"enemies":"Centurion and Healer","floor":28,"turns":6},{"damage":0,"enemies":"Snecko","floor":30,"turns":6},{"damage":2,"enemies":"Collector","floor":33,"turns":7},{"damage":0,"enemies":"3 Shapes","floor":35,"turns":3},{"damage":21,"enemies":"3 Darklings","floor":36,"turns":4},{"damage":0,"enemies":"4 Shapes","floor":39,"turns":3},{"damage":3,"enemies":"Giant Head","floor":41,"turns":8},{"damage":34,"enemies":"Spire Growth","floor":45,"turns":5},{"damage":7,"enemies":"Sphere and 2 Shapes","floor":46,"turns":4},{"damage":5,"enemies":"Awakened One","floor":50,"turns":11}],"seed_played":"541517479315171809","potions_obtained":[{"floor":5,"key":"FairyPotion"},{"floor":10,"key":"SpeedPotion"},{"floor":13,"key":"SteroidPotion"},{"floor":27,"key":"GamblersBrew"},{"floor":33,"key":"Energy Potion"},{"floor":35,"key":"Weak Potion"}],"is_trial":false,"path_per_floor":["M","?","?","M","M","R","$","R","T","M","R","M","M","M","R","B",null,"M","M","?","$","?","R","M","R","T","M","M","R","M","$","R","B",null,"M","M","?","$","M","R","E","R","T","?","M","M","$","?","R","B"],"character_chosen":"THE_SILENT","items_purchased":["Noxious Fumes","Potion Belt","Burst","Well Laid Plans","Catalyst","Weak Potion","SkillPotion"],"campfire_rested":0,"item_purchase_floors":[31,47,47,47,47,47,47],"current_hp_per_floor":[70,70,53,53,52,52,52,52,52,49,49,43,43,42,42,21,70,70,70,70,70,70,70,70,70,70,70,70,70,70,70,70,68,70,70,49,67,67,67,67,64,64,64,64,30,23,23,23,23,18],"gold":127,"neow_bonus":"REMOVE_CARD","is_prod":false,"is_daily":false,"chose_seed":false,"campfire_upgraded":11,"win_rate":0,"timestamp":1541074037,"path_taken":["M","?","?","M","M","R","$","R","T","M","R","?","M","M","R","BOSS","M","M","?","$","?","R","M","R","T","?","M","R","?","?","R","BOSS","M","M","?","$","M","R","E","R","T","?","M","M","$","?","R","BOSS"],"build_version":"2018-10-25v2","purchased_purges":5,"victory":true,"max_hp_per_floor":[70,70,70,70,70,70,70,70,70,70,70,70,70,70,70,70,70,70,70,70,70,70,70,70,70,70,70,70,70,70,70,70,70,70,70,70,70,70,70,70,70,70,70,70,70,70,70,70,70,70],"card_choices":[{"not_picked":["Slice","Reflex","Finisher"],"picked":"SKIP","floor":1},{"not_picked":["Leg Sweep","Concentrate"],"picked":"Poisoned Stab","floor":4},{"not_picked":["Dagger Throw","Flechettes","Underhanded Strike"],"picked":"SKIP","floor":5},{"not_picked":["Backstab","Concentrate","All Out Attack"],"picked":"SKIP","floor":10},{"not_picked":["Dodge and Roll","Sucker Punch","Dagger Spray"],"picked":"SKIP","floor":12},{"not_picked":["PiercingWail","Acrobatics"],"picked":"Backflip","floor":13},{"not_picked":["Endless Agony","Slice"],"picked":"Footwork","floor":14},{"not_picked":["Venomology","Tools of the Trade"],"picked":"Malaise","floor":16},{"not_picked":["Escape Plan+1","Flying Knee"],"picked":"Deadly Poison","floor":18},{"not_picked":["Bane","Setup"],"picked":"All Out Attack+1","floor":19},{"not_picked":["Bane+1","Deadly Poison"],"picked":"Bouncing Flask","floor":24},{"not_picked":["Acrobatics","Bane","Backstab+1"],"picked":"SKIP","floor":27},{"not_picked":["Bane","Dagger Spray","Finisher"],"picked":"SKIP","floor":28},{"not_picked":["Cloak And Dagger","Quick Slash+1"],"picked":"Leg Sweep+1","floor":30},{"not_picked":["Tools of the Trade","Envenom"],"picked":"Corpse Explosion","floor":33},{"not_picked":["Masterful Stab+1"],"picked":"SKIP","floor":35},{"not_picked":["Slice"],"picked":"SKIP","floor":36},{"not_picked":["Outmaneuver"],"picked":"SKIP","floor":39},{"not_picked":["Sucker Punch"],"picked":"SKIP","floor":41},{"not_picked":["Dagger Spray"],"picked":"SKIP","floor":45},{"not_picked":["Dagger Spray"],"picked":"SKIP","floor":45},{"not_picked":["Deflect"],"picked":"SKIP","floor":46}],"player_experience":821969,"relics_obtained":[{"floor":9,"key":"Letter Opener"},{"floor":26,"key":"Dream Catcher"},{"floor":41,"key":"Anchor"},{"floor":43,"key":"Sundial"}],"event_choices":[{"cards_removed":["Defend_G"],"damage_healed":0,"gold_gain":0,"player_choice":"Card Removal","damage_taken":0,"max_hp_gain":0,"max_hp_loss":0,"event_name":"The Cleric","floor":2,"gold_loss":50},{"damage_healed":0,"gold_gain":0,"player_choice":"Take Damage","damage_taken":17,"relics_obtained":["Golden Idol"],"max_hp_gain":0,"max_hp_loss":0,"event_name":"Golden Idol","floor":3,"gold_loss":0},{"damage_healed":0,"gold_gain":200,"player_choice":"Gold","damage_taken":0,"max_hp_gain":0,"max_hp_loss":0,"event_name":"Wheel of Change","floor":20,"gold_loss":0},{"damage_healed":0,"gold_gain":0,"player_choice":"Read","damage_taken":0,"max_hp_gain":0,"max_hp_loss":0,"event_name":"The Library","floor":22,"gold_loss":0,"cards_obtained":["Well Laid Plans"]},{"damage_healed":18,"gold_gain":0,"player_choice":"Writhe","damage_taken":0,"max_hp_gain":0,"max_hp_loss":0,"event_name":"Winding Halls","floor":37,"gold_loss":0,"cards_obtained":["Writhe"]},{"damage_healed":0,"gold_gain":333,"player_choice":"Gave Idol","damage_taken":0,"max_hp_gain":0,"max_hp_loss":0,"event_name":"The Moai Head","floor":44,"relics_lost":["Golden Idol"],"gold_loss":0},{"damage_healed":0,"gold_gain":100,"player_choice":"Pray","damage_taken":0,"max_hp_gain":0,"max_hp_loss":0,"event_name":"Golden Shrine","floor":48,"gold_loss":0}],"is_beta":false,"boss_relics":[{"not_picked":["Velvet Choker","White Beast Statue"],"picked":"Coffee Dripper"},{"not_picked":["Ring of the Serpent","Runic Dome"],"picked":"Busted Crown"}],"items_purged_floors":[7,21,31,38,47],"is_endless":false,"potions_floor_spawned":[5,10,13,27,33,35,36,45,46],"ascension_level":0}