{"path_per_floor":["M","?","M","M","M","R","M","$","T","M","E","M","?","M","R","B",null,"M","?","$","T","M","R","?","R","T","M","M","T","M","M","R","B",null,"M","?","$","M","T","R","M","R","T","E","M","$","M","M","R","B"],"character_chosen":"THE_SILENT","items_purchased":["Pen Nib","Art of War","Catalyst","Snake Skull"],"gold_per_floor":[110,110,122,141,156,156,172,97,97,109,168,184,259,275,275,372,372,386,301,50,50,64,64,64,64,91,105,121,174,194,207,207,309,309,328,328,102,121,121,121,141,141,141,176,190,43,57,73,73,73],"floor_reached":51,"campfire_rested":0,"playtime":1880,"current_hp_per_floor":[63,68,68,68,67,67,67,67,67,66,66,66,55,55,55,45,68,65,65,65,65,58,58,58,58,58,56,55,55,54,54,54,46,68,59,59,59,54,54,54,53,53,53,64,59,59,46,52,52,19],"items_purged":["Strike_G","Strike_G"],"gold":73,"score":835,"play_id":"833bd4d2-219b-4c35-881b-69b0565df317","local_time":"20180321183735","is_prod":false,"is_daily":false,"is_ascension_mode":false,"campfire_upgraded":8,"timestamp":1521628655,"path_taken":["M","?","M","M","M","R","?","$","T","M","E","M","?","M","R","BOSS","M","?","$","?","M","R","?","R","T","M","M","?","?","M","R","BOSS","M","?","$","M","?","R","?","R","T","E","M","$","M","M","R","BOSS"],"build_version":"2018-03-15v3","purchased_purges":3,"victory":true,"master_deck":["Survivor+1","Neutralize+1","Dash+1","Backstab","Calculated Gamble+1","Venomology+1","Terror+1","Bouncing Flask+1","Wraith Form+1","Poisoned Stab+1","Backflip+1","Grand Finale+1","Noxious Fumes+1","Bane+1","Catalyst+1","Deadly Poison+1","Footwork+1"],"max_hp_per_floor":[63,68,68,68,68,68,68,68,68,68,68,68,68,68,68,68,68,68,68,68,68,68,68,68,68,68,68,68,68,68,68,68,68,68,68,68,68,68,68,68,68,68,68,68,68,68,68,68,68,68],"relics":["Ring of the Snake","War Paint","Tiny Chest","Astrolabe","Toolbox","Pen Nib","Darkstone Periapt","Orichalcum","Oddly Smooth Stone","Pandora\u0027s Box","Art of War","Ice Cream","Peace Pipe","Vajra","Snake Skull"],"card_choices":[{"not_picked":["PiercingWail","Dagger Throw"],"picked":"Dash"},{"not_picked":["Dodge and Roll","Deadly Poison"],"picked":"Backstab"},{"not_picked":["Malaise","Quick Slash"],"picked":"Calculated Gamble"},{"not_picked":["Caltrops","Poisoned Stab"],"picked":"Venomology"},{"not_picked":["Concentrate","Distraction"],"picked":"Terror"},{"not_picked":["Eviscerate","Underhanded Strike"],"picked":"Backflip"},{"not_picked":["Sucker Punch","Footwork"],"picked":"Noxious Fumes"},{"not_picked":["Deflect","Flying Knee"],"picked":"Bane"},{"not_picked":["Deflect","Prepared"],"picked":"Deadly Poison"},{"not_picked":["Acrobatics","PiercingWail"],"picked":"Footwork"}],"player_experience":299850,"potions_floor_usage":[11,12,16,22,27,28,30,31,33,33,38,41,44,44,47,48,50,50,50,50],"damage_taken":[{"damage":0,"enemies":"Small Slimes","floor":1,"turns":3},{"damage":0,"enemies":"2 Louse","floor":3,"turns":3},{"damage":0,"enemies":"Cultist","floor":4,"turns":3},{"damage":1,"enemies":"Large Slime","floor":5,"turns":5},{"damage":0,"enemies":"3 Louse","floor":7,"turns":2},{"damage":1,"enemies":"2 Fungi Beasts","floor":10,"turns":3},{"damage":0,"enemies":"Gremlin Nob","floor":11,"turns":4},{"damage":0,"enemies":"Blue Slaver","floor":12,"turns":3},{"damage":0,"enemies":"3 Louse","floor":14,"turns":3},{"damage":10,"enemies":"The Guardian","floor":16,"turns":13},{"damage":3,"enemies":"Chosen","floor":18,"turns":3},{"damage":7,"enemies":"2 Thieves","floor":22,"turns":4},{"damage":2,"enemies":"Slaver and Parasite","floor":27,"turns":3},{"damage":1,"enemies":"3 Cultists","floor":28,"turns":5},{"damage":1,"enemies":"Snake Plant","floor":30,"turns":3},{"damage":0,"enemies":"Chosen and Byrds","floor":31,"turns":5},{"damage":8,"enemies":"Collector","floor":33,"turns":5},{"damage":9,"enemies":"3 Darklings","floor":35,"turns":4},{"damage":5,"enemies":"Orb Walker","floor":38,"turns":3},{"damage":1,"enemies":"4 Shapes","floor":41,"turns":4},{"damage":4,"enemies":"Nemesis","floor":44,"turns":5},{"damage":5,"enemies":"3 Darklings","floor":45,"turns":4},{"damage":13,"enemies":"Maw","floor":47,"turns":5},{"damage":4,"enemies":"4 Shapes","floor":48,"turns":4},{"damage":60,"enemies":"Time Eater","floor":50,"turns":9}],"event_choices":[{"event_name":"Big Fish","player_choice":"Donut","floor":2,"damage_taken":0},{"event_name":"World of Goop","player_choice":"Gather Gold","floor":13,"damage_taken":0},{"event_name":"Addict","player_choice":"Obtained Relic","floor":19,"damage_taken":0},{"event_name":"The Library","player_choice":"Read","floor":24,"damage_taken":0},{"event_name":"The Woman in Blue","player_choice":"Bought 0 Potions","floor":36,"damage_taken":0}],"boss_relics":[{"not_picked":["Lizard Tail","Black Star"],"picked":"Astrolabe"},{"not_picked":["Runic Pyramid","The Specimen"],"picked":"Pandora\u0027s Box"}],"potions_floor_spawned":[5,7,11,16,22,28,30,35,38,41,48],"seed_played":"-5669013037737363839","ascension_level":0,"is_trial":false}