{"gold_per_floor":[119,138,138,156,172,172,29,29,29,46,61,74,74,24,24,128,128,139,89,108,128,145,145,156,156,209,219,219,237,251,201,201,304,304,318,329,344,69,69,69,104,104,104,115,65,79,79,29,29,29],"floor_reached":51,"playtime":1675,"items_purged":["Defend_G","Defend_G","Defend_G","Strike_G","Defend_G","Defend_G","Strike_G"],"score":825,"play_id":"df782561-00ee-4194-b2c6-c69a0b309bc0","local_time":"20181124111703","is_ascension_mode":false,"campfire_choices":[{"data":"Well Laid Plans","floor":6.0,"key":"SMITH"},{"data":"Expertise","floor":8.0,"key":"SMITH"},{"data":"Acrobatics","floor":13.0,"key":"SMITH"},{"data":"Grand Finale","floor":15.0,"key":"SMITH"},{"data":"Well Laid Plans","floor":23.0,"key":"SMITH"},{"data":"Acrobatics","floor":25.0,"key":"SMITH"},{"data":"Tactician","floor":32.0,"key":"SMITH"},{"data":"Purity","floor":40,"key":"SMITH"},{"data":"Adrenaline","floor":42,"key":"SMITH"},{"data":"Adrenaline","floor":47,"key":"SMITH"},{"data":"Escape Plan","floor":49,"key":"SMITH"}],"neow_cost":"TEN_PERCENT_HP_LOSS","seed_source_timestamp":5459859375398,"circlet_count":0,"master_deck":["Strike_G","Strike_G","Survivor","Neutralize","Grand Finale+1","Acrobatics+1","Well Laid Plans+1","Escape Plan+1","Expertise+1","Adrenaline+1","Tactician+1","Well Laid Plans+1","Acrobatics+1","Purity+1","Adrenaline+1"],"special_seed":0,"relics":["Ring of the Snake","Smiling Mask","Philosopher\u0027s Stone","Tiny Chest","Cursed Key","The Courier"],"potions_floor_usage":[],"damage_taken":[{"damage":0.0,"enemies":"Cultist","floor":1.0,"turns":4.0},{"damage":0.0,"enemies":"2 Louse","floor":2.0,"turns":5.0},{"damage":0.0,"enemies":"Small Slimes","floor":4.0,"turns":5.0},{"damage":3.0,"enemies":"Gremlin Gang","floor":5.0,"turns":3.0},{"damage":12.0,"enemies":"Exordium Thugs","floor":10.0,"turns":3.0},{"damage":2.0,"enemies":"2 Fungi Beasts","floor":11.0,"turns":4.0},{"damage":5.0,"enemies":"Gremlin Gang","floor":12.0,"turns":2.0},{"damage":11.0,"enemies":"Hexaghost","floor":16.0,"turns":7.0},{"damage":0.0,"enemies":"Chosen","floor":18.0,"turns":2.0},{"damage":0.0,"enemies":"Spheric Guardian","floor":20.0,"turns":1.0},{"damage":0.0,"enemies":"Snake Plant","floor":21.0,"turns":2.0},{"damage":0.0,"enemies":"3 Cultists","floor":22.0,"turns":1.0},{"damage":0.0,"enemies":"Sentry and Sphere","floor":24.0,"turns":1.0},{"damage":4.0,"enemies":"Snake Plant","floor":27.0,"turns":3.0},{"damage":0.0,"enemies":"Snecko","floor":29.0,"turns":1.0},{"damage":0.0,"enemies":"Shelled Parasite and Fungi","floor":30.0,"turns":1.0},{"damage":0.0,"enemies":"Collector","floor":33.0,"turns":3.0},{"damage":0.0,"enemies":"Orb Walker","floor":35.0,"turns":1.0},{"damage":0.0,"enemies":"3 Darklings","floor":36.0,"turns":1.0},{"damage":0.0,"enemies":"Transient","floor":37.0,"turns":5.0},{"damage":0,"enemies":"Reptomancer","floor":41,"turns":1},{"damage":0,"enemies":"Jaw Worm Horde","floor":44,"turns":1},{"damage":0,"enemies":"Sphere and 2 Shapes","floor":46,"turns":1},{"damage":0,"enemies":"Awakened One","floor":50,"turns":2}],"seed_played":"7667622830133118654","potions_obtained":[{"floor":4.0,"key":"GhostInAJar"},{"floor":5.0,"key":"Swift Potion"},{"floor":11.0,"key":"Block Potion"},{"floor":12.0,"key":"Swift Potion"}],"is_trial":false,"path_per_floor":["M","M","?","M","M","R","$","R","T","M","M","M","R","$","R","B",null,"M","$","M","M","M","R","M","R","T","M","?","M","M","$","R","B",null,"M","M","M","$","T","R","E","R","T","M","$","M","R","$","R","B",null],"character_chosen":"THE_SILENT","items_purchased":["Expertise","Purity","Adrenaline"],"campfire_rested":0,"item_purchase_floors":[7,38,38],"current_hp_per_floor":[63,63,63,63,60,60,60,60,60,48,46,41,41,41,41,30,63,63,63,63,63,63,63,63,63,63,59,59,59,59,59,59,59,63,63,63,63,63,63,63,63,63,63,63,63,63,63,63,63,63],"gold":29,"neow_bonus":"THREE_RARE_CARDS","is_prod":false,"is_daily":false,"chose_seed":false,"campfire_upgraded":11,"win_rate":0,"timestamp":1543029423,"path_taken":["M","?","?","M","M","R","$","R","T","M","?","M","R","$","R","BOSS","M","$","M","M","M","R","M","R","T","M","?","?","?","$","R","BOSS","M","M","M","$","?","R","E","R","T","M","$","M","R","?","R","BOSS"],"build_version":"2018-11-15","purchased_purges":7,"victory":true,"max_hp_per_floor":[63,63,63,63,63,63,63,63,63,63,63,63,63,63,63,63,63,63,63,63,63,63,63,63,63,63,63,63,63,63,63,63,63,63,63,63,63,63,63,63,63,63,63,63,63,63,63,63,63,63],"card_choices":[{"not_picked":["Wraith Form v2","Doppelganger"],"picked":"Grand Finale","floor":0.0},{"not_picked":["Bane","Bouncing Flask"],"picked":"Acrobatics","floor":1.0},{"not_picked":["Cloak And Dagger","Blade Dance","Finisher"],"picked":"SKIP","floor":2.0},{"not_picked":["Deadly Poison","Underhanded Strike"],"picked":"Well Laid Plans","floor":4.0},{"not_picked":["Backstab","Outmaneuver"],"picked":"Escape Plan","floor":5.0},{"not_picked":["Blur","Concentrate","Poisoned Stab"],"picked":"SKIP","floor":10.0},{"not_picked":["Outmaneuver","Predator","Riddle With Holes"],"picked":"SKIP","floor":11.0},{"not_picked":["Outmaneuver","Slice","Cloak And Dagger"],"picked":"SKIP","floor":12.0},{"not_picked":["After Image","Glass Knife"],"picked":"Adrenaline","floor":16.0},{"not_picked":["Skewer","Bouncing Flask","Flying Knee+1"],"picked":"SKIP","floor":18.0},{"not_picked":["Dagger Throw","Backflip","Flying Knee+1"],"picked":"SKIP","floor":20.0},{"not_picked":["Accuracy","Endless Agony+1"],"picked":"Tactician","floor":21.0},{"not_picked":["Poisoned Stab","Dash"],"picked":"Well Laid Plans","floor":22.0},{"not_picked":["Distraction","Blade Dance"],"picked":"Acrobatics","floor":24.0},{"not_picked":["Deadly Poison","Heel Hook","Dagger Throw"],"picked":"SKIP","floor":27.0},{"not_picked":["Blade Dance","Dagger Throw","Prepared"],"picked":"SKIP","floor":29.0},{"not_picked":["Prepared","Terror","Dodge and Roll+1"],"picked":"SKIP","floor":30.0},{"not_picked":["Dagger Throw+1","Skewer","Distraction+1"],"picked":"SKIP","floor":35.0},{"not_picked":["Riddle With Holes+1","Quick Slash","Accuracy"],"picked":"SKIP","floor":36.0},{"not_picked":["Quick Slash","Dash+1","Catalyst+1"],"picked":"SKIP","floor":37.0},{"not_picked":["Poisoned Stab+1","Acrobatics+1","Bullet Time"],"picked":"SKIP","floor":41},{"not_picked":["Quick Slash","Expertise","Bane"],"picked":"SKIP","floor":44},{"not_picked":["Eviscerate+1","Slice+1","Underhanded Strike"],"picked":"SKIP","floor":46}],"player_experience":1133617,"relics_obtained":[{"floor":9.0,"key":"Smiling Mask"},{"floor":26.0,"key":"Tiny Chest"},{"floor":41,"key":"The Courier"}],"event_choices":[{"cards_removed":["Strike_G"],"damage_healed":0.0,"max_hp_gain":0.0,"max_hp_loss":0.0,"gold_gain":0.0,"event_name":"Purifier","player_choice":"Purged","floor":3.0,"gold_loss":0.0,"damage_taken":0.0},{"damage_healed":0.0,"max_hp_gain":0.0,"max_hp_loss":0.0,"gold_gain":0.0,"event_name":"Match and Keep!","player_choice":"0 cards matched","floor":28.0,"gold_loss":0.0,"damage_taken":0.0,"cards_obtained":[]}],"is_beta":false,"boss_relics":[{"not_picked":["Sozu","Busted Crown"],"picked":"Philosopher\u0027s Stone"},{"not_picked":["WristBlade","Velvet Choker"],"picked":"Cursed Key"}],"items_purged_floors":[7,14,19,31,38,45,48],"is_endless":false,"potions_floor_spawned":[4,5,11,12,20,21,22,27,33,35,36,37,44],"ascension_level":0}