{"gold_per_floor":[113,113,63,63,78,104,160,6,6,19,38,38,73,92,92,194,194,206,131,151,162,180,180,194,194,194,227,244,275,290,290,290,392,392,405,47,47,0,17,17,17],"floor_reached":41,"playtime":1904,"items_purged":["Defend_R","Defend_R"],"score":518,"play_id":"b98da4b1-bdc3-4328-ad04-7e36d1603348","local_time":"20180728160845","daily_mods":["Elite Swarm"],"is_ascension_mode":false,"campfire_choices":[{"data":"Echo Form","floor":12,"key":"SMITH"},{"data":"Limit Break","floor":15,"key":"SMITH"},{"data":"Wraith Form v2","floor":23,"key":"SMITH"},{"data":"Thunderclap","floor":25,"key":"SMITH"},{"data":"Demon Form","floor":32,"key":"SMITH"},{"data":"Offering","floor":40,"key":"SMITH"}],"neow_cost":"","seed_source_timestamp":0,"circlet_count":0,"master_deck":["Strike_R","Strike_R","Strike_R","Strike_R","Strike_R","Defend_R","Bash","Demon Form+1","Wraith Form v2+1","Echo Form+1","Perfected Strike","Flash of Steel","Twin Strike","Barricade","Heavy Blade","Pummel","Limit Break+1","Offering+1","Heavy Blade+1","Perfected Strike+1","Clash","Thunderclap+1","Bloodletting+1","Berserk","Dramatic Entrance"],"relics":["Burning Blood","Boot","Kunai","Omamori","Thread and Needle","Dream Catcher","Coffee Dripper","Bottled Lightning","Regal Pillow","Turnip","White Beast Statue","Mummified Hand","Red Mask"],"potions_floor_usage":[24,33,41],"damage_taken":[{"damage":8,"enemies":"Jaw Worm","floor":1,"turns":5},{"damage":2,"enemies":"Cultist","floor":5,"turns":4},{"damage":14,"enemies":"3 Sentries","floor":6,"turns":7},{"damage":32,"enemies":"3 Sentries","floor":7,"turns":5},{"damage":0,"enemies":"2 Louse","floor":10,"turns":3},{"damage":0,"enemies":"Exordium Wildlife","floor":11,"turns":5},{"damage":29,"enemies":"Gremlin Nob","floor":13,"turns":6},{"damage":2,"enemies":"Blue Slaver","floor":14,"turns":2},{"damage":32,"enemies":"Hexaghost","floor":16,"turns":6},{"damage":1,"enemies":"2 Thieves","floor":18,"turns":4},{"damage":5,"enemies":"Chosen","floor":20,"turns":3},{"damage":10,"enemies":"Sentry and Sphere","floor":21,"turns":4},{"damage":25,"enemies":"Centurion and Healer","floor":22,"turns":4},{"damage":0,"enemies":"Snake Plant","floor":24,"turns":1},{"damage":12,"enemies":"Book of Stabbing","floor":27,"turns":4},{"damage":5,"enemies":"Sentry and Sphere","floor":28,"turns":6},{"damage":19,"enemies":"Slavers","floor":29,"turns":3},{"damage":5,"enemies":"3 Cultists","floor":30,"turns":4},{"damage":5,"enemies":"Champ","floor":33,"turns":6},{"damage":28,"enemies":"Flame Bruiser 1 Orb","floor":35,"turns":5},{"damage":20,"enemies":"3 Shapes","floor":39,"turns":6},{"damage":8,"enemies":"Nemesis","floor":41,"turns":2}],"seed_played":"5023829513453818029","potions_obtained":[{"floor":1,"key":"LiquidBronze"},{"floor":5,"key":"Ancient Potion"},{"floor":14,"key":"BloodPotion"},{"floor":18,"key":"Energy Potion"},{"floor":24,"key":"SmokeBomb"},{"floor":27,"key":"PowerPotion"},{"floor":30,"key":"Ancient Potion"},{"floor":33,"key":"Explosive Potion"},{"floor":35,"key":"FairyPotion"}],"is_trial":true,"path_per_floor":["M","?","?","$","M","E","?","$","T","M","M","R","E","M","R","B",null,"M","$","M","M","M","R","M","R","T","E","M","E","M","?","R","B",null,"M","$","?","?","M","R"],"character_chosen":"IRONCLAD","items_purchased":["Omamori","Mummified Hand"],"campfire_rested":0,"item_purchase_floors":[8,36],"current_hp_per_floor":[78,78,78,78,80,72,46,46,46,52,58,58,35,39,39,13,80,80,80,80,76,57,57,63,63,63,57,58,45,46,46,46,47,80,58,58,58,58,44,44,44],"gold":17,"neow_bonus":"","is_prod":false,"is_daily":false,"chose_seed":false,"campfire_upgraded":6,"win_rate":0,"timestamp":1532786925,"path_taken":["M","?","?","$","M","E","?","$","T","M","M","R","E","M","R","BOSS","M","$","M","M","M","R","M","R","T","E","M","E","M","?","R","BOSS","M","?","?","?","M","R","E"],"build_version":"2018-07-26","purchased_purges":2,"victory":false,"max_hp_per_floor":[80,80,80,80,80,80,80,80,80,80,80,80,80,80,80,80,80,80,80,80,80,80,80,80,80,80,80,80,80,80,80,80,80,80,80,80,80,80,80,80,80],"card_choices":[{"not_picked":["Rupture","Clash"],"picked":"Perfected Strike","floor":1},{"not_picked":["Iron Wave","Havoc"],"picked":"Twin Strike","floor":5},{"not_picked":["Immolate","Bludgeon"],"picked":"Barricade","floor":6},{"not_picked":["Havoc","Twin Strike"],"picked":"Heavy Blade","floor":7},{"not_picked":["Anger","True Grit","Wild Strike"],"picked":"SKIP","floor":10},{"not_picked":["Corruption","Second Wind"],"picked":"Pummel","floor":11},{"not_picked":["Demon Form","Fiend Fire"],"picked":"Limit Break","floor":13},{"not_picked":["Blood for Blood","Warcry","Wild Strike"],"picked":"SKIP","floor":14},{"not_picked":["Brutality","Feed"],"picked":"Offering","floor":16},{"not_picked":["Armaments","Second Wind"],"picked":"Heavy Blade+1","floor":18},{"not_picked":["Shrug It Off","Heavy Blade","Clothesline+1"],"picked":"SKIP","floor":20},{"not_picked":["Cleave","Shrug It Off"],"picked":"Perfected Strike+1","floor":21},{"not_picked":["Perfected Strike","Sword Boomerang"],"picked":"Clash","floor":22},{"not_picked":["Flex","Dark Embrace"],"picked":"Thunderclap","floor":24},{"not_picked":["Brutality","Bludgeon","Fiend Fire"],"picked":"SKIP","floor":27},{"not_picked":["Rupture","Sword Boomerang+1","Cleave"],"picked":"SKIP","floor":28},{"not_picked":["Barricade","Demon Form","Juggernaut"],"picked":"SKIP","floor":29},{"not_picked":["Clothesline","True Grit"],"picked":"Bloodletting+1","floor":30},{"not_picked":["Double Tap","Fiend Fire"],"picked":"Berserk","floor":33},{"not_picked":["Intimidate+1","Cleave","True Grit+1"],"picked":"SKIP","floor":35},{"not_picked":["Sadistic Nature","Good Instincts"],"picked":"Dramatic Entrance","floor":37},{"not_picked":["Sword Boomerang","Iron Wave","Blood for Blood+1"],"picked":"SKIP","floor":39}],"player_experience":344522,"relics_obtained":[{"floor":6,"key":"Boot"},{"floor":7,"key":"Kunai"},{"floor":9,"key":"Thread and Needle"},{"floor":13,"key":"Dream Catcher"},{"floor":26,"key":"Bottled Lightning"},{"floor":27,"key":"Regal Pillow"},{"floor":29,"key":"Turnip"}],"event_choices":[{"event_name":"Match and Keep!","player_choice":"1 cards matched","floor":2,"damage_taken":0},{"event_name":"The Cleric","player_choice":"Card Removal","floor":3,"damage_taken":0},{"event_name":"Dead Adventurer","player_choice":"Searched \u00271\u0027 times","floor":7,"damage_taken":0},{"event_name":"Forgotten Altar","player_choice":"Smashed Altar","floor":31,"damage_taken":0},{"event_name":"SensoryStone","player_choice":"Memory 1","floor":37,"damage_taken":0},{"event_name":"Tomb of Lord Red Mask","player_choice":"Paid","floor":38,"damage_taken":0}],"is_beta":false,"boss_relics":[{"not_picked":["Runic Dome","Busted Crown"],"picked":"Coffee Dripper"},{"not_picked":["Lizard Tail","Snecko Eye"],"picked":"White Beast Statue"}],"items_purged_floors":[19,36],"is_endless":false,"potions_floor_spawned":[1,5,14,18,24,27,30,33,35,39],"killed_by":"Nemesis","ascension_level":0}