{"gold_per_floor":[109,126,126,126,126,151,151,151,151,165,340,367,33,43,43,140,140,150,166,178,197,97,97],"floor_reached":23,"playtime":867,"items_purged":["Strike_B","Doubt"],"score":191,"play_id":"649280bb-7928-4ac5-9670-57d5d1330a15","local_time":"20180625002322","is_ascension_mode":false,"campfire_choices":[{"floor":15,"key":"REST"}],"neow_cost":"NONE","seed_source_timestamp":34158398438521,"circlet_count":0,"master_deck":["Zap","Dualcast","Streamline+1","Double Energy","Self Repair+1","Darkness+1","Scrape+1","Hologram","Ball Lightning","Melter","Parasite","Beam Cell","Multi-Cast+1","Cold Snap","Chill+1","Barrage","Barrage","Go for the Eyes","Leap+1","Hologram+1","Coolheaded+1"],"relics":["Orrery","Whetstone","Bag of Marbles","Pantograph","Juzu Bracelet","Toxic Egg 2","Pandora\u0027s Box"],"potions_floor_usage":[14,14,16,23,23],"damage_taken":[{"damage":6,"enemies":"Jaw Worm","floor":1,"turns":4},{"damage":8,"enemies":"Small Slimes","floor":2,"turns":4},{"damage":48,"enemies":"Gremlin Nob","floor":6,"turns":5},{"damage":3,"enemies":"2 Louse","floor":10,"turns":2},{"damage":10,"enemies":"Looter","floor":14,"turns":2},{"damage":31,"enemies":"Slime Boss","floor":16,"turns":9},{"damage":0,"enemies":"Chosen","floor":18,"turns":4},{"damage":0,"enemies":"3 Byrds","floor":19,"turns":5},{"damage":35,"enemies":"Snake Plant","floor":20,"turns":4},{"damage":15,"enemies":"Cultist and Chosen","floor":21,"turns":5},{"damage":53,"enemies":"Gremlin Leader","floor":23,"turns":5}],"seed_played":"6426251837778107041","potions_obtained":[{"floor":2,"key":"FocusPotion"},{"floor":10,"key":"Energy Potion"},{"floor":14,"key":"Fruit Juice"},{"floor":18,"key":"SkillPotion"},{"floor":19,"key":"Dexterity Potion"}],"is_trial":false,"path_per_floor":["M","M","?","?","?","E","?","?","T","M","?","T","$","M","R","B",null,"M","M","M","M","$"],"character_chosen":"DEFECT","items_purchased":["Toxic Egg 2"],"campfire_rested":1,"item_purchase_floors":[13],"current_hp_per_floor":[75,74,59,59,52,14,32,14,14,11,11,11,11,1,23,32,80,80,80,55,50,50,0],"gold":97,"neow_bonus":"BOSS_RELIC","is_prod":false,"is_daily":false,"chose_seed":false,"campfire_upgraded":0,"win_rate":0,"timestamp":1529879002,"path_taken":["M","M","?","?","?","E","?","?","T","?","?","?","$","M","R","BOSS","M","M","M","M","$","E"],"build_version":"2018-06-21v2","purchased_purges":2,"victory":false,"max_hp_per_floor":[75,75,75,75,75,75,75,75,75,75,75,75,75,75,75,80,80,80,80,80,80,80,80],"card_choices":[{"not_picked":["Beam Cell","Go for the Eyes"],"picked":"Streamline","floor":0},{"not_picked":["Barrage","Streamline"],"picked":"Double Energy","floor":0},{"not_picked":["Ball Lightning","Beam Cell"],"picked":"Self Repair","floor":0},{"not_picked":["Beam Cell","Blizzard"],"picked":"Darkness","floor":0},{"not_picked":["Gash","Double Energy"],"picked":"Scrape","floor":0},{"not_picked":["Redo","Skim"],"picked":"Hologram","floor":1},{"not_picked":["Undo","Turbo"],"picked":"Ball Lightning","floor":2},{"not_picked":["Undo","Chaos"],"picked":"Melter","floor":6},{"not_picked":["Amplify","Steam","Force Field"],"picked":"SKIP","floor":10},{"not_picked":["Redo+1","Blizzard"],"picked":"Beam Cell","floor":14},{"not_picked":["Echo Form","Buffer"],"picked":"Multi-Cast+1","floor":16},{"not_picked":["Sweeping Beam","Gash"],"picked":"Leap+1","floor":18},{"not_picked":["Gash","Sweeping Beam"],"picked":"Hologram+1","floor":19},{"not_picked":["Thunder Strike","Heatsinks","Melter+1"],"picked":"SKIP","floor":20},{"not_picked":["Beam Cell","Genetic Algorithm+1"],"picked":"Coolheaded+1","floor":21}],"player_experience":289394,"relics_obtained":[{"floor":6,"key":"Whetstone"},{"floor":9,"key":"Pantograph"},{"floor":12,"key":"Juzu Bracelet"}],"event_choices":[{"event_name":"Shining Light","player_choice":"Entered Light","floor":3,"damage_taken":0},{"event_name":"Living Wall","player_choice":"Forget","floor":4,"damage_taken":0},{"event_name":"Golden Wing","player_choice":"Card Removal","floor":5,"damage_taken":0},{"event_name":"Mushrooms","player_choice":"Healed and dodged fight","floor":7,"damage_taken":0},{"event_name":"Scrap Ooze","player_choice":"success","floor":8,"damage_taken":18},{"event_name":"Liars Game","player_choice":"agreed","floor":11,"damage_taken":0}],"boss_relics":[{"not_picked":["Philosopher\u0027s Stone","Calling Bell"],"picked":"Pandora\u0027s Box"}],"items_purged_floors":[13,22],"is_endless":false,"potions_floor_spawned":[2,10,14,18,19],"killed_by":"Gremlin Leader","ascension_level":0}