{"gold_per_floor":[112,59,59,78,90,90,120,120,120,45,120,120,154,169,169,169],"floor_reached":16,"playtime":324,"items_purged":["Strike_B"],"score":216,"play_id":"a2b10447-443c-4ff9-a212-b2c5a95d801e","local_time":"20190506084130","is_ascension_mode":true,"campfire_choices":[{"data":"Fission","floor":6.0,"key":"SMITH"},{"data":"Darkness","floor":8.0,"key":"SMITH"},{"data":"Zap","floor":12.0,"key":"SMITH"},{"floor":15,"key":"REST"}],"neow_cost":"TEN_PERCENT_HP_LOSS","seed_source_timestamp":814904876506,"circlet_count":0,"master_deck":["AscendersBane","Strike_B","Strike_B","Defend_B","Defend_B","Defend_B","Zap+1","Dualcast+1","Turbo","Ball Lightning","Ball Lightning","Fission+1","Darkness+1","Core Surge"],"special_seed":0,"relics":["Cracked Core","Pear","Emotion Chip","Shuriken"],"potions_floor_usage":[14],"damage_taken":[{"damage":4.0,"enemies":"Jaw Worm","floor":1.0,"turns":4.0},{"damage":1.0,"enemies":"Cultist","floor":4.0,"turns":3.0},{"damage":10.0,"enemies":"Small Slimes","floor":5.0,"turns":3.0},{"damage":25.0,"enemies":"Lagavulin","floor":7.0,"turns":6.0},{"damage":15.0,"enemies":"3 Sentries","floor":13.0,"turns":5.0},{"damage":4,"enemies":"Blue Slaver","floor":14,"turns":3},{"damage":31,"enemies":"The Guardian","floor":16,"turns":2}],"seed_played":"1103513046516325378","potions_obtained":[{"floor":13.0,"key":"Weak Potion"},{"floor":14,"key":"LiquidBronze"}],"is_trial":false,"path_per_floor":["M","$","?","M","M","R","E","R","T","$","?","R","E","M","R","B"],"character_chosen":"DEFECT","items_purchased":["Ball Lightning"],"campfire_rested":1,"item_purchase_floors":[2],"current_hp_per_floor":[60,60,60,59,49,49,34,34,34,34,23,23,8,4,26,0],"gold":169,"neow_bonus":"REMOVE_TWO","is_prod":false,"is_daily":false,"chose_seed":false,"campfire_upgraded":3,"win_rate":0,"timestamp":1557103290,"path_taken":["M","$","?","M","M","R","E","R","T","?","?","R","E","M","R","BOSS"],"build_version":"2019-01-23","purchased_purges":1,"victory":false,"max_hp_per_floor":[64,64,64,64,64,64,74,74,74,74,74,74,74,74,74,74],"card_choices":[{"not_picked":["Go for the Eyes","Barrage"],"picked":"Turbo","floor":1.0},{"not_picked":["Sweeping Beam","Steam"],"picked":"Ball Lightning","floor":4.0},{"not_picked":["Sweeping Beam","Conserve Battery"],"picked":"Fission","floor":5.0},{"not_picked":["Ball Lightning","Auto Shields"],"picked":"Darkness","floor":7.0},{"not_picked":["Fusion","Leap","Blizzard"],"picked":"SKIP","floor":13.0},{"not_picked":["Go for the Eyes","Barrage"],"picked":"Core Surge","floor":14}],"player_experience":4608231,"relics_obtained":[{"floor":7.0,"key":"Pear"},{"floor":9.0,"key":"Emotion Chip"},{"floor":13.0,"key":"Shuriken"}],"event_choices":[{"damage_healed":0.0,"max_hp_gain":0.0,"max_hp_loss":0.0,"gold_gain":0.0,"event_name":"Upgrade Shrine","player_choice":"Upgraded","floor":3.0,"gold_loss":0.0,"damage_taken":0.0,"cards_upgraded":["Dualcast"]},{"damage_healed":0.0,"max_hp_gain":0.0,"max_hp_loss":0.0,"gold_gain":75.0,"event_name":"World of Goop","player_choice":"Gather Gold","floor":11.0,"gold_loss":0.0,"damage_taken":11.0}],"is_beta":false,"boss_relics":[],"items_purged_floors":[10],"is_endless":false,"potions_floor_spawned":[13,14],"killed_by":"The Guardian","ascension_level":20}