{"gold_per_floor":[119,134,33,108,108,108,140,140,166,166,9,28,58,74,74,145,145,158,158,258,274,287,287,162,173,196,196,216,243,255],"floor_reached":30,"playtime":1693,"items_purged":["Strike_B","Strike_B","Steam"],"score":566,"play_id":"a4ccad8c-4821-44a4-a6f8-f6b0bbf76638","local_time":"20190622125855","is_ascension_mode":true,"campfire_choices":[{"data":"Coolheaded","floor":6.0,"key":"SMITH"},{"data":"Dualcast","floor":8.0,"key":"SMITH"},{"data":"Zap","floor":10.0,"key":"SMITH"},{"data":"Coolheaded","floor":15.0,"key":"SMITH"},{"data":"Heatsinks","floor":23.0,"key":"SMITH"},{"data":"Hologram","floor":27.0,"key":"SMITH"}],"neow_cost":"NONE","seed_source_timestamp":0,"circlet_count":0,"master_deck":["AscendersBane","Defend_B+1","Defend_B","Zap+1","Dualcast+1","Undo+1","Ball Lightning","Coolheaded+1","Streamline","Turbo","Coolheaded+1","Seek","Echo Form","Heatsinks+1","Hologram+1","Self Repair"],"special_seed":0,"relics":["Nuclear Battery","WingedGreaves","DataDisk","War Paint","Empty Cage","Incense Burner","Bottled Tornado","Bag of Marbles","MawBank"],"potions_floor_usage":[30],"damage_taken":[{"damage":2.0,"enemies":"Cultist","floor":1.0,"turns":4.0},{"damage":3.0,"enemies":"2 Louse","floor":2.0,"turns":3.0},{"damage":0.0,"enemies":"Lagavulin","floor":7.0,"turns":8.0},{"damage":0.0,"enemies":"Jaw Worm","floor":12.0,"turns":3.0},{"damage":7.0,"enemies":"3 Sentries","floor":13.0,"turns":5.0},{"damage":0.0,"enemies":"Exordium Wildlife","floor":14.0,"turns":2.0},{"damage":17.0,"enemies":"Slime Boss","floor":16.0,"turns":10.0},{"damage":17.0,"enemies":"Chosen","floor":18.0,"turns":5.0},{"damage":8.0,"enemies":"Colosseum Slavers","floor":20.0,"turns":4.0},{"damage":5.0,"enemies":"Colosseum Nobs","floor":20.0,"turns":6.0},{"damage":0.0,"enemies":"Spheric Guardian","floor":21.0,"turns":5.0},{"damage":0.0,"enemies":"Shelled Parasite and Fungi","floor":22.0,"turns":6.0},{"damage":1.0,"enemies":"Snake Plant","floor":25.0,"turns":4.0},{"damage":16.0,"enemies":"Snecko","floor":28.0,"turns":8.0},{"damage":38.0,"enemies":"Slavers","floor":29.0,"turns":7.0},{"damage":19,"enemies":"Cultist and Chosen","floor":30,"turns":3}],"seed_played":"8531586453573899020","potions_obtained":[{"floor":1.0,"key":"EssenceOfSteel"},{"floor":13.0,"key":"Poison Potion"},{"floor":14.0,"key":"Fire Potion"},{"floor":20.0,"key":"Block Potion"},{"floor":22.0,"key":"Explosive Potion"},{"floor":29.0,"key":"EssenceOfSteel"}],"is_trial":false,"path_per_floor":["M","M","$","?","T","R","E","R","T","R","$","M","E","M","R","B",null,"M","?","?","M","M","R","$","M","T","R","M","E","M"],"character_chosen":"DEFECT","items_purchased":["Coolheaded","Streamline"],"campfire_rested":0,"item_purchase_floors":[3,11],"current_hp_per_floor":[62,59,59,48,48,48,48,48,48,48,48,48,41,41,41,24,59,42,42,29,36,50,50,50,56,56,56,47,16,0],"gold":255,"neow_bonus":"BOSS_RELIC","is_prod":false,"is_daily":false,"chose_seed":false,"campfire_upgraded":6,"win_rate":0,"timestamp":1561175935,"path_taken":["M","?","$","?","?","R","E","R","T","R","?","?","E","M","R","BOSS","M","?","?","M","M","R","$","M","T","R","M","E","M"],"build_version":"2019-01-23","purchased_purges":3,"victory":false,"max_hp_per_floor":[71,71,71,71,71,71,71,71,71,71,71,71,71,71,71,71,71,71,71,71,71,71,71,71,71,71,71,71,71,71],"card_choices":[{"not_picked":["Compile Driver","Redo"],"picked":"Undo","floor":1.0},{"not_picked":["Rebound","Beam Cell"],"picked":"Ball Lightning","floor":2.0},{"not_picked":["Leap","Cold Snap","Thunder Strike"],"picked":"SKIP","floor":7.0},{"not_picked":["Leap","Cold Snap","Thunder Strike"],"picked":"SKIP","floor":7.0},{"not_picked":["Genetic Algorithm","Sweeping Beam"],"picked":"Turbo","floor":12.0},{"not_picked":["All For One","Stack"],"picked":"Coolheaded","floor":13.0},{"not_picked":["Steam","Barrage"],"picked":"Seek","floor":14.0},{"not_picked":["Creative AI","Machine Learning"],"picked":"Echo Form","floor":16.0},{"not_picked":["Steam Power","Coolheaded"],"picked":"Heatsinks","floor":18.0},{"not_picked":["Sweeping Beam","Go for the Eyes"],"picked":"Self Repair","floor":20.0},{"not_picked":["Fusion","Doom and Gloom","Leap"],"picked":"SKIP","floor":21.0},{"not_picked":["Compile Driver+1","Stack","Loop"],"picked":"SKIP","floor":22.0},{"not_picked":["Leap","Undo","Steam"],"picked":"SKIP","floor":25.0},{"not_picked":["Beam Cell","Aggregate+1","Streamline+1"],"picked":"SKIP","floor":28.0},{"not_picked":["Reinforced Body","Undo","Leap"],"picked":"SKIP","floor":29.0}],"player_experience":609662,"relics_obtained":[{"floor":5.0,"key":"WingedGreaves"},{"floor":7.0,"key":"DataDisk"},{"floor":13.0,"key":"War Paint"},{"floor":20.0,"key":"Incense Burner"},{"floor":20.0,"key":"Bottled Tornado"},{"floor":26.0,"key":"Bag of Marbles"},{"floor":29.0,"key":"MawBank"}],"event_choices":[{"damage_healed":0.0,"max_hp_gain":0.0,"max_hp_loss":0.0,"gold_gain":75.0,"event_name":"World of Goop","player_choice":"Gather Gold","floor":4.0,"gold_loss":0.0,"damage_taken":11.0},{"damage_healed":0.0,"max_hp_gain":0.0,"max_hp_loss":0.0,"gold_gain":0.0,"cards_transformed":["Defend_B","Defend_B"],"event_name":"Drug Dealer","player_choice":"Became Test Subject","floor":19.0,"gold_loss":0.0,"damage_taken":0.0,"cards_obtained":["Hologram","Steam"]},{"damage_healed":0.0,"max_hp_gain":0.0,"max_hp_loss":0.0,"gold_gain":0.0,"event_name":"Colosseum","player_choice":"Fight","floor":20.0,"gold_loss":0.0,"damage_taken":0.0},{"damage_healed":0.0,"max_hp_gain":0.0,"max_hp_loss":0.0,"gold_gain":0.0,"event_name":"Colosseum","player_choice":"Fought Nobs","floor":20.0,"gold_loss":0.0,"damage_taken":0.0}],"is_beta":false,"boss_relics":[{"not_picked":["Tiny House","Sozu"],"picked":"Empty Cage"}],"items_purged_floors":[3,11,24],"is_endless":false,"potions_floor_spawned":[1,13,14,18,20,22,29],"killed_by":"Cultist and Chosen","ascension_level":20}