{"gold_per_floor":[115,40,115,15,15,15,290,290,314,325,354,11,11,23,23,23],"floor_reached":16,"playtime":139,"items_purged":["Strike_R","Strike_R","Regret"],"score":242,"play_id":"dd2c3502-a7de-4012-85f3-98f9d006e8b1","local_time":"20190413172603","is_ascension_mode":true,"campfire_choices":[{"data":"Armaments","floor":6.0,"key":"SMITH"},{"data":"Bash","floor":8.0,"key":"SMITH"},{"data":"Metallicize","floor":15,"key":"SMITH"}],"neow_cost":"NONE","seed_source_timestamp":20426548225888,"circlet_count":0,"master_deck":["AscendersBane","Strike_R","Strike_R","Defend_R","Defend_R","Defend_R","Defend_R","Bash+1","Armaments+1","Metallicize+1","Dual Wield","Flame Barrier"],"special_seed":0,"relics":["Burning Blood","NeowsBlessing","Omamori","Potion Belt","Toolbox"],"potions_floor_usage":[],"damage_taken":[{"damage":0.0,"enemies":"2 Louse","floor":1.0,"turns":1.0},{"damage":0.0,"enemies":"Small Slimes","floor":10.0,"turns":2.0},{"damage":0.0,"enemies":"Gremlin Nob","floor":11.0,"turns":1.0},{"damage":3,"enemies":"Cultist","floor":14,"turns":4},{"damage":0,"enemies":"Hexaghost","floor":16,"turns":1}],"seed_played":"-4588289353691259431","potions_obtained":[{"floor":11.0,"key":"Ancient Potion"}],"is_trial":false,"path_per_floor":["M","$","?","$","?","R","?","R","T","M","E","$","?","M","R","B"],"character_chosen":"IRONCLAD","items_purchased":["Toolbox"],"campfire_rested":0,"item_purchase_floors":[12],"current_hp_per_floor":[74,74,63,63,63,63,63,63,63,69,75,75,75,75,75,75],"gold":23,"neow_bonus":"THREE_ENEMY_KILL","is_prod":false,"is_daily":false,"chose_seed":false,"campfire_upgraded":3,"win_rate":0,"timestamp":1555147563,"path_taken":["M","$","?","$","?","R","?","R","T","?","E","$","?","M","R","BOSS"],"build_version":"2019-01-23","purchased_purges":3,"victory":false,"max_hp_per_floor":[75,75,75,75,75,75,75,75,75,75,75,75,75,75,75,75],"card_choices":[{"not_picked":["Flex","Havoc"],"picked":"Armaments","floor":1.0},{"not_picked":["Iron Wave","Warcry","Sentinel"],"picked":"SKIP","floor":10.0},{"not_picked":["Warcry","Flame Barrier"],"picked":"Metallicize","floor":11.0},{"not_picked":["Cleave","Sword Boomerang"],"picked":"Flame Barrier","floor":14}],"player_experience":4251233,"relics_obtained":[{"floor":9.0,"key":"Omamori"},{"floor":11.0,"key":"Potion Belt"}],"event_choices":[{"damage_healed":0.0,"max_hp_gain":0.0,"max_hp_loss":0.0,"gold_gain":75.0,"event_name":"World of Goop","player_choice":"Gather Gold","floor":3.0,"gold_loss":0.0,"damage_taken":11.0},{"damage_healed":0.0,"max_hp_gain":0.0,"max_hp_loss":0.0,"gold_gain":0.0,"event_name":"The Cleric","player_choice":"Leave","floor":5.0,"gold_loss":0.0,"damage_taken":0.0},{"damage_healed":0.0,"max_hp_gain":0.0,"max_hp_loss":0.0,"gold_gain":275.0,"event_name":"Golden Shrine","player_choice":"Desecrate","floor":7.0,"gold_loss":0.0,"damage_taken":0.0,"cards_obtained":["Regret"]},{"damage_healed":0,"gold_gain":0,"cards_transformed":["Strike_R"],"player_choice":"Transformed","damage_taken":0,"max_hp_gain":0,"max_hp_loss":0,"event_name":"Transmorgrifier","floor":13,"gold_loss":0,"cards_obtained":["Dual Wield"]}],"is_beta":false,"boss_relics":[],"items_purged_floors":[2,4,12],"is_endless":false,"potions_floor_spawned":[11],"killed_by":"Hexaghost","ascension_level":20}