{"gold_per_floor":[112,112,53,53,68,68,93,93,93,93,118,136,166,166,166,240,240,216,85,104,120,0,0,0,0,26,26,26,41,61,61,61,133,133,143,159,26,39,0,0,31,31,80,30,30,45,58,58,58,58,58,58,58,8,40,40],"floor_reached":57,"playtime":3525,"items_purged":["Strike_B","Defend_B","Rip and Tear","Defend_B"],"score":2817,"play_id":"8c2435d5-9389-4065-b639-bf445b87957c","local_time":"20190309225719","is_ascension_mode":true,"campfire_choices":[{"data":"Rip and Tear","floor":6.0,"key":"SMITH"},{"data":"Dualcast","floor":8.0,"key":"SMITH"},{"data":"Hologram","floor":10.0,"key":"SMITH"},{"data":"Buffer","floor":15.0,"key":"SMITH"},{"data":"Defragment","floor":23.0,"key":"SMITH"},{"floor":25,"key":"REST"},{"data":"Coolheaded","floor":28,"key":"SMITH"},{"data":"Defragment","floor":32,"key":"SMITH"},{"data":"Defragment","floor":40,"key":"SMITH"},{"data":"Reinforced Body","floor":42,"key":"SMITH"},{"floor":45,"key":"RECALL"},{"data":"Heatsinks","floor":49,"key":"SMITH"},{"data":"White Noise","floor":53,"key":"SMITH"}],"neow_cost":"TEN_PERCENT_HP_LOSS","seed_source_timestamp":35425367189137,"circlet_count":0,"master_deck":["AscendersBane","Defend_B","Zap","Dualcast+1","Coolheaded+1","Rip and Tear+1","Hologram+1","Buffer+1","Heatsinks+1","Creative AI","Reinforced Body+1","Defragment+1","White Noise+1","Self Repair","Leap","Defragment+1","Echo Form","Defragment+1","Chill"],"special_seed":0,"relics":["Cracked Core","Smiling Mask","Bronze Scales","Happy Flower","Sozu","Ancient Tea Set","Busted Crown","Red Mask","DataDisk","Juzu Bracelet","Letter Opener"],"potions_floor_usage":[],"damage_taken":[{"damage":1.0,"enemies":"Cultist","floor":1.0,"turns":3.0},{"damage":0.0,"enemies":"Jaw Worm","floor":5.0,"turns":4.0},{"damage":10.0,"enemies":"Lagavulin","floor":7.0,"turns":7.0},{"damage":0.0,"enemies":"Gremlin Nob","floor":11.0,"turns":3.0},{"damage":0.0,"enemies":"Small Slimes","floor":12.0,"turns":3.0},{"damage":28.0,"enemies":"3 Sentries","floor":13.0,"turns":6.0},{"damage":0.0,"enemies":"The Guardian","floor":16.0,"turns":10.0},{"damage":5.0,"enemies":"2 Thieves","floor":18.0,"turns":5.0},{"damage":14.0,"enemies":"3 Byrds","floor":20.0,"turns":4.0},{"damage":31.0,"enemies":"Cultist and Chosen","floor":21.0,"turns":7.0},{"damage":21,"enemies":"Shelled Parasite and Fungi","floor":29,"turns":8},{"damage":5,"enemies":"Snecko","floor":30,"turns":6},{"damage":0,"enemies":"Champ","floor":33,"turns":14},{"damage":53,"enemies":"3 Darklings","floor":35,"turns":6},{"damage":0,"enemies":"3 Shapes","floor":36,"turns":5},{"damage":14,"enemies":"Sphere and 2 Shapes","floor":38,"turns":7},{"damage":0,"enemies":"Nemesis","floor":41,"turns":7},{"damage":0,"enemies":"Transient","floor":46,"turns":6},{"damage":0,"enemies":"Maw","floor":47,"turns":8},{"damage":15,"enemies":"Donu and Deca","floor":50,"turns":7},{"damage":18,"enemies":"Time Eater","floor":51,"turns":10},{"damage":60,"enemies":"Shield and Spear","floor":55,"turns":8},{"damage":16,"enemies":"The Heart","floor":56,"turns":12}],"seed_played":"-8555915061277143595","potions_obtained":[{"floor":1.0,"key":"FearPotion"},{"floor":5.0,"key":"SpeedPotion"},{"floor":7.0,"key":"Poison Potion"}],"is_trial":false,"path_per_floor":["M","?","$","?","M","R","E","R","T","R","E","M","E","?","R","B",null,"M","$","M","M","?","R","?","R","T","$","R","M","M","?","R","B",null,"M","M","$","M","?","R","E","R","T","$","R","M","M","?","R","B","B",null,"R","$","E","B",null],"character_chosen":"DEFECT","items_purchased":["Coolheaded","Defragment","Defragment"],"campfire_rested":1,"item_purchase_floors":[3,19,37],"current_hp_per_floor":[63,56,56,56,56,56,46,46,46,46,46,46,18,18,18,18,53,48,48,34,3,3,3,3,22,22,22,22,15,17,74,74,74,74,35,42,42,35,35,35,49,49,49,49,49,56,70,70,70,62,58,67,67,67,21,12],"gold":40,"neow_bonus":"REMOVE_TWO","is_prod":false,"is_daily":false,"chose_seed":false,"campfire_upgraded":11,"win_rate":0,"timestamp":1552143439,"path_taken":["M","?","$","?","M","R","E","R","T","R","E","?","E","?","R","BOSS","M","$","M","M","?","R","?","R","T","$","R","M","M","?","R","BOSS","M","?","$","M","?","R","E","R","T","$","R","M","M","?","R","BOSS","BOSS","R","$","E","BOSS"],"build_version":"2019-01-23","purchased_purges":4,"victory":true,"max_hp_per_floor":[64,64,64,64,64,64,64,64,64,64,64,64,64,64,64,64,64,64,64,64,64,64,64,64,64,64,64,64,64,64,74,74,74,74,74,74,74,74,74,74,74,74,74,74,74,74,74,70,70,70,70,70,70,70,70,70],"card_choices":[{"not_picked":["Fusion","Conserve Battery"],"picked":"Cold Snap","floor":1.0},{"not_picked":["Force Field","Leap","Sweeping Beam"],"picked":"SKIP","floor":5.0},{"not_picked":["Streamline","Gash"],"picked":"Hologram","floor":7.0},{"not_picked":["Cold Snap","Stack"],"picked":"Ball Lightning","floor":11.0},{"not_picked":["Redo","Coolheaded"],"picked":"Buffer","floor":12.0},{"not_picked":["Melter","Stack","Streamline"],"picked":"SKIP","floor":13.0},{"not_picked":["Thunder Strike","Fission"],"picked":"Creative AI","floor":16.0},{"not_picked":["Leap","Rebound"],"picked":"Reinforced Body","floor":18.0},{"not_picked":["Auto Shields","Hello World"],"picked":"White Noise","floor":20.0},{"not_picked":["Capacitor+1","Redo"],"picked":"Self Repair","floor":21.0},{"not_picked":["Barrage","Beam Cell","Tempest"],"picked":"SKIP","floor":29},{"not_picked":["Machine Learning","Reprogram"],"picked":"Defragment","floor":30},{"not_picked":["Seek","Reboot"],"picked":"Echo Form","floor":33},{"not_picked":["Cold Snap"],"picked":"SKIP","floor":35},{"not_picked":["Leap"],"picked":"SKIP","floor":36},{"not_picked":[],"picked":"Chill","floor":38},{"not_picked":["Rip and Tear"],"picked":"SKIP","floor":41},{"not_picked":["Static Discharge"],"picked":"SKIP","floor":46},{"not_picked":["Ball Lightning"],"picked":"SKIP","floor":47},{"not_picked":["Sweeping Beam"],"picked":"SKIP","floor":55}],"player_experience":3448593,"relics_obtained":[{"floor":7.0,"key":"Smiling Mask"},{"floor":11.0,"key":"Bronze Scales"},{"floor":13.0,"key":"Happy Flower"},{"floor":26,"key":"Ancient Tea Set"},{"floor":41,"key":"DataDisk"},{"floor":43,"key":"Juzu Bracelet"},{"floor":55,"key":"Letter Opener"}],"event_choices":[{"cards_removed":["Strike_B"],"damage_healed":0.0,"max_hp_gain":0.0,"max_hp_loss":0.0,"gold_gain":0.0,"event_name":"Golden Wing","player_choice":"Card Removal","floor":2.0,"gold_loss":0.0,"damage_taken":7.0},{"damage_healed":0.0,"max_hp_gain":0.0,"max_hp_loss":0.0,"gold_gain":0.0,"event_name":"Match and Keep!","player_choice":"2 cards matched","floor":4.0,"gold_loss":0.0,"damage_taken":0.0,"cards_obtained":["Rip and Tear","Rainbow"]},{"damage_healed":0.0,"max_hp_gain":0.0,"max_hp_loss":0.0,"gold_gain":0.0,"cards_transformed":["Cold Snap"],"event_name":"Living Wall","player_choice":"Change","floor":14.0,"gold_loss":0.0,"damage_taken":0.0,"cards_obtained":["Heatsinks"]},{"damage_healed":0.0,"max_hp_gain":0.0,"max_hp_loss":0.0,"gold_gain":0.0,"event_name":"Masked Bandits","player_choice":"Paid Fearfully","floor":22.0,"gold_loss":120.0,"damage_taken":0.0},{"damage_healed":0,"gold_gain":0,"cards_transformed":["Defend_B","Ball Lightning"],"player_choice":"Became Test Subject","damage_taken":0,"max_hp_gain":0,"max_hp_loss":0,"event_name":"Drug Dealer","floor":24,"gold_loss":0,"cards_obtained":["Leap","Rip and Tear"]},{"cards_removed":["Rainbow"],"damage_healed":47,"gold_gain":0,"player_choice":"Offered Rare","damage_taken":0,"max_hp_gain":10,"max_hp_loss":0,"event_name":"Bonfire Elementals","floor":31,"gold_loss":0},{"damage_healed":0,"gold_gain":0,"player_choice":"Paid","damage_taken":0,"relics_obtained":["Red Mask"],"max_hp_gain":0,"max_hp_loss":0,"event_name":"Tomb of Lord Red Mask","floor":39,"gold_loss":39},{"damage_healed":0,"gold_gain":0,"player_choice":"Max HP","damage_taken":0,"max_hp_gain":0,"max_hp_loss":4,"event_name":"Winding Halls","floor":48,"gold_loss":0}],"is_beta":false,"boss_relics":[{"not_picked":["Inserter","Lizard Tail"],"picked":"Sozu"},{"not_picked":["Fusion Hammer","Velvet Choker"],"picked":"Busted Crown"}],"items_purged_floors":[19,37,44,54],"is_endless":false,"potions_floor_spawned":[1,5,7,21,30,33,35,47,55],"ascension_level":20}