{"gold_per_floor":[118,118,21,21,96,124,124,124,150,150,64,90,90,121,121,197,197,217,229,229],"floor_reached":20,"playtime":543,"items_purged":[],"score":402,"play_id":"b1adb837-d780-46e4-84d7-d5904fc15e51","local_time":"20190225233329","is_ascension_mode":true,"campfire_choices":[{"data":"Defragment","floor":7.0,"key":"SMITH"},{"floor":10.0,"key":"REST"},{"data":"Defragment","floor":13.0,"key":"SMITH"},{"data":"Creative AI","floor":15.0,"key":"SMITH"}],"neow_cost":"NONE","seed_source_timestamp":40218777228799,"circlet_count":0,"master_deck":["AscendersBane","Strike_B+1","Defend_B","Defend_B","Defend_B","Defend_B","Zap+1","Dualcast","Melter+1","Chill","Defragment+1","Ball Lightning+1","Consume","Defragment+1","Creative AI+1","Sunder+1"],"special_seed":0,"relics":["Cracked Core","Bronze Scales","Juzu Bracelet","Whetstone","Nuclear Battery"],"potions_floor_usage":[18,20],"damage_taken":[{"damage":0.0,"enemies":"2 Louse","floor":1.0,"turns":2.0},{"damage":24.0,"enemies":"Lagavulin","floor":6.0,"turns":7.0},{"damage":0.0,"enemies":"3 Sentries","floor":14.0,"turns":8.0},{"damage":8,"enemies":"Hexaghost","floor":16,"turns":8},{"damage":38,"enemies":"Chosen","floor":18,"turns":5},{"damage":20,"enemies":"Shell Parasite","floor":19,"turns":3},{"damage":0,"enemies":"Shelled Parasite and Fungi","floor":20,"turns":1}],"seed_played":"-8756776583027153476","potions_obtained":[{"floor":1.0,"key":"Regen Potion"},{"floor":14.0,"key":"FocusPotion"},{"floor":19,"key":"GamblersBrew"}],"is_trial":false,"path_per_floor":["M","?","$","?","?","E","R","?","T","R","$","T","R","E","R","B",null,"M","M","M"],"character_chosen":"DEFECT","items_purchased":["Defragment","Ball Lightning","Defragment"],"campfire_rested":1,"item_purchase_floors":[3,3,11],"current_hp_per_floor":[64,43,43,43,32,8,8,1,1,22,22,22,22,22,22,14,57,31,11,11],"gold":229,"neow_bonus":"TRANSFORM_CARD","is_prod":false,"is_daily":false,"chose_seed":false,"campfire_upgraded":3,"win_rate":0,"timestamp":1551108809,"path_taken":["M","?","$","?","?","E","R","?","T","R","?","?","R","E","R","BOSS","M","M","M"],"build_version":"2019-01-23","purchased_purges":0,"victory":false,"max_hp_per_floor":[71,71,71,71,71,71,71,71,71,71,71,71,71,71,71,71,71,71,71,71],"card_choices":[{"not_picked":["Rip and Tear","Streamline"],"picked":"Chill","floor":1.0},{"not_picked":["Aggregate","Heatsinks","Beam Cell"],"picked":"SKIP","floor":6.0},{"not_picked":["Redo","Melter"],"picked":"Creative AI","floor":14.0},{"not_picked":["Static Discharge","Rebound","Ball Lightning"],"picked":"SKIP","floor":18},{"not_picked":["Loop","Turbo"],"picked":"Sunder+1","floor":19}],"player_experience":3145428,"relics_obtained":[{"floor":6.0,"key":"Bronze Scales"},{"floor":9.0,"key":"Juzu Bracelet"},{"floor":14.0,"key":"Whetstone"}],"event_choices":[{"damage_healed":0.0,"max_hp_gain":0.0,"max_hp_loss":0.0,"gold_gain":0.0,"event_name":"Shining Light","player_choice":"Entered Light","floor":2.0,"gold_loss":0.0,"damage_taken":21.0,"cards_upgraded":["Zap","Melter"]},{"damage_healed":0.0,"max_hp_gain":0.0,"max_hp_loss":0.0,"gold_gain":0.0,"cards_transformed":["Strike_B"],"event_name":"Living Wall","player_choice":"Change","floor":4.0,"gold_loss":0.0,"damage_taken":0.0,"cards_obtained":["Consume"]},{"damage_healed":0.0,"max_hp_gain":0.0,"max_hp_loss":0.0,"gold_gain":75.0,"event_name":"World of Goop","player_choice":"Gather Gold","floor":5.0,"gold_loss":0.0,"damage_taken":11.0},{"cards_removed":["Strike_B"],"damage_healed":0.0,"max_hp_gain":0.0,"max_hp_loss":0.0,"gold_gain":0.0,"event_name":"Golden Wing","player_choice":"Card Removal","floor":8.0,"gold_loss":0.0,"damage_taken":7.0}],"is_beta":false,"boss_relics":[{"not_picked":["White Beast Statue","Eternal Feather"],"picked":"Nuclear Battery"}],"items_purged_floors":[],"is_endless":false,"potions_floor_spawned":[1,14,16,19],"killed_by":"Shelled Parasite and Fungi","ascension_level":20}