{"gold_per_floor":[366,382,35,35,45,45,64,82,82,113,113,10,24,24,24,123,123,137,137,8,20,39,39,39,39,62,78,78,91,41,53,53,156,156,166,116,116,132,152,152,169,169,169,169,169,185,201,212,212,212],"floor_reached":51,"playtime":1711,"items_purged":["Shame","Strike_G","Strike_G","Defend_G","Strike_G"],"score":653,"play_id":"af0074c5-d2ad-4647-aa13-89369996788d","local_time":"20181020135445","is_ascension_mode":false,"campfire_choices":[{"data":"Glass Knife","floor":6.0,"key":"SMITH"},{"data":"Well Laid Plans","floor":11.0,"key":"SMITH"},{"data":"Poisoned Stab","floor":15.0,"key":"SMITH"},{"data":"Glass Knife","floor":23.0,"key":"SMITH"},{"data":"Footwork","floor":28,"key":"SMITH"},{"data":"Malaise","floor":32,"key":"SMITH"},{"data":"Neutralize","floor":40,"key":"SMITH"},{"data":"Defend_G","floor":42,"key":"SMITH"},{"data":"Strike_G","floor":45,"key":"PURGE"},{"floor":49,"key":"REST"}],"neow_cost":"CURSE","seed_source_timestamp":11772316066162,"circlet_count":0,"master_deck":["Defend_G+1","Defend_G","Defend_G","Survivor","Neutralize+1","Well Laid Plans+1","Glass Knife+1","Poisoned Stab+1","Glass Knife+1","Footwork+1","Deadly Poison+1","Malaise+1","Venomology","Envenom","Bouncing Flask+1","Noxious Fumes+1"],"special_seed":0,"relics":["Ring of the Snake","TwistedFunnel","Regal Pillow","Smiling Mask","Runic Pyramid","Strawberry","Sozu","Torii","Peace Pipe"],"potions_floor_usage":[46,47],"damage_taken":[{"damage":3.0,"enemies":"Small Slimes","floor":1.0,"turns":6.0},{"damage":1.0,"enemies":"Cultist","floor":2.0,"turns":4.0},{"damage":0.0,"enemies":"2 Louse","floor":5.0,"turns":2.0},{"damage":0.0,"enemies":"Exordium Wildlife","floor":7.0,"turns":3.0},{"damage":0.0,"enemies":"Red Slaver","floor":8.0,"turns":3.0},{"damage":11.0,"enemies":"Lagavulin","floor":10.0,"turns":6.0},{"damage":0.0,"enemies":"Exordium Thugs","floor":13.0,"turns":4.0},{"damage":41.0,"enemies":"The Guardian","floor":16.0,"turns":10.0},{"damage":0.0,"enemies":"Shell Parasite","floor":18.0,"turns":6.0},{"damage":0.0,"enemies":"3 Byrds","floor":21.0,"turns":4.0},{"damage":0.0,"enemies":"Shelled Parasite and Fungi","floor":22.0,"turns":8.0},{"damage":8,"enemies":"Snake Plant","floor":27,"turns":4},{"damage":0,"enemies":"Snecko","floor":29,"turns":4},{"damage":2,"enemies":"Shelled Parasite and Fungi","floor":31,"turns":5},{"damage":52,"enemies":"Automaton","floor":33,"turns":15},{"damage":6,"enemies":"3 Darklings","floor":35,"turns":5},{"damage":3,"enemies":"Orb Walker","floor":38,"turns":4},{"damage":12,"enemies":"Jaw Worm Horde","floor":39,"turns":4},{"damage":10,"enemies":"Writhing Mass","floor":41,"turns":6},{"damage":0,"enemies":"Mind Bloom Boss Battle","floor":44,"turns":4},{"damage":21,"enemies":"3 Darklings","floor":46,"turns":5},{"damage":1,"enemies":"4 Shapes","floor":47,"turns":3},{"damage":3,"enemies":"Writhing Mass","floor":48,"turns":6},{"damage":6,"enemies":"Time Eater","floor":50,"turns":14}],"seed_played":"-537501756244402310","potions_obtained":[{"floor":1.0,"key":"Dexterity Potion"},{"floor":7.0,"key":"Dexterity Potion"},{"floor":8.0,"key":"Explosive Potion"},{"floor":16.0,"key":"Explosive Potion"},{"floor":27,"key":"Weak Potion"}],"is_trial":false,"path_per_floor":["M","M","$","?","M","R","M","M","T","E","R","$","M","?","R","B",null,"M","?","$","M","M","R","?","$","T","M","R","M","$","M","R","B",null,"M","$","?","M","M","R","M","R","T","?","R","M","M","M","R","B"],"character_chosen":"THE_SILENT","items_purchased":["Well Laid Plans","TwistedFunnel","Poisoned Stab","Footwork"],"campfire_rested":1,"item_purchase_floors":[3,3,12,20],"current_hp_per_floor":[67,66,66,66,66,66,66,66,66,55,55,55,55,55,55,14,70,70,70,70,70,70,70,70,70,77,69,69,69,69,67,67,15,77,71,71,71,68,56,56,46,46,46,46,46,25,24,21,59,53],"gold":212,"neow_bonus":"TWO_FIFTY_GOLD","is_prod":false,"is_daily":false,"chose_seed":false,"campfire_upgraded":8,"win_rate":0,"timestamp":1540014885,"path_taken":["M","M","$","?","?","R","M","M","T","E","R","$","M","?","R","BOSS","M","?","$","M","M","R","?","?","T","M","R","M","$","?","R","BOSS","M","$","?","?","M","R","M","R","T","?","R","M","M","M","R","BOSS"],"build_version":"2018-10-18","purchased_purges":5,"victory":true,"max_hp_per_floor":[70,70,70,70,70,70,70,70,70,70,70,70,70,70,70,70,70,70,70,70,70,70,70,70,70,77,77,77,77,77,77,77,77,77,77,77,77,77,77,77,77,77,77,77,77,77,77,77,77,77],"card_choices":[{"not_picked":["Endless Agony","PiercingWail","Blade Dance"],"picked":"SKIP","floor":1.0},{"not_picked":["Acrobatics","Dagger Throw","Concentrate"],"picked":"SKIP","floor":2.0},{"not_picked":["Cloak And Dagger","Caltrops","Flying Knee"],"picked":"SKIP","floor":5.0},{"not_picked":["Acrobatics","Flying Knee","Prepared"],"picked":"SKIP","floor":7.0},{"not_picked":["Acrobatics","Sucker Punch","Prepared"],"picked":"SKIP","floor":8.0},{"not_picked":["Dash","Bane","Phantasmal Killer"],"picked":"SKIP","floor":10.0},{"not_picked":["Finisher","PiercingWail","Quick Slash"],"picked":"SKIP","floor":13.0},{"not_picked":["Envenom","Storm of Steel"],"picked":"Glass Knife","floor":16.0},{"not_picked":["Quick Slash","Dagger Spray","Eviscerate"],"picked":"SKIP","floor":18.0},{"not_picked":["Acrobatics","Slice+1","Infinite Blades"],"picked":"SKIP","floor":21.0},{"not_picked":["Bane","Blur"],"picked":"Deadly Poison+1","floor":22.0},{"not_picked":["Quick Slash","Sucker Punch","Predator"],"picked":"SKIP","floor":27},{"not_picked":["Flying Knee","Riddle With Holes","Acrobatics"],"picked":"SKIP","floor":29},{"not_picked":["Tactician","Blade Dance"],"picked":"Malaise","floor":31},{"not_picked":["A Thousand Cuts","Storm of Steel"],"picked":"Venomology","floor":33},{"not_picked":["Heel Hook+1","Finisher+1","Riddle With Holes+1"],"picked":"SKIP","floor":35},{"not_picked":["Reflex+1","Backstab","Caltrops+1"],"picked":"SKIP","floor":38},{"not_picked":["Blade Dance+1","Bane","Skewer"],"picked":"SKIP","floor":39},{"not_picked":["Cloak And Dagger","Poisoned Stab"],"picked":"Envenom","floor":41},{"not_picked":["Setup","Outmaneuver"],"picked":"Bouncing Flask+1","floor":44},{"not_picked":["Prepared+1","Cloak And Dagger+1"],"picked":"Noxious Fumes+1","floor":46},{"not_picked":["Setup+1","Cloak And Dagger","Well Laid Plans"],"picked":"SKIP","floor":47},{"not_picked":["Tactician","Flying Knee","Expertise"],"picked":"SKIP","floor":48}],"player_experience":397931,"relics_obtained":[{"floor":9.0,"key":"Regal Pillow"},{"floor":10.0,"key":"Smiling Mask"},{"floor":26.0,"key":"Strawberry"},{"floor":43,"key":"Torii"},{"floor":44,"key":"Peace Pipe"}],"event_choices":[{"damage_healed":0.0,"max_hp_gain":0.0,"max_hp_loss":0.0,"gold_gain":0.0,"event_name":"Match and Keep!","player_choice":"1 cards matched","floor":4.0,"gold_loss":0.0,"damage_taken":0.0,"cards_obtained":["Glass Knife"]},{"cards_removed":["Defend_G"],"damage_healed":0.0,"max_hp_gain":0.0,"max_hp_loss":0.0,"gold_gain":0.0,"event_name":"Living Wall","player_choice":"Forget","floor":14.0,"gold_loss":0.0,"damage_taken":0.0},{"damage_healed":0.0,"max_hp_gain":0.0,"max_hp_loss":0.0,"gold_gain":0.0,"event_name":"Wheel of Change","player_choice":"Full Heal","floor":19.0,"gold_loss":0.0,"damage_taken":0.0},{"damage_healed":0.0,"max_hp_gain":0.0,"max_hp_loss":0.0,"gold_gain":0.0,"event_name":"Vampires","player_choice":"Ignored","floor":24.0,"gold_loss":0.0,"damage_taken":0.0},{"cards_removed":["Strike_G"],"damage_healed":0,"gold_gain":0,"player_choice":"Removed Attack","damage_taken":0,"max_hp_gain":0,"max_hp_loss":0,"event_name":"Falling","floor":37,"gold_loss":0},{"damage_healed":0,"gold_gain":0,"player_choice":"Fight","damage_taken":0,"max_hp_gain":0,"max_hp_loss":0,"event_name":"MindBloom","floor":44,"gold_loss":0}],"is_beta":false,"boss_relics":[{"not_picked":["Fusion Hammer","Velvet Choker"],"picked":"Runic Pyramid"},{"not_picked":["Runic Dome","Calling Bell"],"picked":"Sozu"}],"items_purged_floors":[3,12,20,30,36],"is_endless":false,"potions_floor_spawned":[1,7,8,16,27,33,38,41,44,46],"ascension_level":0}