{"gold_per_floor":[110,110,110,126,136,136,164,164,190,215,215,241,257,257,257,333,333,353,377,395,410,410,410,58,88,113,138,138,164,198,198,198,275,275,290,290,80,95,105,136,148,160,172,85,105,134,34,62,62,62,62,62,62,9,40,40],"floor_reached":57,"playtime":3191,"items_purged":["Strike_B","Defend_B"],"score":3399,"play_id":"689942e6-6c9e-4169-89f7-169a00320a41","local_time":"20190324122837","is_ascension_mode":true,"campfire_choices":[{"data":"Apotheosis","floor":6.0,"key":"SMITH"},{"floor":8.0,"key":"REST"},{"data":"Capacitor","floor":11.0,"key":"SMITH"},{"data":"Self Repair","floor":15.0,"key":"SMITH"},{"floor":23.0,"key":"REST"},{"data":"Heatsinks","floor":28.0,"key":"SMITH"},{"floor":32.0,"key":"RECALL"},{"data":"Biased Cognition","floor":41.0,"key":"SMITH"},{"data":"Skim","floor":49.0,"key":"SMITH"},{"data":"Coolheaded","floor":53.0,"key":"SMITH"}],"neow_cost":"TEN_PERCENT_HP_LOSS","seed_source_timestamp":4013837644981,"circlet_count":0,"master_deck":["AscendersBane","Defend_B","Defend_B","Defend_B","Zap","Dualcast","Forethought","Apotheosis+1","Consume","Capacitor+1","Streamline","Genetic Algorithm","Self Repair+1","Genetic Algorithm","Electrodynamics","Coolheaded+1","Go for the Eyes","Biased Cognition+1","Chaos","Skim+1","Heatsinks+1","Turbo","Amplify","Core Surge","Coolheaded","Purity"],"special_seed":0,"relics":["Cracked Core","Potion Belt","Bag of Preparation","Bag of Marbles","Emotion Chip","Runic Pyramid","Vajra","Nilry\u0027s Codex","Regal Pillow","Anchor","Lantern","Red Mask","Pear","Coffee Dripper","Runic Capacitor","MawBank","Bronze Scales","Boot","Bottled Flame"],"potions_floor_usage":[56,56,56,56,56,56],"damage_taken":[{"damage":8.0,"enemies":"2 Louse","floor":1.0,"turns":2.0},{"damage":2.0,"enemies":"Cultist","floor":4.0,"turns":4.0},{"damage":16.0,"enemies":"Small Slimes","floor":5.0,"turns":3.0},{"damage":16.0,"enemies":"Lagavulin","floor":7.0,"turns":6.0},{"damage":15.0,"enemies":"3 Sentries","floor":10.0,"turns":6.0},{"damage":12.0,"enemies":"Lagavulin","floor":12.0,"turns":6.0},{"damage":7.0,"enemies":"Red Slaver","floor":13.0,"turns":5.0},{"damage":12.0,"enemies":"The Guardian","floor":16.0,"turns":10.0},{"damage":0.0,"enemies":"3 Byrds","floor":18.0,"turns":2.0},{"damage":0.0,"enemies":"Spheric Guardian","floor":20.0,"turns":5.0},{"damage":19.0,"enemies":"Snake Plant","floor":21.0,"turns":5.0},{"damage":12.0,"enemies":"Slavers","floor":25.0,"turns":4.0},{"damage":8.0,"enemies":"Gremlin Leader","floor":27.0,"turns":6.0},{"damage":0.0,"enemies":"Masked Bandits","floor":29.0,"turns":3.0},{"damage":0.0,"enemies":"Book of Stabbing","floor":30.0,"turns":5.0},{"damage":0.0,"enemies":"Champ","floor":33.0,"turns":10.0},{"damage":0.0,"enemies":"Orb Walker","floor":35.0,"turns":4.0},{"damage":0.0,"enemies":"3 Darklings","floor":38.0,"turns":4.0},{"damage":0.0,"enemies":"Sphere and 2 Shapes","floor":39.0,"turns":3.0},{"damage":0.0,"enemies":"Nemesis","floor":40.0,"turns":5.0},{"damage":0.0,"enemies":"Transient","floor":45.0,"turns":6.0},{"damage":0.0,"enemies":"Reptomancer","floor":46.0,"turns":3.0},{"damage":0.0,"enemies":"Giant Head","floor":48.0,"turns":7.0},{"damage":0.0,"enemies":"Donu and Deca","floor":50.0,"turns":6.0},{"damage":0.0,"enemies":"Awakened One","floor":51.0,"turns":8.0},{"damage":20.0,"enemies":"Shield and Spear","floor":55.0,"turns":5.0},{"damage":31,"enemies":"The Heart","floor":56,"turns":7}],"seed_played":"-8386531596076682721","potions_obtained":[{"floor":3.0,"key":"Fire Potion"},{"floor":3.0,"key":"Regen Potion"},{"floor":4.0,"key":"SpeedPotion"},{"floor":7.0,"key":"Fire Potion"},{"floor":10.0,"key":"Block Potion"},{"floor":12.0,"key":"Fire Potion"},{"floor":25.0,"key":"EntropicBrew"},{"floor":29.0,"key":"Regen Potion"},{"floor":30.0,"key":"FocusPotion"},{"floor":38.0,"key":"SpeedPotion"},{"floor":40.0,"key":"GamblersBrew"}],"is_trial":false,"path_per_floor":["M","?","?","M","M","R","E","R","T","E","R","E","M","?","R","B",null,"M","T","M","M","?","R","$","E","T","E","R","?","E","?","R","B",null,"M","?","$","M","M","E","R","?","T","$","M","E","$","E","R","B","B",null,"R","$","E","B",null],"character_chosen":"DEFECT","items_purchased":["Biased Cognition","Chaos","Skim","Runic Capacitor","Purity","PowerPotion"],"campfire_rested":2,"item_purchase_floors":[24,24,24,37,44,54],"current_hp_per_floor":[56,49,49,59,43,43,27,46,46,31,31,29,22,22,22,20,53,53,53,63,54,33,52,52,50,50,52,52,62,74,74,74,74,74,74,70,70,70,70,70,70,70,70,70,70,70,70,70,70,70,70,70,70,70,60,29],"gold":40,"neow_bonus":"RANDOM_COLORLESS_2","is_prod":false,"is_daily":false,"chose_seed":false,"campfire_upgraded":7,"win_rate":0,"timestamp":1553401717,"path_taken":["M","?","?","M","?","R","E","R","T","E","R","E","M","?","R","BOSS","M","?","?","M","?","R","$","E","T","E","R","?","E","?","R","BOSS","M","?","$","M","M","E","R","?","T","$","?","E","?","E","R","BOSS","BOSS","R","$","E","BOSS"],"build_version":"2019-01-23","purchased_purges":2,"victory":true,"max_hp_per_floor":[64,64,64,64,64,64,64,64,64,64,64,64,64,64,64,64,64,64,64,64,64,64,64,64,64,64,64,64,64,74,74,74,74,74,74,70,70,70,70,70,70,70,70,70,70,70,70,70,70,70,70,70,70,70,70,70],"card_choices":[{"not_picked":["Force Field","Fusion"],"picked":"Consume","floor":1.0},{"not_picked":["Hologram","Double Energy"],"picked":"Capacitor","floor":4.0},{"not_picked":["Steam Power","Conserve Battery"],"picked":"Streamline","floor":5.0},{"not_picked":["Force Field","Leap"],"picked":"Genetic Algorithm","floor":7.0},{"not_picked":["Steam Power","Hologram"],"picked":"Self Repair","floor":10.0},{"not_picked":["Conserve Battery","Streamline"],"picked":"Genetic Algorithm","floor":12.0},{"not_picked":["Turbo","Redo","Barrage"],"picked":"SKIP","floor":13.0},{"not_picked":["Seek","Amplify"],"picked":"Electrodynamics","floor":16.0},{"not_picked":["Streamline","Rebound"],"picked":"Coolheaded","floor":18.0},{"not_picked":["FTL","Leap"],"picked":"Go for the Eyes","floor":20.0},{"not_picked":["Reinforced Body","Scrape+1","Sweeping Beam"],"picked":"SKIP","floor":21.0},{"not_picked":["Scrape+1","Skim","Streamline"],"picked":"SKIP","floor":25.0},{"not_picked":["Capacitor+1","Static Discharge"],"picked":"Heatsinks","floor":27.0},{"not_picked":["Fusion","Compile Driver+1"],"picked":"Turbo","floor":29.0},{"not_picked":["Sunder","Cold Snap","Leap"],"picked":"SKIP","floor":30.0},{"not_picked":["Biased Cognition","Reboot"],"picked":"Amplify","floor":33.0},{"not_picked":["Sweeping Beam","Gash","Steam"],"picked":"SKIP","floor":35.0},{"not_picked":["Cold Snap","Go for the Eyes+1"],"picked":"Core Surge","floor":38.0},{"not_picked":["Self Repair+1","Cold Snap+1"],"picked":"Coolheaded","floor":39.0},{"not_picked":["Stack","Barrage","Double Energy"],"picked":"SKIP","floor":40.0},{"not_picked":["Streamline","Doom and Gloom","Turbo"],"picked":"SKIP","floor":45.0},{"not_picked":["Self Repair","Undo","Turbo"],"picked":"SKIP","floor":46.0},{"not_picked":["Gash+1","Sunder","Coolheaded"],"picked":"SKIP","floor":48.0},{"not_picked":["Stack+1","Double Energy","Go for the Eyes"],"picked":"SKIP","floor":55.0}],"player_experience":3834647,"relics_obtained":[{"floor":7.0,"key":"Potion Belt"},{"floor":9.0,"key":"Bag of Preparation"},{"floor":10.0,"key":"Bag of Marbles"},{"floor":12.0,"key":"Emotion Chip"},{"floor":19.0,"key":"Vajra"},{"floor":22.0,"key":"Nilry\u0027s Codex"},{"floor":25.0,"key":"Regal Pillow"},{"floor":26.0,"key":"Anchor"},{"floor":27.0,"key":"Lantern"},{"floor":29.0,"key":"Red Mask"},{"floor":30.0,"key":"Pear"},{"floor":40.0,"key":"MawBank"},{"floor":46.0,"key":"Bronze Scales"},{"floor":48.0,"key":"Boot"},{"floor":55.0,"key":"Bottled Flame"}],"event_choices":[{"cards_removed":["Strike_B"],"damage_healed":0.0,"max_hp_gain":0.0,"max_hp_loss":0.0,"gold_gain":0.0,"event_name":"Golden Wing","player_choice":"Card Removal","floor":2.0,"gold_loss":0.0,"damage_taken":7.0},{"damage_healed":0.0,"max_hp_gain":0.0,"max_hp_loss":0.0,"gold_gain":0.0,"event_name":"Lab","player_choice":"Got Potions","floor":3.0,"gold_loss":0.0,"damage_taken":0.0},{"cards_removed":["Strike_B"],"damage_healed":0.0,"max_hp_gain":0.0,"max_hp_loss":0.0,"gold_gain":0.0,"event_name":"Purifier","player_choice":"Purged","floor":14.0,"gold_loss":0.0,"damage_taken":0.0},{"damage_healed":0.0,"max_hp_gain":0.0,"max_hp_loss":0.0,"gold_gain":0.0,"event_name":"Cursed Tome","player_choice":"Obtained Book","floor":22.0,"gold_loss":0.0,"damage_taken":21.0},{"damage_healed":0.0,"max_hp_gain":0.0,"max_hp_loss":0.0,"gold_gain":0.0,"event_name":"Masked Bandits","player_choice":"Fought Bandits","floor":29.0,"gold_loss":0.0,"damage_taken":0.0},{"damage_healed":0.0,"max_hp_gain":0.0,"max_hp_loss":0.0,"gold_gain":0.0,"event_name":"Vampires","player_choice":"Ignored","floor":31.0,"gold_loss":0.0,"damage_taken":0.0},{"damage_healed":0.0,"max_hp_gain":0.0,"max_hp_loss":4.0,"gold_gain":0.0,"event_name":"Winding Halls","player_choice":"Max HP","floor":36.0,"gold_loss":0.0,"damage_taken":0.0},{"cards_removed":["Strike_B"],"damage_healed":0.0,"max_hp_gain":0.0,"max_hp_loss":0.0,"gold_gain":0.0,"event_name":"Purifier","player_choice":"Purged","floor":42.0,"gold_loss":0.0,"damage_taken":0.0}],"is_beta":false,"boss_relics":[{"not_picked":["Cursed Key","Inserter"],"picked":"Runic Pyramid"},{"not_picked":["Eternal Feather","Snecko Eye"],"picked":"Coffee Dripper"}],"items_purged_floors":[24,47],"is_endless":false,"potions_floor_spawned":[4,7,10,12,25,29,30,38,40,45,46],"ascension_level":20}