{"gold_per_floor":[112,37,48,65,84,84,114,130,202,202,234,234,184,210,210,312,312,328,253,266,266,281,281,309,324,377,388,388,400,400,413,413,515,515,529,751,762,762,464,464,481,499,547,547,547,165,165,165,165,165],"floor_reached":51,"playtime":3800,"items_purged":["Strike_G","Strike_G","Defend_G"],"score":742,"play_id":"a485a498-fe62-4f93-9595-8421237a5272","local_time":"20181023144540","is_ascension_mode":false,"campfire_choices":[{"data":"Noxious Fumes","floor":6.0,"key":"SMITH"},{"data":"Glass Knife","floor":12.0,"key":"SMITH"},{"data":"Noxious Fumes","floor":15.0,"key":"SMITH"},{"data":"Footwork","floor":23.0,"key":"SMITH"},{"data":"Footwork","floor":28.0,"key":"SMITH"},{"data":"Backflip","floor":30.0,"key":"SMITH"},{"data":"Defend_G","floor":32.0,"key":"SMITH"},{"data":"Footwork","floor":40,"key":"SMITH"},{"data":"Noxious Fumes","floor":45,"key":"SMITH"},{"data":"Noxious Fumes","floor":47,"key":"SMITH"},{"data":"Leg Sweep","floor":49,"key":"SMITH"}],"neow_cost":"NONE","seed_source_timestamp":15854348662150,"circlet_count":0,"master_deck":["Defend_G+1","Defend_G","Defend_G","Defend_G","Strike_G+1","Survivor","Neutralize+1","All Out Attack","Noxious Fumes+1","Backstab","Footwork+1","Backflip+1","Glass Knife+1","Noxious Fumes+1","Die Die Die","Leg Sweep+1","Footwork+1","Noxious Fumes+1","Venomology","Expertise+1","PiercingWail+1","Finesse","Footwork+1","Finesse","Leg Sweep+1","Noxious Fumes+1","Master of Strategy","Noxious Fumes+1"],"special_seed":0,"relics":["Ring of the Snake","Whetstone","Dodecahedron","Prayer Wheel","Omamori","Busted Crown","Red Mask","Vajra","Lizard Tail","Lantern"],"potions_floor_usage":[37,41,42,50,50],"damage_taken":[{"damage":0.0,"enemies":"2 Louse","floor":1.0,"turns":3.0},{"damage":0.0,"enemies":"Small Slimes","floor":3.0,"turns":3.0},{"damage":0.0,"enemies":"Cultist","floor":4.0,"turns":3.0},{"damage":0.0,"enemies":"Large Slime","floor":5.0,"turns":5.0},{"damage":17.0,"enemies":"Lagavulin","floor":7.0,"turns":7.0},{"damage":0.0,"enemies":"2 Fungi Beasts","floor":8.0,"turns":3.0},{"damage":12.0,"enemies":"3 Sentries","floor":11.0,"turns":6.0},{"damage":22.0,"enemies":"Lagavulin","floor":14.0,"turns":5.0},{"damage":6.0,"enemies":"Hexaghost","floor":16.0,"turns":8.0},{"damage":0.0,"enemies":"Shell Parasite","floor":18.0,"turns":1.0},{"damage":0.0,"enemies":"3 Byrds","floor":20.0,"turns":3.0},{"damage":0.0,"enemies":"3 Cultists","floor":22.0,"turns":4.0},{"damage":0.0,"enemies":"Masked Bandits","floor":24.0,"turns":3.0},{"damage":0.0,"enemies":"Shelled Parasite and Fungi","floor":25.0,"turns":4.0},{"damage":0.0,"enemies":"Snake Plant","floor":27.0,"turns":4.0},{"damage":0.0,"enemies":"Centurion and Healer","floor":29.0,"turns":5.0},{"damage":0.0,"enemies":"3 Cultists","floor":31.0,"turns":4.0},{"damage":0.0,"enemies":"Champ","floor":33.0,"turns":13.0},{"damage":0.0,"enemies":"Orb Walker","floor":35.0,"turns":4.0},{"damage":0,"enemies":"3 Darklings","floor":37,"turns":5},{"damage":0,"enemies":"Transient","floor":41,"turns":5},{"damage":0,"enemies":"Sphere and 2 Shapes","floor":42,"turns":5},{"damage":0,"enemies":"Awakened One","floor":50,"turns":14}],"seed_played":"2192496887314415838","potions_obtained":[{"floor":3.0,"key":"Block Potion"},{"floor":4.0,"key":"Strength Potion"},{"floor":5.0,"key":"Strength Potion"},{"floor":7.0,"key":"LiquidBronze"},{"floor":14.0,"key":"GhostInAJar"},{"floor":20.0,"key":"LiquidBronze"},{"floor":25.0,"key":"Strength Potion"},{"floor":29.0,"key":"GamblersBrew"},{"floor":31.0,"key":"GamblersBrew"}],"is_trial":false,"path_per_floor":["M","$","M","M","M","R","E","M","T","?","E","R","?","E","R","B",null,"M","$","M","?","M","R","?","M","T","M","R","M","R","M","R","B",null,"M","?","M","?","$","R","M","M","T","?","R","$","R","?","R","B"],"character_chosen":"THE_SILENT","items_purchased":["Noxious Fumes","Footwork","Finesse","Leg Sweep","Master of Strategy","Noxious Fumes"],"campfire_rested":0,"item_purchase_floors":[2,39,39,39,46,46],"current_hp_per_floor":[70,70,70,70,70,70,53,53,53,53,41,41,41,19,19,13,70,70,70,70,70,70,70,70,70,70,70,70,70,70,70,70,70,70,70,70,70,70,70,70,70,70,70,70,70,70,70,70,70,70],"gold":165,"neow_bonus":"THREE_CARDS","is_prod":false,"is_daily":false,"chose_seed":false,"campfire_upgraded":11,"win_rate":0,"timestamp":1540277140,"path_taken":["M","$","M","M","M","R","E","M","T","?","E","R","?","E","R","BOSS","M","$","M","?","M","R","?","M","T","M","R","?","R","M","R","BOSS","M","?","M","?","$","R","?","M","T","?","R","$","R","?","R","BOSS"],"build_version":"2018-10-18","purchased_purges":3,"victory":true,"max_hp_per_floor":[70,70,70,70,70,70,70,70,70,70,70,70,70,70,70,70,70,70,70,70,70,70,70,70,70,70,70,70,70,70,70,70,70,70,70,70,70,70,70,70,70,70,70,70,70,70,70,70,70,70],"card_choices":[{"not_picked":["Cloak And Dagger","Heel Hook"],"picked":"All Out Attack","floor":1.0},{"not_picked":["Flechettes","Blur"],"picked":"Backstab","floor":3.0},{"not_picked":["Outmaneuver","Underhanded Strike","Deflect"],"picked":"SKIP","floor":4.0},{"not_picked":["Outmaneuver","Prepared"],"picked":"Footwork","floor":5.0},{"not_picked":["Outmaneuver","PiercingWail"],"picked":"Backflip","floor":7.0},{"not_picked":["Sucker Punch","All Out Attack","Quick Slash"],"picked":"SKIP","floor":8.0},{"not_picked":["Prepared","Dodge and Roll"],"picked":"Glass Knife","floor":11.0},{"not_picked":["Escape Plan","Flying Knee"],"picked":"Noxious Fumes","floor":14.0},{"not_picked":["Venomology","Doppelganger"],"picked":"Die Die Die","floor":16.0},{"not_picked":["PiercingWail"],"picked":"SKIP","floor":18.0},{"not_picked":["Flying Knee"],"picked":"SKIP","floor":18.0},{"not_picked":[],"picked":"Leg Sweep+1","floor":20.0},{"not_picked":["Slice"],"picked":"SKIP","floor":20.0},{"not_picked":["Dagger Spray"],"picked":"SKIP","floor":22.0},{"not_picked":["Quick Slash"],"picked":"SKIP","floor":22.0},{"not_picked":[],"picked":"Noxious Fumes+1","floor":24.0},{"not_picked":[],"picked":"Venomology","floor":25.0},{"not_picked":["PiercingWail"],"picked":"SKIP","floor":25.0},{"not_picked":[],"picked":"Expertise+1","floor":27.0},{"not_picked":[],"picked":"PiercingWail+1","floor":27.0},{"not_picked":["Infinite Blades"],"picked":"SKIP","floor":29.0},{"not_picked":["Acrobatics"],"picked":"SKIP","floor":29.0},{"not_picked":["Dagger Spray"],"picked":"SKIP","floor":31.0},{"not_picked":["Bane"],"picked":"SKIP","floor":31.0},{"not_picked":["Reflex+1"],"picked":"SKIP","floor":35.0},{"not_picked":["Reflex"],"picked":"SKIP","floor":35.0},{"not_picked":["Cloak And Dagger"],"picked":"SKIP","floor":37},{"not_picked":["Deadly Poison"],"picked":"SKIP","floor":37},{"not_picked":[],"picked":"Finesse","floor":38},{"not_picked":["Choke+1"],"picked":"SKIP","floor":41},{"not_picked":["Predator"],"picked":"SKIP","floor":41},{"not_picked":[],"picked":"Noxious Fumes","floor":42},{"not_picked":["Flying Knee+1"],"picked":"SKIP","floor":42}],"player_experience":556198,"relics_obtained":[{"floor":7.0,"key":"Whetstone"},{"floor":9.0,"key":"Dodecahedron"},{"floor":11.0,"key":"Prayer Wheel"},{"floor":14.0,"key":"Omamori"},{"floor":24.0,"key":"Red Mask"},{"floor":26.0,"key":"Vajra"},{"floor":43,"key":"Lantern"}],"event_choices":[{"cards_removed":["Strike_G"],"damage_healed":0.0,"max_hp_gain":0.0,"max_hp_loss":0.0,"gold_gain":0.0,"event_name":"Living Wall","player_choice":"Forget","floor":10.0,"gold_loss":0.0,"damage_taken":0.0},{"cards_removed":["Strike_G"],"damage_healed":0.0,"max_hp_gain":0.0,"max_hp_loss":0.0,"gold_gain":0.0,"event_name":"The Cleric","player_choice":"Card Removal","floor":13.0,"gold_loss":50.0,"damage_taken":0.0},{"damage_healed":0.0,"max_hp_gain":0.0,"max_hp_loss":0.0,"gold_gain":0.0,"event_name":"The Library","player_choice":"Read","floor":21.0,"gold_loss":0.0,"damage_taken":0.0,"cards_obtained":["Footwork"]},{"damage_healed":0.0,"max_hp_gain":0.0,"max_hp_loss":0.0,"gold_gain":0.0,"event_name":"Masked Bandits","player_choice":"Fought Bandits","floor":24.0,"gold_loss":0.0,"damage_taken":0.0},{"damage_healed":0.0,"max_hp_gain":0.0,"max_hp_loss":0.0,"gold_gain":222.0,"event_name":"Tomb of Lord Red Mask","player_choice":"Wore Mask","floor":36.0,"gold_loss":0.0,"damage_taken":0.0},{"damage_healed":0,"gold_gain":0,"player_choice":"Memory 1","damage_taken":0,"max_hp_gain":0,"max_hp_loss":0,"event_name":"SensoryStone","floor":38,"gold_loss":0},{"damage_healed":0,"gold_gain":0,"player_choice":"Ignored","damage_taken":0,"max_hp_gain":0,"max_hp_loss":0,"event_name":"Mysterious Sphere","floor":44,"gold_loss":0},{"damage_healed":18,"gold_gain":0,"player_choice":"Writhe","damage_taken":0,"max_hp_gain":0,"max_hp_loss":0,"event_name":"Winding Halls","floor":48,"gold_loss":0,"cards_obtained":["Writhe"]}],"is_beta":false,"boss_relics":[{"not_picked":["Ring of the Serpent","Empty Cage"],"picked":"Busted Crown"},{"not_picked":["Eternal Feather","Runic Dome"],"picked":"Lizard Tail"}],"items_purged_floors":[19,39,46],"is_endless":false,"potions_floor_spawned":[3,4,5,7,14,16,20,25,29,31,35,41],"ascension_level":0}