{"gold_per_floor":[117,117,133,19,19,19,48,48,97,107,122,139,139,155,155,250,550,565,583,182,97,97,97],"floor_reached":23,"playtime":678,"items_purged":["Strike_G","Strike_G"],"score":362,"play_id":"884d692a-fe61-4b80-b5f4-98652a8c0827","local_time":"20190724162005","is_ascension_mode":true,"campfire_choices":[{"data":"All Out Attack","floor":6.0,"key":"SMITH"},{"data":"Envenom","floor":15,"key":"SMITH"}],"neow_cost":"TEN_PERCENT_HP_LOSS","seed_source_timestamp":483154052112400,"circlet_count":0,"master_deck":["AscendersBane","Strike_G","Defend_G","Defend_G","Defend_G","Defend_G","Survivor","Neutralize+1","All Out Attack+1","Tactician","Envenom+1","Corpse Explosion","Deadly Poison","Well Laid Plans"],"special_seed":0,"relics":["Ring of the Snake","Odd Mushroom","Oddly Smooth Stone","Golden Idol","Calling Bell","Boot","Meat on the Bone","Old Coin","Medical Kit","Matryoshka"],"potions_floor_usage":[16,23],"damage_taken":[{"damage":1.0,"enemies":"2 Louse","floor":1.0,"turns":3.0},{"damage":0.0,"enemies":"Cultist","floor":3.0,"turns":4.0},{"damage":0.0,"enemies":"The Mushroom Lair","floor":7.0,"turns":3.0},{"damage":0.0,"enemies":"Jaw Worm","floor":10.0,"turns":4.0},{"damage":0.0,"enemies":"2 Fungi Beasts","floor":11.0,"turns":3.0},{"damage":8.0,"enemies":"Large Slime","floor":12.0,"turns":7.0},{"damage":0.0,"enemies":"Looter","floor":14.0,"turns":3.0},{"damage":25,"enemies":"The Guardian","floor":16,"turns":17},{"damage":3,"enemies":"3 Byrds","floor":18,"turns":3},{"damage":19,"enemies":"Chosen","floor":19,"turns":6},{"damage":48,"enemies":"Gremlin Leader","floor":23,"turns":6}],"seed_played":"4837989460976477550","potions_obtained":[{"floor":1.0,"key":"SkillPotion"},{"floor":3.0,"key":"Explosive Potion"},{"floor":12.0,"key":"Fire Potion"},{"floor":16,"key":"LiquidBronze"}],"is_trial":false,"path_per_floor":["M","?","M","$","?","R","?","$","T","M","M","M","?","M","R","B",null,"M","M","$","?","?","E"],"character_chosen":"THE_SILENT","items_purchased":["All Out Attack","Well Laid Plans","Medical Kit"],"campfire_rested":0,"item_purchase_floors":[4,20,20],"current_hp_per_floor":[58,58,58,58,51,51,51,51,51,51,51,43,43,43,43,18,45,42,35,35,35,35,0],"gold":97,"neow_bonus":"REMOVE_TWO","is_prod":false,"is_daily":false,"chose_seed":false,"campfire_upgraded":2,"win_rate":0,"timestamp":1563956405,"path_taken":["M","?","?","$","?","R","?","?","T","M","M","M","?","M","R","BOSS","M","M","$","?","?","E"],"build_version":"2019-07-17","purchased_purges":2,"victory":false,"max_hp_per_floor":[60,60,60,60,60,60,60,60,60,60,60,60,54,54,54,54,54,54,54,54,54,54,54],"card_choices":[{"not_picked":["Accuracy","Deflect","Bane"],"picked":"SKIP","floor":1.0},{"not_picked":["Expertise","Accuracy","Distraction"],"picked":"SKIP","floor":3.0},{"not_picked":["Predator","Cloak And Dagger"],"picked":"Tactician","floor":10.0},{"not_picked":["Deflect","Blade Dance","Crippling Poison"],"picked":"SKIP","floor":11.0},{"not_picked":["Deflect","Blade Dance","Crippling Poison"],"picked":"SKIP","floor":11.0},{"not_picked":["Setup","Deflect","Slice"],"picked":"SKIP","floor":12.0},{"not_picked":["Blade Dance","Leg Sweep"],"picked":"Envenom","floor":14.0},{"not_picked":["Doppelganger","Envenom"],"picked":"Corpse Explosion","floor":16},{"not_picked":["Underhanded Strike+1","Setup+1","Noxious Fumes"],"picked":"SKIP","floor":18},{"not_picked":["Escape Plan","Tactician"],"picked":"Deadly Poison","floor":19}],"player_experience":680328,"relics_obtained":[{"floor":7.0,"key":"Odd Mushroom"},{"floor":9.0,"key":"Oddly Smooth Stone"},{"floor":17,"key":"Boot"},{"floor":17,"key":"Meat on the Bone"},{"floor":17,"key":"Old Coin"}],"event_choices":[{"damage_healed":0.0,"max_hp_gain":0.0,"max_hp_loss":0.0,"gold_gain":0.0,"event_name":"Upgrade Shrine","player_choice":"Upgraded","floor":2.0,"gold_loss":0.0,"damage_taken":0.0,"cards_upgraded":["Neutralize"]},{"cards_removed":["Strike_G"],"damage_healed":0.0,"max_hp_gain":0.0,"max_hp_loss":0.0,"gold_gain":0.0,"event_name":"Golden Wing","player_choice":"Card Removal","floor":5.0,"gold_loss":0.0,"damage_taken":7.0},{"damage_healed":0.0,"max_hp_gain":0.0,"max_hp_loss":0.0,"gold_gain":0.0,"event_name":"Mushrooms","player_choice":"Fought Mushrooms","floor":7.0,"gold_loss":0.0,"damage_taken":0.0},{"damage_healed":0.0,"max_hp_gain":0.0,"max_hp_loss":6.0,"gold_gain":0.0,"event_name":"Golden Idol","player_choice":"Lose Max HP","floor":13.0,"gold_loss":0.0,"damage_taken":0.0,"relics_obtained":["Golden Idol"]},{"damage_healed":0,"gold_gain":0,"player_choice":"Obtained Relic","damage_taken":0,"relics_obtained":["Matryoshka"],"max_hp_gain":0,"max_hp_loss":0,"event_name":"Addict","floor":21,"gold_loss":85},{"damage_healed":0,"gold_gain":0,"player_choice":"Ignored","damage_taken":0,"max_hp_gain":0,"max_hp_loss":0,"event_name":"Duplicator","floor":22,"gold_loss":0}],"is_beta":false,"boss_relics":[{"not_picked":["Fusion Hammer","Philosopher\u0027s Stone"],"picked":"Calling Bell"}],"items_purged_floors":[4,20],"is_endless":false,"potions_floor_spawned":[1,3,12,16,19],"killed_by":"Gremlin Leader","ascension_level":20}