{"gold_per_floor":[113,213,231,251,264,591,591,620,620,620,636,636,108,128,128,230,230,244,257,172,271,288,288,288,301,301,343,367,379,426,452,464,576,588,614,639,668,680,692,704,716,748,760,782,199,199,224,243,243,243,243,243,118,118],"floor_reached":54,"playtime":3932,"items_purged":["Strike_B","Defend_B","Strike_B"],"score":1023,"play_id":"21625077-517d-4016-a6da-a51096dde68a","local_time":"20190807192312","is_ascension_mode":true,"campfire_choices":[{"data":"Sunder","floor":7.0,"key":"SMITH"},{"data":"Zap","floor":10.0,"key":"SMITH"},{"floor":15.0,"key":"REST"},{"data":"Loop","floor":23.0,"key":"SMITH"},{"floor":29.0,"key":"REST"},{"data":"Defragment","floor":32.0,"key":"SMITH"},{"data":"Rainbow","floor":40.0,"key":"SMITH"},{"floor":46.0,"key":"RECALL"},{"floor":49.0,"key":"REST"},{"data":"Defragment","floor":52.0,"key":"SMITH"}],"neow_cost":"NONE","seed_source_timestamp":0,"circlet_count":0,"master_deck":["Defend_B","Defend_B","Defend_B","Zap+1","Dualcast","Reboot","Conserve Battery","Sunder+1","Auto Shields","Coolheaded","FTL","Conserve Battery","Tempest","Loop+1","Compile Driver","Echo Form","Sweeping Beam","Defragment+1","Leap+1","Gash+1","Reinforced Body","Glacier","Rebound+1","Rainbow+1","Recycle","Capacitor+1","Panacea","Barrage","Parasite","Defragment+1","Defragment+1"],"special_seed":0,"relics":["Cracked Core","Old Coin","Bottled Flame","Bottled Lightning","Mango","PreservedInsect","Sozu","Pear","MawBank","FossilizedHelix","Happy Flower","Cursed Key","DollysMirror","Mercury Hourglass","Blood Vial"],"potions_floor_usage":[],"damage_taken":[{"damage":1.0,"enemies":"Cultist","floor":1.0,"turns":4.0},{"damage":4.0,"enemies":"2 Louse","floor":3.0,"turns":3.0},{"damage":3.0,"enemies":"Small Slimes","floor":4.0,"turns":2.0},{"damage":3.0,"enemies":"2 Fungi Beasts","floor":5.0,"turns":3.0},{"damage":28.0,"enemies":"Gremlin Nob","floor":6.0,"turns":5.0},{"damage":14.0,"enemies":"Lagavulin","floor":8.0,"turns":8.0},{"damage":6.0,"enemies":"Blue Slaver","floor":11.0,"turns":3.0},{"damage":4.0,"enemies":"Large Slime","floor":14.0,"turns":6.0},{"damage":19.0,"enemies":"Hexaghost","floor":16.0,"turns":11.0},{"damage":14.0,"enemies":"Shell Parasite","floor":18.0,"turns":5.0},{"damage":7.0,"enemies":"Chosen","floor":19.0,"turns":4.0},{"damage":18.0,"enemies":"Snake Plant","floor":22.0,"turns":4.0},{"damage":18.0,"enemies":"Cultist and Chosen","floor":25.0,"turns":6.0},{"damage":18.0,"enemies":"Gremlin Leader","floor":27.0,"turns":5.0},{"damage":0.0,"enemies":"Centurion and Healer","floor":28.0,"turns":5.0},{"damage":0.0,"enemies":"Slavers","floor":30.0,"turns":4.0},{"damage":0.0,"enemies":"Shelled Parasite and Fungi","floor":31.0,"turns":4.0},{"damage":26.0,"enemies":"Champ","floor":33.0,"turns":16.0},{"damage":0.0,"enemies":"3 Shapes","floor":35.0,"turns":5.0},{"damage":0.0,"enemies":"Orb Walker","floor":36.0,"turns":3.0},{"damage":11.0,"enemies":"Sphere and 2 Shapes","floor":37.0,"turns":7.0},{"damage":23.0,"enemies":"4 Shapes","floor":42.0,"turns":6.0},{"damage":3.0,"enemies":"Writhing Mass","floor":44.0,"turns":10.0},{"damage":4.0,"enemies":"Nemesis","floor":47.0,"turns":7.0},{"damage":0.0,"enemies":"Maw","floor":48.0,"turns":8.0},{"damage":47.0,"enemies":"Time Eater","floor":50.0,"turns":13.0},{"damage":87,"enemies":"Shield and Spear","floor":54,"turns":3}],"seed_played":"-5339046489553220479","potions_obtained":[{"floor":1.0,"key":"Explosive Potion"},{"floor":11.0,"key":"FearPotion"},{"floor":14.0,"key":"SpeedPotion"}],"is_trial":false,"path_per_floor":["M","?","M","M","M","E","R","E","T","R","M","?","$","M","R","B",null,"M","M","?","?","M","R","?","M","T","E","M","R","E","M","R","B",null,"M","M","M","$","?","R","?","M","T","M","$","R","E","M","R","B",null,"R","$","E"],"character_chosen":"DEFECT","items_purchased":["Mango","PreservedInsect","DollysMirror","Mercury Hourglass","Defragment"],"campfire_rested":3,"item_purchase_floors":[13,13,45,45,45],"current_hp_per_floor":[67,67,63,60,57,29,29,15,15,15,9,9,23,19,45,26,73,59,52,62,62,44,44,44,26,26,8,8,37,37,37,37,11,77,77,77,66,66,66,66,66,43,43,40,40,40,36,38,67,22,80,80,80,0],"gold":118,"neow_bonus":"ONE_RANDOM_RARE_CARD","is_prod":false,"is_daily":false,"chose_seed":false,"campfire_upgraded":6,"win_rate":0,"timestamp":1565220192,"path_taken":["M","?","M","M","M","E","R","E","T","R","?","?","$","M","R","BOSS","M","?","?","?","M","R","?","M","T","E","M","R","E","M","R","BOSS","M","M","M","$","?","R","?","M","T","M","$","R","E","M","R","BOSS","R","$","E"],"build_version":"2019-07-17","purchased_purges":3,"victory":false,"max_hp_per_floor":[75,75,75,75,75,75,75,75,75,75,75,75,89,89,89,89,89,89,89,99,99,99,99,99,99,99,99,99,99,99,99,99,99,99,99,99,99,99,99,99,99,99,99,99,99,99,99,99,99,99,99,99,99,99],"card_choices":[{"not_picked":["Steam","Stack"],"picked":"Conserve Battery","floor":1.0},{"not_picked":["Melter","Skim"],"picked":"Sunder","floor":3.0},{"not_picked":["Redo","Turbo"],"picked":"Auto Shields","floor":4.0},{"not_picked":["Rebound","Stack"],"picked":"Coolheaded","floor":5.0},{"not_picked":["Hologram","Creative AI"],"picked":"FTL","floor":6.0},{"not_picked":["Steam Power","Aggregate"],"picked":"Conserve Battery","floor":8.0},{"not_picked":["Leap","Static Discharge"],"picked":"Tempest","floor":11.0},{"not_picked":["Steam","Turbo"],"picked":"Compile Driver","floor":14.0},{"not_picked":["Core Surge","Thunder Strike"],"picked":"Echo Form","floor":16.0},{"not_picked":["Hologram","Stack"],"picked":"Sweeping Beam","floor":18.0},{"not_picked":["Cold Snap","Barrage"],"picked":"Defragment","floor":19.0},{"not_picked":["Sweeping Beam","Amplify"],"picked":"Leap+1","floor":22.0},{"not_picked":["Steam+1","Doom and Gloom+1"],"picked":"Gash+1","floor":25.0},{"not_picked":["Steam","Beam Cell"],"picked":"Reinforced Body","floor":27.0},{"not_picked":["Hello World+1","Go for the Eyes"],"picked":"Glacier","floor":28.0},{"not_picked":["Go for the Eyes","Barrage","Sweeping Beam"],"picked":"SKIP","floor":30.0},{"not_picked":["Beam Cell+1","Ball Lightning+1"],"picked":"Rebound+1","floor":31.0},{"not_picked":["Biased Cognition","Machine Learning"],"picked":"Rainbow","floor":33.0},{"not_picked":["Darkness","Redo+1"],"picked":"Recycle","floor":35.0},{"not_picked":["Redo","Go for the Eyes","Cold Snap+1"],"picked":"SKIP","floor":36.0},{"not_picked":["Storm","Ball Lightning"],"picked":"Capacitor+1","floor":37.0},{"not_picked":["Purity","Mind Blast"],"picked":"Panacea","floor":39.0},{"not_picked":["Sweeping Beam+1","Reprogram"],"picked":"Barrage","floor":42.0},{"not_picked":["Hello World","Auto Shields+1","Ball Lightning"],"picked":"SKIP","floor":44.0},{"not_picked":["Redo","Consume","Tempest"],"picked":"SKIP","floor":47.0},{"not_picked":["Glacier","Ball Lightning","Coolheaded"],"picked":"SKIP","floor":48.0}],"player_experience":487053,"relics_obtained":[{"floor":6.0,"key":"Old Coin"},{"floor":8.0,"key":"Bottled Flame"},{"floor":9.0,"key":"Bottled Lightning"},{"floor":26.0,"key":"MawBank"},{"floor":27.0,"key":"FossilizedHelix"},{"floor":30.0,"key":"Happy Flower"},{"floor":47.0,"key":"Blood Vial"}],"event_choices":[{"damage_healed":0.0,"max_hp_gain":0.0,"max_hp_loss":0.0,"gold_gain":100.0,"event_name":"Wheel of Change","player_choice":"Gold","floor":2.0,"gold_loss":0.0,"damage_taken":0.0},{"damage_healed":0.0,"max_hp_gain":0.0,"max_hp_loss":0.0,"gold_gain":0.0,"cards_transformed":["Strike_B"],"event_name":"Transmorgrifier","player_choice":"Transformed","floor":12.0,"gold_loss":0.0,"damage_taken":0.0,"cards_obtained":["Loop"]},{"damage_healed":0.0,"max_hp_gain":0.0,"max_hp_loss":0.0,"gold_gain":0.0,"event_name":"Addict","player_choice":"Obtained Relic","floor":20.0,"gold_loss":85.0,"damage_taken":0.0,"relics_obtained":["Pear"]},{"damage_healed":0.0,"max_hp_gain":0.0,"max_hp_loss":0.0,"gold_gain":99.0,"event_name":"Nest","player_choice":"Stole From Cult","floor":21.0,"gold_loss":0.0,"damage_taken":0.0},{"cards_removed":["Strike_B"],"damage_healed":0.0,"max_hp_gain":0.0,"max_hp_loss":0.0,"gold_gain":0.0,"event_name":"Back to Basics","player_choice":"Elegance","floor":24.0,"gold_loss":0.0,"damage_taken":0.0},{"damage_healed":0.0,"max_hp_gain":0.0,"max_hp_loss":0.0,"gold_gain":0.0,"event_name":"SensoryStone","player_choice":"Memory 1","floor":39.0,"gold_loss":0.0,"damage_taken":0.0},{"damage_healed":0.0,"max_hp_gain":0.0,"max_hp_loss":0.0,"gold_gain":0.0,"event_name":"Tomb of Lord Red Mask","player_choice":"Ignored","floor":41.0,"gold_loss":0.0,"damage_taken":0.0}],"is_beta":false,"boss_relics":[{"not_picked":["Inserter","Coffee Dripper"],"picked":"Sozu"},{"not_picked":["FrozenCore","Lizard Tail"],"picked":"Cursed Key"}],"items_purged_floors":[13,45,53],"is_endless":false,"potions_floor_spawned":[1,11,14,25,28,30,33,37,44,47,48],"killed_by":"Shield and Spear","ascension_level":7}