{"gold_per_floor":[116,130,142,154,165,165,191,191,262,288,304,323,323,336,336,439,439,454,454,553,569,43,43,60,70,123,123,123,136,136,154,154,249,249,259,259,259,275,275,303,303,322,369,39,51,68,68,78,78,78],"floor_reached":51,"playtime":3282,"items_purged":["Strike_B","Defend_B"],"score":895,"play_id":"cf30b5d4-4ed4-4cd1-9963-f8d79adf83c3","local_time":"20190615183218","is_ascension_mode":false,"campfire_choices":[{"data":"Darkness","floor":6.0,"key":"SMITH"},{"data":"Dualcast","floor":8.0,"key":"SMITH"},{"data":"Buffer","floor":13.0,"key":"SMITH"},{"data":"Zap","floor":15.0,"key":"SMITH"},{"data":"Biased Cognition","floor":23.0,"key":"SMITH"},{"data":"Loop","floor":30,"key":"SMITH"},{"data":"Heatsinks","floor":32,"key":"SMITH"},{"data":"Capacitor","floor":41,"key":"SMITH"},{"data":"Capacitor","floor":47,"key":"SMITH"},{"data":"Coolheaded","floor":49,"key":"SMITH"}],"neow_cost":"TEN_PERCENT_HP_LOSS","seed_source_timestamp":26710897477741,"circlet_count":0,"master_deck":["Defend_B","Defend_B","Defend_B","Zap+1","Dualcast+1","Core Surge","White Noise","Conserve Battery","Gash","Darkness+1","Leap","Buffer+1","Self Repair","Biased Cognition+1","Coolheaded+1","Heatsinks+1","Skim","Force Field+1","Loop+1","White Noise+1","Chill+1","Capacitor+1","Consume+1","Capacitor+1","Core Surge"],"special_seed":0,"relics":["Cracked Core","Boot","Pantograph","Torii","Empty Cage","Nilry\u0027s Codex","Mummified Hand","DataDisk","Potion Belt","Sozu","Bronze Scales","Lantern"],"potions_floor_usage":[50,50,50,50,50],"damage_taken":[{"damage":11.0,"enemies":"Jaw Worm","floor":1.0,"turns":2.0},{"damage":5.0,"enemies":"Small Slimes","floor":2.0,"turns":3.0},{"damage":2.0,"enemies":"2 Louse","floor":3.0,"turns":2.0},{"damage":4.0,"enemies":"2 Fungi Beasts","floor":4.0,"turns":4.0},{"damage":2.0,"enemies":"Blue Slaver","floor":5.0,"turns":3.0},{"damage":0.0,"enemies":"Gremlin Nob","floor":7.0,"turns":3.0},{"damage":0.0,"enemies":"Lagavulin","floor":10.0,"turns":7.0},{"damage":19.0,"enemies":"Exordium Thugs","floor":11.0,"turns":4.0},{"damage":0.0,"enemies":"2 Fungi Beasts","floor":12.0,"turns":4.0},{"damage":0.0,"enemies":"Large Slime","floor":14.0,"turns":5.0},{"damage":0.0,"enemies":"The Guardian","floor":16.0,"turns":10.0},{"damage":15.0,"enemies":"Shell Parasite","floor":18.0,"turns":5.0},{"damage":0.0,"enemies":"Chosen","floor":21.0,"turns":5.0},{"damage":1,"enemies":"Shelled Parasite and Fungi","floor":24,"turns":7},{"damage":0,"enemies":"Snecko","floor":25,"turns":5},{"damage":0,"enemies":"Cultist and Chosen","floor":29,"turns":7},{"damage":7,"enemies":"Snake Plant","floor":31,"turns":4},{"damage":11,"enemies":"Champ","floor":33,"turns":8},{"damage":15,"enemies":"3 Shapes","floor":35,"turns":4},{"damage":0,"enemies":"Orb Walker","floor":38,"turns":4},{"damage":0,"enemies":"Reptomancer","floor":40,"turns":6},{"damage":0,"enemies":"Writhing Mass","floor":42,"turns":4},{"damage":0,"enemies":"Spire Growth","floor":45,"turns":3},{"damage":0,"enemies":"Maw","floor":46,"turns":5},{"damage":0,"enemies":"Writhing Mass","floor":48,"turns":4},{"damage":0,"enemies":"Awakened One","floor":50,"turns":8}],"seed_played":"-8177762646094383704","potions_obtained":[{"floor":2.0,"key":"SteroidPotion"},{"floor":3.0,"key":"Ancient Potion"},{"floor":11.0,"key":"SkillPotion"},{"floor":12.0,"key":"AttackPotion"},{"floor":14.0,"key":"EssenceOfSteel"},{"floor":29,"key":"Fire Potion"},{"floor":33,"key":"SpeedPotion"}],"is_trial":false,"path_per_floor":["M","M","M","M","M","R","E","R","T","E","M","M","R","M","R","B",null,"M","?","?","M","$","R","M","M","T","?","?","M","R","M","R","B",null,"M","?","?","M","?","E","R","M","T","$","M","M","R","M","R","B",null],"character_chosen":"DEFECT","items_purchased":["Mummified Hand","Skim","DataDisk","Capacitor","Core Surge"],"campfire_rested":0,"item_purchase_floors":[22,22,22,44,44],"current_hp_per_floor":[57,52,50,46,44,44,44,44,44,44,25,32,32,39,39,68,68,60,44,44,51,51,51,57,64,64,64,64,68,68,68,68,64,68,60,60,60,65,65,65,65,65,65,65,65,65,65,65,65,65],"gold":78,"neow_bonus":"THREE_RARE_CARDS","is_prod":false,"is_daily":false,"chose_seed":false,"campfire_upgraded":10,"win_rate":0,"timestamp":1560594738,"path_taken":["M","M","M","M","M","R","E","R","T","E","M","M","R","M","R","BOSS","M","?","?","M","$","R","M","M","T","?","?","M","R","?","R","BOSS","M","?","?","M","?","E","R","?","T","$","M","M","R","M","R","BOSS"],"build_version":"2019-01-23","purchased_purges":2,"victory":true,"max_hp_per_floor":[68,68,68,68,68,68,68,68,68,68,68,68,68,68,68,68,68,68,68,68,68,68,68,68,68,68,68,68,68,68,68,68,68,68,68,65,65,65,65,65,65,65,65,65,65,65,65,65,65,65],"card_choices":[{"not_picked":["Machine Learning","Meteor Strike"],"picked":"Core Surge","floor":0.0},{"not_picked":["Hologram","Rebound"],"picked":"White Noise","floor":1.0},{"not_picked":["Heatsinks","Redo"],"picked":"Conserve Battery","floor":2.0},{"not_picked":["Heatsinks","Hologram"],"picked":"Gash","floor":3.0},{"not_picked":["Conserve Battery","Redo"],"picked":"Darkness","floor":4.0},{"not_picked":["Steam","Rebound"],"picked":"Leap","floor":5.0},{"not_picked":["Redo","Conserve Battery"],"picked":"Buffer","floor":7.0},{"not_picked":["Leap","Conserve Battery","Turbo"],"picked":"SKIP","floor":10.0},{"not_picked":["Cold Snap","Barrage"],"picked":"Self Repair","floor":11.0},{"not_picked":["Hologram","Steam Power","Steam"],"picked":"SKIP","floor":12.0},{"not_picked":["BootSequence","Stack","Go for the Eyes"],"picked":"SKIP","floor":14.0},{"not_picked":["Seek","Electrodynamics"],"picked":"Biased Cognition","floor":16.0},{"not_picked":["Barrage","Stack+1"],"picked":"Coolheaded","floor":18.0},{"not_picked":["Melter","Doom and Gloom"],"picked":"Heatsinks","floor":21.0},{"not_picked":["Reprogram+1","Force Field","Static Discharge"],"picked":"SKIP","floor":24},{"not_picked":["Chaos","Conserve Battery","Force Field+1"],"picked":"SKIP","floor":25},{"not_picked":["Chaos","Conserve Battery"],"picked":"Force Field+1","floor":25},{"not_picked":["Barrage","Redo+1"],"picked":"Loop","floor":29},{"not_picked":["FTL","Compile Driver+1","Beam Cell"],"picked":"SKIP","floor":31},{"not_picked":["Gash","Coolheaded"],"picked":"White Noise+1","floor":35},{"not_picked":["Ball Lightning","Gash+1"],"picked":"Chill+1","floor":38},{"not_picked":["Melter","Chill+1"],"picked":"Capacitor","floor":40},{"not_picked":["Gash","Beam Cell"],"picked":"Consume+1","floor":42},{"not_picked":["All For One","Auto Shields","Leap"],"picked":"SKIP","floor":45},{"not_picked":["Hello World+1","Stack","Reinforced Body"],"picked":"SKIP","floor":46},{"not_picked":["Leap+1","Melter","Rebound+1"],"picked":"SKIP","floor":48}],"player_experience":5253561,"relics_obtained":[{"floor":7.0,"key":"Boot"},{"floor":9.0,"key":"Pantograph"},{"floor":10.0,"key":"Torii"},{"floor":19.0,"key":"Nilry\u0027s Codex"},{"floor":26,"key":"Potion Belt"},{"floor":40,"key":"Bronze Scales"},{"floor":43,"key":"Lantern"}],"event_choices":[{"damage_healed":0.0,"max_hp_gain":0.0,"max_hp_loss":0.0,"gold_gain":0.0,"event_name":"Cursed Tome","player_choice":"Obtained Book","floor":19.0,"gold_loss":0.0,"damage_taken":16.0},{"damage_healed":0.0,"max_hp_gain":0.0,"max_hp_loss":0.0,"gold_gain":99.0,"event_name":"Nest","player_choice":"Stole From Cult","floor":20.0,"gold_loss":0.0,"damage_taken":0.0},{"cards_removed":["Strike_B"],"damage_healed":0,"gold_gain":0,"player_choice":"Elegance","damage_taken":0,"max_hp_gain":0,"max_hp_loss":0,"event_name":"Back to Basics","floor":27,"gold_loss":0},{"damage_healed":0,"gold_gain":0,"player_choice":"Ignored","damage_taken":0,"max_hp_gain":0,"max_hp_loss":0,"event_name":"Vampires","floor":28,"gold_loss":0},{"damage_healed":0,"gold_gain":0,"player_choice":"Max HP","damage_taken":0,"max_hp_gain":0,"max_hp_loss":3,"event_name":"Winding Halls","floor":36,"gold_loss":0},{"damage_healed":0,"gold_gain":0,"player_choice":"Ignored","damage_taken":0,"max_hp_gain":0,"max_hp_loss":0,"event_name":"Mysterious Sphere","floor":37,"gold_loss":0},{"damage_healed":0,"gold_gain":0,"player_choice":"Bought 0 Potions","damage_taken":0,"max_hp_gain":0,"max_hp_loss":0,"event_name":"The Woman in Blue","floor":39,"gold_loss":0}],"is_beta":false,"boss_relics":[{"not_picked":["Ectoplasm","Philosopher\u0027s Stone"],"picked":"Empty Cage"},{"not_picked":["White Beast Statue","Velvet Choker"],"picked":"Sozu"}],"items_purged_floors":[22,44],"is_endless":false,"potions_floor_spawned":[2,3,11,12,14,29,33,42,48],"ascension_level":0}