{"gold_per_floor":[118,129,43,43,43,76,76,89,89,124,139,174,174,197,197,292,292,306,306,7,7,26,59,59,74,128,128,183,208,228,246,246,340,340,365,386,386,12,32,32,68,68,68,111,135,9,9,27,27,27,27],"floor_reached":51,"playtime":2929,"items_purged":["Defend_B"],"score":1694,"play_id":"bc6a14a1-dbb5-4929-9778-935127669efa","local_time":"20190405003054","is_ascension_mode":true,"campfire_choices":[{"data":"Defragment","floor":7.0,"key":"SMITH"},{"data":"Capacitor","floor":15.0,"key":"SMITH"},{"data":"Biased Cognition","floor":24.0,"key":"SMITH"},{"data":"Capacitor","floor":32.0,"key":"SMITH"},{"data":"Hologram","floor":40.0,"key":"SMITH"},{"data":"Chaos","floor":47.0,"key":"SMITH"},{"floor":49.0,"key":"RECALL"}],"neow_cost":"NONE","seed_source_timestamp":41592922498338,"circlet_count":0,"master_deck":["AscendersBane","Strike_B","Strike_B","Defend_B","Defend_B","Defend_B","Zap","Dualcast","Chill","Hologram+1","Defragment+1","Capacitor+1","Glacier","Coolheaded","Seek","Chill","Biased Cognition+1","Ghostly","Ghostly","Ghostly","Capacitor+1","Reboot","Steam Power","Capacitor","Chaos+1","Double Energy"],"special_seed":0,"relics":["Cracked Core","NeowsBlessing","Singing Bowl","Nunchaku","PreservedInsect","Pantograph","Blue Candle","Golden Idol","Busted Crown","OrangePellets","Centennial Puzzle","Lantern","Coffee Dripper","Membership Card","Ice Cream","Blood Vial","GremlinMask","Shuriken","Ornamental Fan"],"potions_floor_usage":[],"damage_taken":[{"damage":0.0,"enemies":"Cultist","floor":1.0,"turns":1.0},{"damage":0.0,"enemies":"Jaw Worm","floor":2.0,"turns":1.0},{"damage":0.0,"enemies":"Gremlin Nob","floor":6.0,"turns":1.0},{"damage":0.0,"enemies":"2 Louse","floor":8.0,"turns":2.0},{"damage":0.0,"enemies":"Lagavulin","floor":10.0,"turns":10.0},{"damage":0.0,"enemies":"Large Slime","floor":11.0,"turns":8.0},{"damage":0.0,"enemies":"3 Sentries","floor":12.0,"turns":7.0},{"damage":3.0,"enemies":"Lots of Slimes","floor":14.0,"turns":6.0},{"damage":13.0,"enemies":"The Guardian","floor":16.0,"turns":15.0},{"damage":4.0,"enemies":"Shell Parasite","floor":18.0,"turns":7.0},{"damage":9.0,"enemies":"2 Thieves","floor":22.0,"turns":5.0},{"damage":0.0,"enemies":"Gremlin Leader","floor":23.0,"turns":11.0},{"damage":0.0,"enemies":"Snake Plant","floor":25.0,"turns":6.0},{"damage":0.0,"enemies":"Centurion and Healer","floor":29.0,"turns":10.0},{"damage":0.0,"enemies":"Cultist and Chosen","floor":30.0,"turns":8.0},{"damage":0.0,"enemies":"Snake Plant","floor":31.0,"turns":5.0},{"damage":10.0,"enemies":"Collector","floor":33.0,"turns":15.0},{"damage":1.0,"enemies":"3 Darklings","floor":35.0,"turns":8.0},{"damage":4.0,"enemies":"Orb Walker","floor":36.0,"turns":6.0},{"damage":0.0,"enemies":"Jaw Worm Horde","floor":39.0,"turns":10.0},{"damage":0.0,"enemies":"Nemesis","floor":41.0,"turns":12.0},{"damage":0.0,"enemies":"Giant Head","floor":44.0,"turns":10.0},{"damage":0.0,"enemies":"4 Shapes","floor":45.0,"turns":6.0},{"damage":20.0,"enemies":"Transient","floor":48.0,"turns":6.0},{"damage":14,"enemies":"Awakened One","floor":50,"turns":23},{"damage":66,"enemies":"Donu and Deca","floor":51,"turns":20}],"seed_played":"-1696514898158777234","potions_obtained":[{"floor":1.0,"key":"Ancient Potion"},{"floor":10.0,"key":"Swift Potion"},{"floor":22.0,"key":"Strength Potion"},{"floor":23.0,"key":"Dexterity Potion"}],"is_trial":false,"path_per_floor":["M","M","$","?","?","E","R","M","T","E","M","E","?","M","R","B",null,"M","?","$","?","M","E","R","M","T","?","T","M","M","M","R","B",null,"M","M","?","$","M","R","E","?","T","E","M","$","R","M","R","B","B"],"character_chosen":"DEFECT","items_purchased":["Defragment","OrangePellets","Capacitor","Membership Card","Ice Cream","Chaos","Double Energy"],"campfire_rested":0,"item_purchase_floors":[3,20,20,38,38,46,46],"current_hp_per_floor":[64,64,64,59,59,59,59,59,59,61,61,61,61,58,58,53,63,61,34,34,34,27,29,29,31,31,31,31,33,35,37,37,38,46,47,45,45,45,47,47,49,49,49,53,55,55,55,37,37,43,0],"gold":27,"neow_bonus":"THREE_ENEMY_KILL","is_prod":false,"is_daily":false,"chose_seed":false,"campfire_upgraded":6,"win_rate":0,"timestamp":1554395454,"path_taken":["M","M","$","?","?","E","R","M","T","E","M","E","?","M","R","BOSS","M","?","$","?","?","E","R","M","T","?","?","?","M","M","R","BOSS","M","M","?","$","M","R","E","?","T","E","M","$","R","?","R","BOSS","BOSS"],"build_version":"2019-01-23","purchased_purges":1,"victory":false,"max_hp_per_floor":[71,71,71,71,71,71,71,71,71,73,73,73,66,66,66,66,66,68,34,34,34,36,38,38,40,40,40,40,42,44,46,46,48,48,50,52,49,49,51,51,53,53,53,55,55,55,55,57,57,57,57],"card_choices":[{"not_picked":["Hello World","Sweeping Beam"],"picked":"Chill","floor":1.0},{"not_picked":["Blizzard","Turbo"],"picked":"Hologram","floor":2.0},{"not_picked":["Barrage","Go for the Eyes"],"picked":"Capacitor","floor":6.0},{"not_picked":["Hello World","Turbo"],"picked":"Glacier","floor":8.0},{"not_picked":["Rebound","FTL","Rip and Tear"],"picked":"Singing Bowl","floor":10.0},{"not_picked":["Gash","Conserve Battery"],"picked":"Coolheaded","floor":11.0},{"not_picked":["Sunder","Thunder Strike"],"picked":"Seek","floor":12.0},{"not_picked":["Turbo","Conserve Battery"],"picked":"Chill","floor":14.0},{"not_picked":["Amplify","All For One"],"picked":"Biased Cognition","floor":16.0},{"not_picked":["Redo"],"picked":"Singing Bowl","floor":18.0},{"not_picked":["Gash+1"],"picked":"Singing Bowl","floor":22.0},{"not_picked":["Redo"],"picked":"Singing Bowl","floor":23.0},{"not_picked":["Compile Driver"],"picked":"Singing Bowl","floor":25.0},{"not_picked":["Stack"],"picked":"Singing Bowl","floor":29.0},{"not_picked":["Go for the Eyes"],"picked":"Singing Bowl","floor":30.0},{"not_picked":["Tempest"],"picked":"Singing Bowl","floor":31.0},{"not_picked":["Hyperbeam"],"picked":"Singing Bowl","floor":33.0},{"not_picked":["Sweeping Beam"],"picked":"Singing Bowl","floor":35.0},{"not_picked":["Streamline"],"picked":"Singing Bowl","floor":36.0},{"not_picked":["Streamline"],"picked":"Singing Bowl","floor":39.0},{"not_picked":["Beam Cell"],"picked":"Singing Bowl","floor":41.0},{"not_picked":["Force Field"],"picked":"Singing Bowl","floor":44.0},{"not_picked":[],"picked":"Capacitor","floor":45.0},{"not_picked":["Gash+1"],"picked":"Singing Bowl","floor":48.0}],"player_experience":4060210,"relics_obtained":[{"floor":6.0,"key":"Nunchaku"},{"floor":9.0,"key":"PreservedInsect"},{"floor":10.0,"key":"Pantograph"},{"floor":12.0,"key":"Blue Candle"},{"floor":23.0,"key":"Centennial Puzzle"},{"floor":28.0,"key":"Lantern"},{"floor":41.0,"key":"Blood Vial"},{"floor":43.0,"key":"Shuriken"},{"floor":44.0,"key":"Ornamental Fan"}],"event_choices":[{"damage_healed":0.0,"max_hp_gain":0.0,"max_hp_loss":0.0,"gold_gain":0.0,"event_name":"Scrap Ooze","player_choice":"Success","floor":4.0,"gold_loss":0.0,"damage_taken":5.0,"relics_obtained":["Singing Bowl"]},{"damage_healed":0.0,"max_hp_gain":0.0,"max_hp_loss":0.0,"gold_gain":0.0,"event_name":"Liars Game","player_choice":"Ignored","floor":5.0,"gold_loss":0.0,"damage_taken":0.0},{"damage_healed":0.0,"max_hp_gain":0.0,"max_hp_loss":7.0,"gold_gain":0.0,"event_name":"Golden Idol","player_choice":"Lose Max HP","floor":13.0,"gold_loss":0.0,"damage_taken":0.0,"relics_obtained":["Golden Idol"]},{"damage_healed":0.0,"max_hp_gain":0.0,"max_hp_loss":34.0,"gold_gain":0.0,"event_name":"Ghosts","player_choice":"Became a Ghost","floor":19.0,"gold_loss":0.0,"damage_taken":0.0,"cards_obtained":["Ghostly","Ghostly","Ghostly"]},{"damage_healed":0.0,"max_hp_gain":0.0,"max_hp_loss":0.0,"gold_gain":0.0,"event_name":"N\u0027loth","player_choice":"Ignored","floor":21.0,"gold_loss":0.0,"damage_taken":0.0},{"damage_healed":0.0,"max_hp_gain":0.0,"max_hp_loss":0.0,"gold_gain":0.0,"cards_transformed":["Strike_B","Strike_B"],"event_name":"Drug Dealer","player_choice":"Became Test Subject","floor":27.0,"gold_loss":0.0,"damage_taken":0.0,"cards_obtained":["Reboot","Steam Power"]},{"damage_healed":0.0,"max_hp_gain":0.0,"max_hp_loss":3.0,"gold_gain":0.0,"event_name":"Winding Halls","player_choice":"Max HP","floor":37.0,"gold_loss":0.0,"damage_taken":0.0},{"damage_healed":0.0,"max_hp_gain":0.0,"max_hp_loss":0.0,"gold_gain":0.0,"event_name":"FaceTrader","player_choice":"Trade","floor":42.0,"gold_loss":0.0,"damage_taken":0.0,"relics_obtained":["GremlinMask"]}],"is_beta":false,"boss_relics":[{"not_picked":["Philosopher\u0027s Stone","Ectoplasm"],"picked":"Busted Crown"},{"not_picked":["Velvet Choker","Nuclear Battery"],"picked":"Coffee Dripper"}],"items_purged_floors":[46],"is_endless":false,"potions_floor_spawned":[1,10,12,14,16,22,23,25,35,36,48],"killed_by":"Donu and Deca","ascension_level":20}