{"gold_per_floor":[367,383,4,4,4,4,15,15,89,89,109,109,109,128,128,248,248,267,112,112,112,137,137,161,161,161,27,52,52,65,86,86,205,205,225,238,302,635,367,397,397,411,465,160,180,196,196,222,222,222],"floor_reached":51,"playtime":1735,"items_purged":["Strike_G","Strike_G","Strike_G","Strike_G"],"score":897,"play_id":"c44324f2-cad6-4794-b1e9-67ca7784c7ec","local_time":"20181015144930","is_ascension_mode":false,"campfire_choices":[{"data":"Glass Knife","floor":6.0,"key":"SMITH"},{"data":"Crippling Poison","floor":8.0,"key":"SMITH"},{"data":"Noxious Fumes","floor":12.0,"key":"SMITH"},{"data":"Footwork","floor":15.0,"key":"SMITH"},{"data":"Footwork","floor":23.0,"key":"SMITH"},{"data":"Bouncing Flask","floor":25,"key":"SMITH"},{"data":"Corpse Explosion","floor":29,"key":"SMITH"},{"data":"Night Terror","floor":32,"key":"SMITH"},{"data":"Catalyst","floor":41,"key":"SMITH"},{"data":"Setup","floor":47,"key":"SMITH"},{"data":"Crippling Poison","floor":49,"key":"SMITH"}],"neow_cost":"TEN_PERCENT_HP_LOSS","seed_source_timestamp":14925820797616,"circlet_count":0,"master_deck":["Defend_G","Defend_G","Defend_G","Defend_G","Defend_G","Strike_G","Survivor","Neutralize","Predator","Crippling Poison+1","Footwork+1","Glass Knife+1","Poisoned Stab","Noxious Fumes+1","Unload","Corpse Explosion+1","Bouncing Flask+1","Footwork+1","Ghostly","Ghostly","Ghostly","Ghostly","Ghostly","Outmaneuver","Noxious Fumes+1","Dodge and Roll","Prepared+1","Night Terror+1","Bullet Time","Catalyst+1","Concentrate+1","Outmaneuver","Backflip","Storm of Steel","Prepared+1","Concentrate","Escape Plan+1","Corpse Explosion","Crippling Poison+1","Leg Sweep","Setup+1","Catalyst+1"],"special_seed":0,"relics":["Ring of the Snake","Potion Belt","Du-Vu Doll","Shuriken","Runic Pyramid","Frozen Egg 2","Orrery","Calipers","Membership Card","Happy Flower","Juzu Bracelet","Ice Cream","Ninja Scroll"],"potions_floor_usage":[24,35,50,50],"damage_taken":[{"damage":2.0,"enemies":"2 Louse","floor":1.0,"turns":4.0},{"damage":0.0,"enemies":"Jaw Worm","floor":2.0,"turns":3.0},{"damage":0.0,"enemies":"Small Slimes","floor":7.0,"turns":2.0},{"damage":12.0,"enemies":"Exordium Thugs","floor":11.0,"turns":4.0},{"damage":0.0,"enemies":"Large Slime","floor":14.0,"turns":5.0},{"damage":4.0,"enemies":"Hexaghost","floor":16.0,"turns":8.0},{"damage":0.0,"enemies":"Chosen","floor":18.0,"turns":4.0},{"damage":0.0,"enemies":"2 Thieves","floor":22.0,"turns":4.0},{"damage":0,"enemies":"Cultist and Chosen","floor":24,"turns":7},{"damage":1,"enemies":"Chosen and Byrds","floor":28,"turns":6},{"damage":0,"enemies":"Centurion and Healer","floor":30,"turns":6},{"damage":0,"enemies":"Snake Plant","floor":31,"turns":6},{"damage":11,"enemies":"Automaton","floor":33,"turns":9},{"damage":0,"enemies":"3 Shapes","floor":35,"turns":3},{"damage":0,"enemies":"Orb Walker","floor":36,"turns":4},{"damage":0,"enemies":"Mysterious Sphere","floor":37,"turns":6},{"damage":0,"enemies":"Nemesis","floor":40,"turns":7},{"damage":0,"enemies":"Transient","floor":42,"turns":5},{"damage":0,"enemies":"Maw","floor":45,"turns":6},{"damage":0,"enemies":"Spire Growth","floor":46,"turns":4},{"damage":0,"enemies":"Giant Head","floor":48,"turns":3},{"damage":0,"enemies":"Time Eater","floor":50,"turns":3}],"seed_played":"6644536220615268417","potions_obtained":[{"floor":1.0,"key":"Swift Potion"},{"floor":11.0,"key":"EssenceOfSteel"},{"floor":14.0,"key":"Block Potion"},{"floor":28,"key":"Regen Potion"},{"floor":30,"key":"GhostInAJar"},{"floor":33,"key":"Block Potion"},{"floor":35,"key":"Weak Potion"},{"floor":46,"key":"Energy Potion"}],"is_trial":false,"path_per_floor":["M","M","$","?","?","R","M","R","T","?","M","R","?","M","R","B",null,"M","$","?","?","M","R","M","R","T","$","M","R","M","M","R","B",null,"M","M","?","?","$","E","R","M","T","$","M","M","R","E","R","B"],"character_chosen":"THE_SILENT","items_purchased":["Footwork","Potion Belt","Glass Knife","Footwork","Noxious Fumes+1","Membership Card","Ice Cream","Leg Sweep","Setup"],"campfire_rested":0,"item_purchase_floors":[3,3,3,19,27,39,44,44,44],"current_hp_per_floor":[61,61,61,61,54,54,54,54,54,39,27,27,32,32,32,28,68,68,68,68,34,34,34,34,34,34,34,33,33,33,33,33,22,34,34,34,34,34,34,34,34,34,34,34,34,34,34,34,34,34],"gold":222,"neow_bonus":"TWO_FIFTY_GOLD","is_prod":false,"is_daily":false,"chose_seed":false,"campfire_upgraded":11,"win_rate":0,"timestamp":1539586170,"path_taken":["M","M","$","?","?","R","M","R","T","?","?","R","?","?","R","BOSS","M","$","?","?","?","R","M","R","T","$","M","R","M","M","R","BOSS","M","M","?","?","$","E","R","M","T","$","M","M","R","E","R","BOSS"],"build_version":"2018-10-11","purchased_purges":4,"victory":true,"max_hp_per_floor":[63,63,63,63,63,63,63,63,63,63,63,63,68,68,68,68,68,68,68,68,34,34,34,34,34,34,34,34,34,34,34,34,34,34,34,34,34,34,34,34,34,34,34,34,34,34,34,34,34,34],"card_choices":[{"not_picked":["Accuracy","Backflip"],"picked":"Predator","floor":1.0},{"not_picked":["Deflect","Dash"],"picked":"Crippling Poison","floor":2.0},{"not_picked":["Underhanded Strike","Acrobatics"],"picked":"Poisoned Stab","floor":7.0},{"not_picked":["Flying Knee","PiercingWail"],"picked":"Noxious Fumes","floor":11.0},{"not_picked":["Backstab","Bane"],"picked":"Unload","floor":14.0},{"not_picked":["Grand Finale","Night Terror"],"picked":"Corpse Explosion","floor":16.0},{"not_picked":["Cloak And Dagger","Backflip+1"],"picked":"Bouncing Flask","floor":18.0},{"not_picked":["Blade Dance+1","Quick Slash","Cloak And Dagger+1"],"picked":"SKIP","floor":22.0},{"not_picked":["Prepared","Quick Slash"],"picked":"Outmaneuver","floor":24},{"not_picked":["Bane","Choke"],"picked":"Dodge and Roll","floor":28},{"not_picked":["Flying Knee","Riddle With Holes+1"],"picked":"Prepared+1","floor":30},{"not_picked":["Leg Sweep","Flying Knee"],"picked":"Night Terror","floor":31},{"not_picked":["Envenom+1","A Thousand Cuts+1"],"picked":"Bullet Time","floor":33},{"not_picked":["Prepared","Setup"],"picked":"Catalyst","floor":34},{"not_picked":["Dodge and Roll","Bane"],"picked":"Concentrate+1","floor":34},{"not_picked":["Endless Agony","Dagger Spray+1"],"picked":"Outmaneuver","floor":34},{"not_picked":["Dagger Spray","Slice"],"picked":"Backflip","floor":34},{"not_picked":["Underhanded Strike","Dodge and Roll"],"picked":"Storm of Steel","floor":34},{"not_picked":["Poisoned Stab+1","Dash+1"],"picked":"Prepared+1","floor":35},{"not_picked":["Tactician","Dash"],"picked":"Concentrate","floor":36},{"not_picked":["Expertise+1","Poisoned Stab+1"],"picked":"Escape Plan+1","floor":37},{"not_picked":["Slice+1","Dodge and Roll+1"],"picked":"Corpse Explosion","floor":40},{"not_picked":["Deflect","Dodge and Roll"],"picked":"Crippling Poison","floor":42},{"not_picked":["Eviscerate+1","Prepared+1"],"picked":"Catalyst+1","floor":45},{"not_picked":["Sucker Punch","Predator","Cloak And Dagger"],"picked":"SKIP","floor":46},{"not_picked":["Dagger Spray","Dash","Caltrops+1"],"picked":"SKIP","floor":48}],"player_experience":207661,"relics_obtained":[{"floor":9.0,"key":"Shuriken"},{"floor":26,"key":"Frozen Egg 2"},{"floor":37,"key":"Calipers"},{"floor":40,"key":"Happy Flower"},{"floor":43,"key":"Juzu Bracelet"},{"floor":48,"key":"Ninja Scroll"}],"event_choices":[{"event_name":"The Cleric","player_choice":"Leave","floor":4.0,"damage_taken":0.0},{"event_name":"Scrap Ooze","player_choice":"success","floor":5.0,"damage_taken":7.0},{"event_name":"Golden Idol","player_choice":"Take Damage","floor":10.0,"damage_taken":0.0},{"event_name":"Big Fish","player_choice":"Donut","floor":13.0,"damage_taken":0.0},{"event_name":"The Woman in Blue","player_choice":"Bought 0 Potions","floor":20.0,"damage_taken":0.0},{"event_name":"Ghosts","player_choice":"Became a Ghost","floor":21.0,"damage_taken":0.0},{"event_name":"Mysterious Sphere","player_choice":"Fight","floor":37,"damage_taken":0},{"event_name":"The Moai Head","player_choice":"Gave Idol","floor":38,"damage_taken":0}],"is_beta":false,"boss_relics":[{"not_picked":["Ring of the Serpent","Coffee Dripper"],"picked":"Runic Pyramid"},{"not_picked":["Lizard Tail","Black Star"],"picked":"Orrery"}],"items_purged_floors":[19,27,39,44],"is_endless":false,"potions_floor_spawned":[1,11,14,28,30,33,35,42,45,46],"ascension_level":0}