{"gold_per_floor":[20,33,44,59,59,59,70,70,70,70,100,100,9,39,39,113,113,129,129,42,42,55,55,84,84,138,138,63,76,76,91,91,164,164,180,80,100,149,149,149,184,184,237,237,5,5,32,43,43,43],"floor_reached":50,"playtime":1548,"items_purged":["Strike_G","Strike_G"],"score":1074,"play_id":"e14bba0f-c194-4aac-94a7-5346fde2898d","local_time":"20181013092613","is_ascension_mode":true,"campfire_choices":[{"data":"Deadly Poison","floor":6,"key":"SMITH"},{"data":"Footwork","floor":8,"key":"SMITH"},{"data":"Neutralize","floor":10,"key":"SMITH"},{"data":"Footwork","floor":12,"key":"SMITH"},{"data":"Deadly Poison","floor":15,"key":"SMITH"},{"data":"Catalyst","floor":23,"key":"SMITH"},{"data":"Noxious Fumes","floor":25,"key":"SMITH"},{"data":"Deadly Poison","floor":27,"key":"SMITH"},{"data":"Deadly Poison","floor":30,"key":"SMITH"},{"data":"Corpse Explosion","floor":32,"key":"SMITH"}],"neow_cost":"NO_GOLD","seed_source_timestamp":734711116481,"circlet_count":0,"master_deck":["Defend_G+1","Defend_G+1","Defend_G+1","Defend_G+1","Strike_G+1","Survivor+1","Neutralize+1","AscendersBane","Deadly Poison+1","Dash+1","Footwork+1","All Out Attack+1","Footwork+1","Deadly Poison+1","Dash+1","Corpse Explosion+1","Deadly Poison+1","Catalyst+1","Noxious Fumes+1","Ghostly+1","Ghostly+1","Ghostly+1","Ghostly+1","Ghostly+1","Deadly Poison+1","PiercingWail+1","Poisoned Stab+1","Glass Knife+1","Escape Plan+1","Backflip+1","Deflect+1"],"relics":["Ring of the Snake","Letter Opener","StoneCalendar","Mummified Hand","Coffee Dripper","Oddly Smooth Stone","Tiny Chest","Sozu","Dead Branch","Mark of the Bloom","Snake Skull","Blood Vial","Frozen Eye","PreservedInsect"],"potions_floor_usage":[4,11,24],"damage_taken":[{"damage":0,"enemies":"Cultist","floor":1,"turns":5},{"damage":2,"enemies":"Jaw Worm","floor":2,"turns":5},{"damage":0,"enemies":"Small Slimes","floor":3,"turns":3},{"damage":10,"enemies":"Exordium Thugs","floor":4,"turns":7},{"damage":1,"enemies":"3 Louse","floor":7,"turns":4},{"damage":19,"enemies":"Gremlin Nob","floor":11,"turns":4},{"damage":10,"enemies":"3 Sentries","floor":14,"turns":6},{"damage":7,"enemies":"The Guardian","floor":16,"turns":10},{"damage":5,"enemies":"Shell Parasite","floor":18,"turns":6},{"damage":13,"enemies":"3 Byrds","floor":22,"turns":3},{"damage":3,"enemies":"Book of Stabbing","floor":24,"turns":6},{"damage":3,"enemies":"Snake Plant","floor":29,"turns":5},{"damage":1,"enemies":"Centurion and Healer","floor":31,"turns":6},{"damage":0,"enemies":"Collector","floor":33,"turns":6},{"damage":2,"enemies":"3 Darklings","floor":35,"turns":4},{"damage":0,"enemies":"3 Shapes","floor":37,"turns":2},{"damage":11,"enemies":"Mysterious Sphere","floor":38,"turns":4},{"damage":1,"enemies":"2 Orb Walkers","floor":41,"turns":5},{"damage":0,"enemies":"Transient","floor":48,"turns":5},{"damage":21,"enemies":"Time Eater","floor":50,"turns":9}],"seed_played":"-6600648304530992370","potions_obtained":[{"floor":1,"key":"FairyPotion"},{"floor":2,"key":"SpeedPotion"},{"floor":4,"key":"AttackPotion"},{"floor":16,"key":"SteroidPotion"},{"floor":29,"key":"Fire Potion"}],"is_trial":false,"path_per_floor":["M","M","M","M","$","R","M","R","T","R","E","R","$","E","R","B",null,"M","?","$","?","M","R","E","R","T","R","$","M","R","M","R","B",null,"M","$","M","?","?","R","E","R","T","R","$","?","T","M","R"],"character_chosen":"THE_SILENT","items_purchased":["Deadly Poison","Dash","Noxious Fumes","Frozen Eye"],"campfire_rested":0,"item_purchase_floors":[13,13,20,45],"current_hp_per_floor":[59,57,57,47,47,47,46,46,46,46,27,27,27,17,17,10,52,47,47,47,33,20,20,17,17,17,17,17,14,14,13,13,13,28,26,26,26,15,15,15,14,14,14,14,14,14,14,14,14,0],"gold":43,"neow_bonus":"REMOVE_TWO","is_prod":false,"is_daily":false,"chose_seed":false,"campfire_upgraded":10,"win_rate":0,"timestamp":1539393973,"path_taken":["M","M","M","?","$","R","?","R","T","R","E","R","$","E","R","BOSS","M","?","$","?","M","R","E","R","T","R","$","M","R","M","R","BOSS","M","$","M","?","?","R","E","R","T","R","$","?","?","M","R","BOSS"],"build_version":"2018-10-11","purchased_purges":2,"victory":false,"max_hp_per_floor":[66,66,66,66,66,66,66,66,66,66,66,66,66,66,66,66,66,66,66,66,33,33,33,33,33,33,33,33,33,33,33,33,33,33,33,33,33,33,33,33,33,33,33,33,33,33,33,33,33,33],"card_choices":[{"not_picked":["Tactician","Dagger Throw"],"picked":"Deadly Poison","floor":1},{"not_picked":["Quick Slash","Blade Dance"],"picked":"Dash","floor":2},{"not_picked":["Acrobatics","Dagger Throw","Dagger Spray"],"picked":"SKIP","floor":3},{"not_picked":["Terror","PiercingWail"],"picked":"Footwork","floor":4},{"not_picked":["Bane","Underhanded Strike"],"picked":"All Out Attack","floor":7},{"not_picked":["Reflex","Setup"],"picked":"Footwork","floor":11},{"not_picked":["Storm of Steel","Bane","Terror"],"picked":"SKIP","floor":14},{"not_picked":["Night Terror","Unload"],"picked":"Corpse Explosion","floor":16},{"not_picked":["Quick Slash","Calculated Gamble"],"picked":"Deadly Poison","floor":18},{"not_picked":["Crippling Poison","Underhanded Strike"],"picked":"Deadly Poison","floor":22},{"not_picked":["Dagger Throw","Choke","Tactician"],"picked":"SKIP","floor":24},{"not_picked":["Dagger Throw","Accuracy"],"picked":"PiercingWail","floor":29},{"not_picked":["Expertise","Bane"],"picked":"Poisoned Stab+1","floor":31},{"not_picked":["Grand Finale","Corpse Explosion"],"picked":"Glass Knife","floor":33},{"not_picked":["Sucker Punch","Skewer","Underhanded Strike"],"picked":"SKIP","floor":35},{"not_picked":["Poisoned Stab","Bane"],"picked":"Escape Plan","floor":37},{"not_picked":["Cloak And Dagger","Deflect"],"picked":"Backflip+1","floor":38},{"not_picked":["Underhanded Strike","Quick Slash","Reflex"],"picked":"SKIP","floor":41},{"not_picked":["Prepared","Underhanded Strike"],"picked":"Deflect+1","floor":48}],"player_experience":141137,"relics_obtained":[{"floor":9,"key":"Letter Opener"},{"floor":11,"key":"StoneCalendar"},{"floor":14,"key":"Mummified Hand"},{"floor":24,"key":"Oddly Smooth Stone"},{"floor":26,"key":"Tiny Chest"},{"floor":38,"key":"Dead Branch"},{"floor":41,"key":"Snake Skull"},{"floor":43,"key":"Blood Vial"},{"floor":47,"key":"PreservedInsect"}],"event_choices":[{"event_name":"The Library","player_choice":"Read","floor":19,"damage_taken":0},{"event_name":"Ghosts","player_choice":"Became a Ghost","floor":21,"damage_taken":0},{"event_name":"Mysterious Sphere","player_choice":"Fight","floor":38,"damage_taken":0},{"event_name":"MindBloom","player_choice":"Upgrade","floor":39,"damage_taken":0},{"event_name":"Purifier","player_choice":"One Purge","floor":46,"damage_taken":0}],"is_beta":false,"boss_relics":[{"not_picked":["Lizard Tail","Black Star"],"picked":"Coffee Dripper"},{"not_picked":["Eternal Feather","Ring of the Serpent"],"picked":"Sozu"}],"items_purged_floors":[28,36],"is_endless":false,"potions_floor_spawned":[1,2,4,16,29,31,35,38,41,48],"killed_by":"Time Eater","ascension_level":16}