{"gold_per_floor":[118,118,118,118,138,138,138,49,49,49,49,49,49,49,49,145,145,159,177,197,197,42,66,66,16,84,84,84,108,149,162,162,261,261,282,303,303,303,318,358,370,382],"floor_reached":42,"playtime":1299,"items_purged":["Steam Power"],"score":964,"play_id":"76583250-fd1d-4086-9140-f1fb6236edb0","local_time":"20190310013630","is_ascension_mode":true,"campfire_choices":[{"data":"Sunder","floor":6.0,"key":"SMITH"},{"data":"Discovery","floor":10.0,"key":"SMITH"},{"data":"Zap","floor":12.0,"key":"SMITH"},{"data":"Hologram","floor":15.0,"key":"SMITH"},{"data":"Turbo","floor":24.0,"key":"SMITH"},{"data":"Skim","floor":27.0,"key":"SMITH"},{"data":"Seek","floor":32.0,"key":"SMITH"},{"data":"Consume","floor":41,"key":"SMITH"}],"neow_cost":"NONE","seed_source_timestamp":0,"circlet_count":0,"master_deck":["AscendersBane","Zap+1","Dualcast","Consume+1","Sunder+1","Discovery+1","Hologram+1","Seek+1","Tempest","Loop","Skim+1","Turbo+1","Turbo","Streamline","Hologram","Skim","Beam Cell+1","Leap","Reinforced Body","Steam","Cold Snap","Buffer","Undo","Dark Shackles","Thunder Strike"],"special_seed":0,"relics":["Cracked Core","NeowsBlessing","Golden Idol","Bottled Lightning","Nloth\u0027s Gift","Strawberry","Sozu","Mercury Hourglass","MawBank"],"potions_floor_usage":[],"damage_taken":[{"damage":0.0,"enemies":"Cultist","floor":1.0,"turns":1.0},{"damage":0.0,"enemies":"2 Louse","floor":5.0,"turns":1.0},{"damage":0.0,"enemies":"The Guardian","floor":16.0,"turns":1.0},{"damage":5.0,"enemies":"3 Byrds","floor":18.0,"turns":4.0},{"damage":0.0,"enemies":"Chosen","floor":19.0,"turns":3.0},{"damage":12.0,"enemies":"Snake Plant","floor":20.0,"turns":4.0},{"damage":16.0,"enemies":"Centurion and Healer","floor":23.0,"turns":6.0},{"damage":0.0,"enemies":"3 Cultists","floor":29.0,"turns":3.0},{"damage":13.0,"enemies":"Slavers","floor":30.0,"turns":5.0},{"damage":0.0,"enemies":"Snake Plant","floor":31.0,"turns":2.0},{"damage":9.0,"enemies":"Automaton","floor":33.0,"turns":7.0},{"damage":0.0,"enemies":"3 Darklings","floor":35.0,"turns":2.0},{"damage":0.0,"enemies":"3 Shapes","floor":36.0,"turns":2.0},{"damage":0.0,"enemies":"Jaw Worm Horde","floor":39.0,"turns":5.0},{"damage":31,"enemies":"Nemesis","floor":40,"turns":11},{"damage":4,"enemies":"Reptomancer","floor":42,"turns":3}],"seed_played":"-5459438831790487675","potions_obtained":[{"floor":1.0,"key":"Weak Potion"},{"floor":19.0,"key":"Block Potion"},{"floor":23.0,"key":"Explosive Potion"},{"floor":30.0,"key":"SpeedPotion"},{"floor":33.0,"key":"Explosive Potion"}],"is_trial":false,"path_per_floor":["M","$","?","?","M","R","?","$","T","R","$","R","?","$","R","B",null,"M","M","M","?","$","M","R","$","T","R","?","M","E","M","R","B",null,"M","M","?","T","M","E","R","E"],"character_chosen":"DEFECT","items_purchased":["Discovery","Skim","Leap"],"campfire_rested":0,"item_purchase_floors":[8,22,25],"current_hp_per_floor":[64,64,43,43,43,43,43,43,43,43,43,43,43,43,43,43,59,54,54,42,42,42,26,26,26,26,26,26,26,20,20,20,11,56,56,56,56,56,56,25,25,21],"gold":382,"neow_bonus":"THREE_ENEMY_KILL","is_prod":false,"is_daily":false,"chose_seed":false,"campfire_upgraded":8,"win_rate":0,"timestamp":1552152990,"path_taken":["M","?","?","?","?","R","?","$","T","R","$","R","?","?","R","BOSS","M","?","M","?","$","M","R","$","T","R","?","M","E","?","R","BOSS","M","M","?","?","M","E","R","E"],"build_version":"2019-01-23","purchased_purges":1,"victory":false,"max_hp_per_floor":[71,71,71,64,64,64,64,64,64,64,64,64,64,64,64,64,64,64,64,64,64,64,64,64,64,64,64,64,64,71,71,71,71,71,71,71,71,71,71,71,71,71],"card_choices":[{"not_picked":["Steam","Go for the Eyes"],"picked":"Consume","floor":1.0},{"not_picked":["Compile Driver","Turbo"],"picked":"Sunder","floor":5.0},{"not_picked":["Biased Cognition","Amplify"],"picked":"Seek","floor":16.0},{"not_picked":["Stack","Rebound"],"picked":"Hologram","floor":18.0},{"not_picked":["Hologram","Doom and Gloom","Gash"],"picked":"SKIP","floor":19.0},{"not_picked":["Stack","Rebound","Gash"],"picked":"SKIP","floor":20.0},{"not_picked":["Hello World","Reinforced Body"],"picked":"Beam Cell+1","floor":23.0},{"not_picked":["Beam Cell","Biased Cognition"],"picked":"Reinforced Body","floor":29.0},{"not_picked":["Gash","Compile Driver"],"picked":"Steam","floor":30.0},{"not_picked":["Go for the Eyes","Stack"],"picked":"Cold Snap","floor":31.0},{"not_picked":["Rainbow","Thunder Strike"],"picked":"Buffer","floor":33.0},{"not_picked":["Consume+1","Beam Cell","Hologram"],"picked":"SKIP","floor":35.0},{"not_picked":["Compile Driver","FTL"],"picked":"Undo","floor":36.0},{"not_picked":["Swift Strike","Madness"],"picked":"Dark Shackles","floor":37.0},{"not_picked":["Leap","Storm","Cold Snap"],"picked":"SKIP","floor":39.0},{"not_picked":["Streamline","Rainbow"],"picked":"Thunder Strike","floor":40}],"player_experience":1173894,"relics_obtained":[{"floor":26.0,"key":"Bottled Lightning"},{"floor":30.0,"key":"Strawberry"},{"floor":38.0,"key":"Mercury Hourglass"},{"floor":40,"key":"MawBank"}],"event_choices":[{"damage_healed":0.0,"max_hp_gain":0.0,"max_hp_loss":0.0,"gold_gain":0.0,"event_name":"Shining Light","player_choice":"Entered Light","floor":3.0,"gold_loss":0.0,"damage_taken":21.0,"cards_upgraded":["Defend_B","Defend_B"]},{"damage_healed":0.0,"max_hp_gain":0.0,"max_hp_loss":7.0,"gold_gain":0.0,"event_name":"Golden Idol","player_choice":"Lose Max HP","floor":4.0,"gold_loss":0.0,"damage_taken":0.0,"relics_obtained":["Golden Idol"]},{"damage_healed":0.0,"max_hp_gain":0.0,"max_hp_loss":0.0,"gold_gain":0.0,"event_name":"Dead Adventurer","player_choice":"Searched \u00270\u0027 times","floor":7.0,"gold_loss":0.0,"damage_taken":0.0},{"damage_healed":0.0,"max_hp_gain":0.0,"max_hp_loss":0.0,"gold_gain":0.0,"cards_transformed":["Strike_B"],"event_name":"Living Wall","player_choice":"Change","floor":13.0,"gold_loss":0.0,"damage_taken":0.0,"cards_obtained":["Hologram"]},{"damage_healed":0.0,"max_hp_gain":0.0,"max_hp_loss":0.0,"gold_gain":0.0,"event_name":"The Mausoleum","player_choice":"Ignored","floor":21.0,"gold_loss":0.0,"damage_taken":0.0},{"damage_healed":0.0,"max_hp_gain":0.0,"max_hp_loss":0.0,"gold_gain":0.0,"event_name":"N\u0027loth","player_choice":"Traded Relic","floor":28.0,"relics_lost":["Pandora\u0027s Box"],"gold_loss":0.0,"damage_taken":0.0,"relics_obtained":["Nloth\u0027s Gift"]},{"damage_healed":0.0,"max_hp_gain":0.0,"max_hp_loss":0.0,"gold_gain":0.0,"event_name":"SensoryStone","player_choice":"Memory 1","floor":37.0,"gold_loss":0.0,"damage_taken":0.0}],"is_beta":false,"boss_relics":[{"not_picked":["Runic Pyramid","Busted Crown"],"picked":"Pandora\u0027s Box"},{"not_picked":["Philosopher\u0027s Stone","Lizard Tail"],"picked":"Sozu"}],"items_purged_floors":[22],"is_endless":false,"potions_floor_spawned":[1,19,23,30,33,35],"killed_by":"Reptomancer","ascension_level":20}