{"gold_per_floor":[118,128,29,79,97,97,97,112,112,128,146,146],"floor_reached":12,"playtime":289,"items_purged":[],"score":144,"play_id":"c080f3ef-316c-4045-b6c0-fb3b42c9a8b1","local_time":"20181121231109","is_ascension_mode":true,"campfire_choices":[{"data":"Neutralize","floor":6,"key":"SMITH"}],"neow_cost":"NONE","seed_source_timestamp":16925548950500,"circlet_count":0,"master_deck":["AscendersBane","Defend_G","Defend_G","Defend_G","Defend_G","Defend_G","Strike_G","Strike_G","Strike_G","Strike_G","Strike_G","Survivor","Neutralize+1","Acrobatics","Footwork+1","Tactician"],"relics":["Ring of the Snake","NeowsBlessing"],"potions_floor_usage":[11],"damage_taken":[{"damage":0,"enemies":"2 Louse","floor":1,"turns":1},{"damage":0,"enemies":"Cultist","floor":2,"turns":1},{"damage":0,"enemies":"Jaw Worm","floor":5,"turns":1},{"damage":12,"enemies":"Lots of Slimes","floor":8,"turns":9},{"damage":0,"enemies":"2 Fungi Beasts","floor":10,"turns":4},{"damage":35,"enemies":"Exordium Thugs","floor":11,"turns":12},{"damage":12,"enemies":"Exordium Wildlife","floor":12,"turns":1}],"seed_played":"-6687922219942093850","potions_obtained":[{"floor":2,"key":"GamblersBrew"},{"floor":10,"key":"Fruit Juice"},{"floor":11,"key":"Explosive Potion"}],"is_trial":false,"path_per_floor":["M","M","$","?","M","R","?","M","T","M","M","M"],"character_chosen":"THE_SILENT","items_purchased":["Acrobatics","Footwork"],"campfire_rested":0,"item_purchase_floors":[3,3],"current_hp_per_floor":[59,59,59,53,53,53,53,41,41,41,11,0],"gold":146,"neow_bonus":"THREE_ENEMY_KILL","is_prod":false,"is_daily":false,"chose_seed":false,"campfire_upgraded":1,"win_rate":0,"timestamp":1542813069,"path_taken":["M","M","$","?","?","R","?","M","T","?","M","M"],"build_version":"2018-11-15","purchased_purges":0,"victory":false,"max_hp_per_floor":[66,66,66,66,66,66,66,66,66,66,71,71],"card_choices":[{"not_picked":["Bane","Dagger Throw","All Out Attack"],"picked":"SKIP","floor":1},{"not_picked":["Blade Dance","Eviscerate","Leg Sweep"],"picked":"SKIP","floor":2},{"not_picked":["Crippling Poison","Dagger Throw","Skewer"],"picked":"SKIP","floor":5},{"not_picked":["Quick Slash","Dodge and Roll"],"picked":"Tactician","floor":8},{"not_picked":["Flying Knee","Die Die Die","Blade Dance"],"picked":"SKIP","floor":10},{"not_picked":["PiercingWail","Slice","Dagger Throw"],"picked":"SKIP","floor":11}],"player_experience":1135376,"relics_obtained":[],"event_choices":[{"damage_healed":0,"gold_gain":50,"player_choice":"Touch","damage_taken":6,"max_hp_gain":0,"max_hp_loss":0,"event_name":"FaceTrader","floor":4,"gold_loss":0},{"damage_healed":0,"gold_gain":0,"player_choice":"Forge","damage_taken":0,"max_hp_gain":0,"max_hp_loss":0,"event_name":"Accursed Blacksmith","floor":7,"gold_loss":0,"cards_upgraded":["Footwork"]}],"is_beta":true,"boss_relics":[],"items_purged_floors":[],"is_endless":false,"potions_floor_spawned":[2,10,11],"killed_by":"Exordium Wildlife","ascension_level":20}