{"gold_per_floor":[109,59,78,78,78,78,93,93,93,21,21,54,54,87,87,210,273,291,14,14,14,30,30,46,46,46,67,103,128,164,164,164,283,283,303,5,338,338,352,352,383,383,383,396,429,479,479,314,314,314,314,314,113,148,148],"floor_reached":56,"playtime":1525,"items_purged":["Strike_G","Strike_G+1","Defend_G","Defend_G"],"score":1472,"play_id":"71b2a4bf-8673-4e23-a81b-5c657ddd0823","local_time":"20190801130707","is_ascension_mode":false,"campfire_choices":[{"data":"Predator","floor":6.0,"key":"SMITH"},{"data":"Neutralize","floor":8.0,"key":"SMITH"},{"data":"A Thousand Cuts","floor":11.0,"key":"SMITH"},{"data":"Footwork","floor":15.0,"key":"SMITH"},{"data":"Prepared","floor":23.0,"key":"SMITH"},{"data":"Acrobatics","floor":25.0,"key":"SMITH"},{"data":"Grand Finale","floor":32.0,"key":"SMITH"},{"data":"Backflip","floor":40.0,"key":"SMITH"},{"data":"Survivor","floor":42.0,"key":"SMITH"},{"floor":47.0,"key":"REST"},{"floor":49,"key":"RECALL"},{"data":"Tactician","floor":52,"key":"SMITH"}],"neow_cost":"NONE","seed_source_timestamp":416710230679400,"circlet_count":0,"master_deck":["Defend_G","Survivor+1","Neutralize+1","Predator+1","A Thousand Cuts+1","Footwork+1","Grand Finale+1","Prepared+1","Backflip+1","Neutralize+1","Acrobatics+1","Acrobatics+1","Tactician+1"],"special_seed":0,"relics":["Ring of the Snake","NeowsBlessing","Mercury Hourglass","Mummified Hand","Art of War","Tiny House","DollysMirror","Sundial","Bag of Marbles","Unceasing Top","Pantograph","Eternal Feather","Medical Kit","Thread and Needle","Ornamental Fan","Tingsha","Letter Opener"],"potions_floor_usage":[55,55,55],"damage_taken":[{"damage":0.0,"enemies":"Jaw Worm","floor":1.0,"turns":1.0},{"damage":0.0,"enemies":"Small Slimes","floor":3.0,"turns":1.0},{"damage":0.0,"enemies":"2 Louse","floor":7.0,"turns":1.0},{"damage":22.0,"enemies":"Gremlin Nob","floor":12.0,"turns":5.0},{"damage":8.0,"enemies":"Lagavulin","floor":14.0,"turns":6.0},{"damage":7.0,"enemies":"Hexaghost","floor":16.0,"turns":12.0},{"damage":0.0,"enemies":"3 Byrds","floor":18.0,"turns":4.0},{"damage":0.0,"enemies":"Chosen","floor":22.0,"turns":3.0},{"damage":0.0,"enemies":"Centurion and Healer","floor":24.0,"turns":4.0},{"damage":0.0,"enemies":"Sentry and Sphere","floor":27.0,"turns":1.0},{"damage":0.0,"enemies":"Slavers","floor":28.0,"turns":1.0},{"damage":0.0,"enemies":"Cultist and Chosen","floor":29.0,"turns":2.0},{"damage":0.0,"enemies":"Book of Stabbing","floor":30.0,"turns":4.0},{"damage":5.0,"enemies":"Collector","floor":33.0,"turns":4.0},{"damage":10.0,"enemies":"3 Darklings","floor":35.0,"turns":3.0},{"damage":0.0,"enemies":"Orb Walker","floor":39.0,"turns":2.0},{"damage":0.0,"enemies":"Reptomancer","floor":41.0,"turns":2.0},{"damage":0.0,"enemies":"Transient","floor":44.0,"turns":5.0},{"damage":4.0,"enemies":"Nemesis","floor":45.0,"turns":5.0},{"damage":0.0,"enemies":"2 Orb Walkers","floor":46.0,"turns":3.0},{"damage":0,"enemies":"Awakened One","floor":50,"turns":2},{"damage":0,"enemies":"Shield and Spear","floor":54,"turns":1},{"damage":0,"enemies":"The Heart","floor":55,"turns":3}],"seed_played":"-5697602252949351152","potions_obtained":[{"floor":3.0,"key":"Swift Potion"},{"floor":7.0,"key":"Fire Potion"},{"floor":17.0,"key":"FairyPotion"},{"floor":27.0,"key":"Poison Potion"},{"floor":28.0,"key":"GamblersBrew"},{"floor":29.0,"key":"PowerPotion"},{"floor":39.0,"key":"GamblersBrew"}],"is_trial":false,"path_per_floor":["M","?","M","?","?","R","M","R","T","$","R","E","?","E","R","B",null,"M","$","?","?","M","R","M","R","T","M","E","M","E","T","R","B",null,"M","$","?","?","M","R","E","R","T","M","E","?","R","$","R","B",null,"R","$","E","B",null],"character_chosen":"THE_SILENT","items_purchased":["A Thousand Cuts","DollysMirror","Medical Kit","Tactician","PowerPotion"],"campfire_rested":1,"item_purchase_floors":[10,19,36,48,53],"current_hp_per_floor":[70,70,70,75,69,69,69,69,69,69,69,47,40,32,32,25,74,74,74,74,74,74,74,74,74,74,74,74,74,74,74,74,69,74,64,64,64,64,64,70,70,74,74,74,70,70,74,74,74,74,74,74,74,74,74],"gold":148,"neow_bonus":"THREE_ENEMY_KILL","is_prod":false,"is_daily":false,"chose_seed":false,"campfire_upgraded":10,"win_rate":0,"timestamp":1564636027,"path_taken":["M","?","M","?","?","R","M","R","T","$","R","E","?","E","R","BOSS","M","$","?","?","?","R","M","R","T","?","E","?","E","?","R","BOSS","M","$","?","?","M","R","E","R","T","M","E","?","R","$","R","BOSS","R","$","E","BOSS"],"build_version":"2019-07-17","purchased_purges":4,"victory":true,"max_hp_per_floor":[70,70,70,75,69,69,69,69,69,69,69,69,69,69,69,69,74,74,74,74,74,74,74,74,74,74,74,74,74,74,74,74,74,74,74,74,74,74,74,74,74,74,74,74,74,74,74,74,74,74,74,74,74,74,74],"card_choices":[{"not_picked":["Poisoned Stab","Infinite Blades","Bane"],"picked":"SKIP","floor":1.0},{"not_picked":["Dodge and Roll","Dagger Throw"],"picked":"Predator","floor":3.0},{"not_picked":["Underhanded Strike","PiercingWail","Flying Knee"],"picked":"SKIP","floor":7.0},{"not_picked":["Predator","Poisoned Stab","Deflect"],"picked":"SKIP","floor":12.0},{"not_picked":["Quick Slash","Dagger Throw"],"picked":"Footwork","floor":14.0},{"not_picked":["Wraith Form v2","Tools of the Trade"],"picked":"Grand Finale","floor":16.0},{"not_picked":["Slice","Flying Knee"],"picked":"Prepared","floor":17.0},{"not_picked":["Riddle With Holes","Backstab"],"picked":"Backflip","floor":18.0},{"not_picked":["Predator","Bullet Time","Underhanded Strike"],"picked":"SKIP","floor":22.0},{"not_picked":["Concentrate","Well Laid Plans"],"picked":"Acrobatics","floor":24.0},{"not_picked":["Bouncing Flask","Sucker Punch+1","Dagger Spray"],"picked":"SKIP","floor":27.0},{"not_picked":["Bouncing Flask","Sucker Punch+1","Dagger Spray"],"picked":"SKIP","floor":27.0},{"not_picked":["Dodge and Roll","Distraction+1","Underhanded Strike"],"picked":"SKIP","floor":28.0},{"not_picked":["Outmaneuver","Deadly Poison","Sucker Punch"],"picked":"SKIP","floor":29.0},{"not_picked":["Bouncing Flask","Wraith Form v2"],"picked":"Acrobatics+1","floor":30.0},{"not_picked":["Finisher+1","Bouncing Flask","PiercingWail"],"picked":"SKIP","floor":35.0},{"not_picked":["Slice","Deadly Poison","Leg Sweep"],"picked":"SKIP","floor":39.0},{"not_picked":["Dagger Throw","Quick Slash+1","Dash+1"],"picked":"SKIP","floor":41.0},{"not_picked":["All Out Attack+1","Caltrops+1","Deadly Poison+1"],"picked":"SKIP","floor":44.0},{"not_picked":["Dagger Spray+1","Underhanded Strike","Dash+1"],"picked":"SKIP","floor":45.0},{"not_picked":["Poisoned Stab+1","Underhanded Strike+1","Acrobatics"],"picked":"SKIP","floor":54}],"player_experience":710342,"relics_obtained":[{"floor":9.0,"key":"Mercury Hourglass"},{"floor":12.0,"key":"Mummified Hand"},{"floor":14.0,"key":"Art of War"},{"floor":26.0,"key":"Sundial"},{"floor":28.0,"key":"Bag of Marbles"},{"floor":30.0,"key":"Unceasing Top"},{"floor":31.0,"key":"Pantograph"},{"floor":41.0,"key":"Thread and Needle"},{"floor":45.0,"key":"Ornamental Fan"},{"floor":46.0,"key":"Tingsha"},{"floor":54,"key":"Letter Opener"}],"event_choices":[{"cards_removed":["Strike_G"],"damage_healed":0.0,"max_hp_gain":0.0,"max_hp_loss":0.0,"gold_gain":0.0,"event_name":"The Cleric","player_choice":"Card Removal","floor":2.0,"gold_loss":50.0,"damage_taken":0.0},{"damage_healed":0.0,"max_hp_gain":5.0,"max_hp_loss":0.0,"gold_gain":0.0,"event_name":"Big Fish","player_choice":"Donut","floor":4.0,"gold_loss":0.0,"damage_taken":0.0},{"damage_healed":0.0,"max_hp_gain":0.0,"max_hp_loss":6.0,"gold_gain":0.0,"event_name":"Golden Idol","player_choice":"Lose Max HP","floor":5.0,"gold_loss":0.0,"damage_taken":0.0,"relics_obtained":["Golden Idol"]},{"cards_removed":["Strike_G"],"damage_healed":0.0,"max_hp_gain":0.0,"max_hp_loss":0.0,"gold_gain":0.0,"event_name":"Golden Wing","player_choice":"Card Removal","floor":13.0,"gold_loss":0.0,"damage_taken":7.0},{"cards_removed":["Strike_G"],"damage_healed":0.0,"max_hp_gain":0.0,"max_hp_loss":0.0,"gold_gain":0.0,"event_name":"Back to Basics","player_choice":"Elegance","floor":20.0,"gold_loss":0.0,"damage_taken":0.0},{"cards_removed":["Defend_G"],"damage_healed":0.0,"max_hp_gain":0.0,"max_hp_loss":0.0,"gold_gain":0.0,"event_name":"Purifier","player_choice":"Purged","floor":21.0,"gold_loss":0.0,"damage_taken":0.0},{"damage_healed":0.0,"max_hp_gain":0.0,"max_hp_loss":0.0,"gold_gain":333.0,"event_name":"The Moai Head","player_choice":"Gave Idol","floor":37.0,"relics_lost":["Golden Idol"],"gold_loss":0.0,"damage_taken":0.0},{"cards_removed":["Defend_G"],"damage_healed":0.0,"max_hp_gain":0.0,"max_hp_loss":0.0,"gold_gain":0.0,"event_name":"Falling","player_choice":"Removed Skill","floor":38.0,"gold_loss":0.0,"damage_taken":0.0},{"damage_healed":0.0,"max_hp_gain":0.0,"max_hp_loss":0.0,"gold_gain":0.0,"event_name":"Mysterious Sphere","player_choice":"Fight","floor":46.0,"gold_loss":0.0,"damage_taken":0.0}],"is_beta":false,"boss_relics":[{"not_picked":["Ectoplasm","HoveringKite"],"picked":"Tiny House"},{"not_picked":["Orrery","Snecko Eye"],"picked":"Eternal Feather"}],"items_purged_floors":[19,36,48,53],"is_endless":false,"potions_floor_spawned":[3,7,27,28,29,39,45],"ascension_level":0}