{"path_per_floor":["M","?","?","M","?","R","E","M","T","M","M","R","M","M","R"],"character_chosen":"THE_SILENT","items_purchased":[],"gold_per_floor":[109,109,109,121,121,121,151,165,165,185,200,200,210,227,227,227],"floor_reached":16,"campfire_rested":1,"playtime":375,"item_purchase_floors":[],"current_hp_per_floor":[58,44,44,44,44,44,8,8,8,8,3,24,17,17,17,0],"items_purged":[],"gold":227,"score":146,"play_id":"0536cd85-e1d7-41fc-8b3c-8e7cefbf8f2a","local_time":"20180528154608","is_prod":false,"is_daily":false,"chose_seed":false,"is_ascension_mode":true,"campfire_upgraded":2,"win_rate":0,"timestamp":1527493568,"campfire_choices":[{"data":"Neutralize","floor":6,"key":"SMITH"},{"floor":12,"key":"REST"},{"data":"Calculated Gamble","floor":15,"key":"SMITH"}],"path_taken":["M","?","?","M","?","R","E","M","T","M","M","R","?","M","R","BOSS"],"build_version":"2018-05-25","seed_source_timestamp":19486806674266,"purchased_purges":0,"victory":false,"master_deck":["Defend_G","Defend_G","Defend_G+1","Defend_G","Strike_G","Strike_G","Strike_G","Strike_G+1","Survivor","Neutralize+1","Calculated Gamble+1","Underhanded Strike","Dagger Spray","Cloak And Dagger","Dagger Throw","Setup","Blade Dance"],"max_hp_per_floor":[70,70,70,70,70,70,70,70,70,70,70,70,70,70,70,70],"relics":["Ring of the Snake","Ice Cream","Blue Candle"],"card_choices":[{"not_picked":["Acrobatics","Underhanded Strike"],"picked":"Calculated Gamble","floor":1},{"not_picked":["Noxious Fumes","Outmaneuver"],"picked":"Dagger Spray","floor":4},{"not_picked":["Dash","Dagger Spray"],"picked":"Cloak And Dagger","floor":7},{"not_picked":["Acrobatics","Dodge and Roll","Quick Slash"],"picked":"SKIP","floor":8},{"not_picked":["Well Laid Plans","Dodge and Roll"],"picked":"Dagger Throw","floor":10},{"not_picked":["Leg Sweep","Prepared"],"picked":"Setup","floor":11},{"not_picked":["Phantasmal Killer","Outmaneuver","Blur"],"picked":"SKIP","floor":13},{"not_picked":["Poisoned Stab","Dagger Throw"],"picked":"Blade Dance","floor":14}],"player_experience":506436,"potions_floor_usage":[16],"damage_taken":[{"damage":5,"enemies":"Jaw Worm","floor":1,"turns":5},{"damage":0,"enemies":"Small Slimes","floor":4,"turns":4},{"damage":36,"enemies":"Gremlin Nob","floor":7,"turns":6},{"damage":0,"enemies":"Cultist","floor":8,"turns":3},{"damage":0,"enemies":"2 Fungi Beasts","floor":10,"turns":2},{"damage":5,"enemies":"3 Louse","floor":11,"turns":2},{"damage":7,"enemies":"Gremlin Gang","floor":13,"turns":3},{"damage":0,"enemies":"Large Slime","floor":14,"turns":5},{"damage":28,"enemies":"Slime Boss","floor":16,"turns":3}],"relics_obtained":[{"floor":7,"key":"Ice Cream"},{"floor":9,"key":"Blue Candle"}],"event_choices":[{"event_name":"Shining Light","player_choice":"Entered Light","floor":2,"damage_taken":0},{"event_name":"Transmorgrifier","player_choice":"Transform","floor":3,"damage_taken":0},{"event_name":"Purifier","player_choice":"One Purge","floor":5,"damage_taken":0}],"boss_relics":[],"items_purged_floors":[],"potions_floor_spawned":[7,8],"seed_played":"-7606598818606524038","killed_by":"Slime Boss","ascension_level":8,"potions_obtained":[{"floor":7,"key":"Dexterity Potion"},{"floor":8,"key":"LiquidBronze"}],"is_trial":false}