{"gold_per_floor":[117,40,40,118,293,293,293,184,231,249,110,145,145,160,160,255,255,268,106,123,139,139,139,159,159,159,178,178,28,39,56,56,158,158,178,198,198,198,210,210,242,242,242,267,284,284,296,331,331,331,331,331,2,27,27],"floor_reached":56,"playtime":1615,"items_purged":["Doubt","Strike_G","Strike_G","Strike_G","Defend_G"],"score":1365,"play_id":"f34ca398-f4b4-471e-96dd-a311215de6ef","local_time":"20181211164301","is_ascension_mode":false,"campfire_choices":[{"data":"Caltrops","floor":7.0,"key":"SMITH"},{"data":"Caltrops","floor":13.0,"key":"SMITH"},{"data":"Noxious Fumes","floor":15.0,"key":"SMITH"},{"data":"Noxious Fumes","floor":23.0,"key":"SMITH"},{"data":"Well Laid Plans","floor":25.0,"key":"SMITH"},{"data":"Footwork","floor":32.0,"key":"SMITH"},{"data":"Footwork","floor":40,"key":"SMITH"},{"floor":42,"key":"RECALL"},{"data":"Catalyst","floor":46,"key":"SMITH"},{"data":"Caltrops","floor":49,"key":"SMITH"},{"data":"Neutralize","floor":52,"key":"SMITH"}],"neow_cost":"TEN_PERCENT_HP_LOSS","seed_source_timestamp":14646624300096,"circlet_count":0,"master_deck":["Defend_G+1","Defend_G","Defend_G","Strike_G+1","Survivor","Neutralize+1","Caltrops+1","Caltrops+1","Well Laid Plans+1","Footwork+1","Footwork+1","Noxious Fumes+1","Corpse Explosion","Noxious Fumes+1","Backflip","Master of Strategy","Dodge and Roll+1","Catalyst+1","Caltrops+1","Backflip+1"],"special_seed":0,"relics":["Ring of the Snake","Regal Pillow","Happy Flower","Velvet Choker","Snake Skull","Sozu","PreservedInsect","Pen Nib","Oddly Smooth Stone","Centennial Puzzle","Bag of Marbles","Bronze Scales"],"potions_floor_usage":[45,55],"damage_taken":[{"damage":0.0,"enemies":"Small Slimes","floor":1.0,"turns":4.0},{"damage":1.0,"enemies":"Jaw Worm","floor":10.0,"turns":4.0},{"damage":26.0,"enemies":"Gremlin Nob","floor":12.0,"turns":5.0},{"damage":0.0,"enemies":"2 Louse","floor":14.0,"turns":4.0},{"damage":0.0,"enemies":"Hexaghost","floor":16.0,"turns":9.0},{"damage":6.0,"enemies":"2 Thieves","floor":18.0,"turns":4.0},{"damage":9.0,"enemies":"Spheric Guardian","floor":20.0,"turns":5.0},{"damage":3.0,"enemies":"Snake Plant","floor":21.0,"turns":3.0},{"damage":6.0,"enemies":"3 Cultists","floor":24.0,"turns":3.0},{"damage":15.0,"enemies":"Snecko","floor":27.0,"turns":5.0},{"damage":0.0,"enemies":"Chosen and Byrds","floor":30.0,"turns":4.0},{"damage":0.0,"enemies":"Centurion and Healer","floor":31.0,"turns":5.0},{"damage":18.0,"enemies":"Collector","floor":33.0,"turns":8.0},{"damage":8.0,"enemies":"3 Darklings","floor":35.0,"turns":4.0},{"damage":4.0,"enemies":"Orb Walker","floor":36.0,"turns":5.0},{"damage":0,"enemies":"Spire Growth","floor":39,"turns":5},{"damage":0,"enemies":"Giant Head","floor":41,"turns":9},{"damage":1,"enemies":"Reptomancer","floor":44,"turns":6},{"damage":7,"enemies":"Jaw Worm Horde","floor":45,"turns":3},{"damage":4,"enemies":"Sphere and 2 Shapes","floor":47,"turns":4},{"damage":0,"enemies":"Nemesis","floor":48,"turns":7},{"damage":15,"enemies":"Time Eater","floor":50,"turns":10},{"damage":8,"enemies":"Shield and Spear","floor":54,"turns":4},{"damage":37,"enemies":"The Heart","floor":55,"turns":7}],"seed_played":"-2782127592531670785","potions_obtained":[{"floor":12.0,"key":"SkillPotion"},{"floor":16.0,"key":"Block Potion"},{"floor":20.0,"key":"PowerPotion"},{"floor":21.0,"key":"FearPotion"},{"floor":31.0,"key":"GamblersBrew"}],"is_trial":false,"path_per_floor":["M","$","?","T","?","?","R","$","T","M","$","E","R","M","R","B",null,"M","$","M","M","?","R","M","R","T","M","?","$","M","M","R","B",null,"M","M","?","?","M","R","E","R","T","E","M","R","M","E","R","B",null,"R","$","E","B",null],"character_chosen":"THE_SILENT","items_purchased":["Caltrops","Well Laid Plans","Footwork","Noxious Fumes","Bag of Marbles"],"campfire_rested":0,"item_purchase_floors":[2,8,11,19,53],"current_hp_per_floor":[63,63,68,68,68,54,54,54,54,53,53,27,27,27,27,27,68,62,62,53,50,50,50,44,44,44,29,29,29,29,29,29,11,68,60,56,56,51,51,51,51,51,51,50,43,43,39,39,39,24,68,68,68,60,23],"gold":27,"neow_bonus":"REMOVE_TWO","is_prod":false,"is_daily":false,"chose_seed":false,"campfire_upgraded":10,"win_rate":0,"timestamp":1544517781,"path_taken":["M","$","?","?","?","?","R","$","T","M","$","E","R","M","R","BOSS","M","$","M","M","?","R","M","R","T","M","?","$","?","M","R","BOSS","M","M","?","?","M","R","E","R","T","E","M","R","M","E","R","BOSS","R","$","E","BOSS"],"build_version":"2018-12-06","purchased_purges":5,"victory":true,"max_hp_per_floor":[63,63,68,68,68,68,68,68,68,68,68,68,68,68,68,68,68,68,68,68,68,68,68,68,68,68,68,68,68,68,68,68,68,68,68,68,68,68,68,68,68,68,68,68,68,68,68,68,68,68,68,68,68,68,68],"card_choices":[{"not_picked":["Dagger Throw","Poisoned Stab"],"picked":"Caltrops","floor":1.0},{"not_picked":["Poisoned Stab","Slice","Cloak And Dagger"],"picked":"SKIP","floor":10.0},{"not_picked":["Leg Sweep","All Out Attack"],"picked":"Footwork","floor":12.0},{"not_picked":["Bane","Leg Sweep"],"picked":"Noxious Fumes","floor":14.0},{"not_picked":["Bullet Time","Grand Finale"],"picked":"Corpse Explosion","floor":16.0},{"not_picked":["Deflect","Quick Slash","PiercingWail+1"],"picked":"SKIP","floor":18.0},{"not_picked":["Quick Slash","Outmaneuver","Poisoned Stab+1"],"picked":"SKIP","floor":20.0},{"not_picked":["All Out Attack","Quick Slash","Heel Hook"],"picked":"SKIP","floor":21.0},{"not_picked":["Acrobatics","Underhanded Strike","Riddle With Holes"],"picked":"SKIP","floor":24.0},{"not_picked":["Poisoned Stab","Bane","Infinite Blades"],"picked":"SKIP","floor":27.0},{"not_picked":["Bane","Flying Knee"],"picked":"Backflip","floor":30.0},{"not_picked":["Sucker Punch","Prepared","Finisher"],"picked":"SKIP","floor":31.0},{"not_picked":["Choke+1","Dash+1","Cloak And Dagger"],"picked":"SKIP","floor":35.0},{"not_picked":["Heel Hook+1","Slice","Bane"],"picked":"SKIP","floor":36.0},{"not_picked":["Blind","Madness"],"picked":"Master of Strategy","floor":38},{"not_picked":["Dodge and Roll+1","Acrobatics","Dagger Spray+1"],"picked":"SKIP","floor":39},{"not_picked":["Acrobatics","Dagger Spray+1"],"picked":"Dodge and Roll+1","floor":39},{"not_picked":["Dagger Throw+1","Bane+1","Flechettes+1"],"picked":"SKIP","floor":41},{"not_picked":["Quick Slash","Eviscerate+1"],"picked":"Catalyst","floor":44},{"not_picked":["Outmaneuver+1","Bane+1"],"picked":"Caltrops","floor":45},{"not_picked":["Dash","Blade Dance","Cloak And Dagger"],"picked":"SKIP","floor":47},{"not_picked":["Infinite Blades","Calculated Gamble","Quick Slash"],"picked":"SKIP","floor":48},{"not_picked":["Unload","Sucker Punch+1"],"picked":"Backflip+1","floor":54}],"player_experience":1216276,"relics_obtained":[{"floor":9.0,"key":"Regal Pillow"},{"floor":12.0,"key":"Happy Flower"},{"floor":26.0,"key":"Snake Skull"},{"floor":41,"key":"PreservedInsect"},{"floor":43,"key":"Pen Nib"},{"floor":44,"key":"Oddly Smooth Stone"},{"floor":48,"key":"Centennial Puzzle"},{"floor":54,"key":"Bronze Scales"}],"event_choices":[{"damage_healed":0.0,"max_hp_gain":5.0,"max_hp_loss":0.0,"gold_gain":0.0,"event_name":"Big Fish","player_choice":"Donut","floor":3.0,"gold_loss":0.0,"damage_taken":0.0},{"damage_healed":0.0,"max_hp_gain":0.0,"max_hp_loss":0.0,"gold_gain":175.0,"event_name":"Liars Game","player_choice":"AGREE","floor":5.0,"gold_loss":0.0,"damage_taken":0.0,"cards_obtained":["Doubt"]},{"damage_healed":0.0,"max_hp_gain":0.0,"max_hp_loss":0.0,"gold_gain":0.0,"event_name":"Shining Light","player_choice":"Entered Light","floor":6.0,"gold_loss":0.0,"damage_taken":14.0,"cards_upgraded":["Defend_G","Strike_G"]},{"damage_healed":0.0,"max_hp_gain":0.0,"max_hp_loss":0.0,"gold_gain":0.0,"event_name":"Match and Keep!","player_choice":"0 cards matched","floor":28.0,"gold_loss":0.0,"damage_taken":0.0,"cards_obtained":[]},{"damage_healed":0.0,"max_hp_gain":0.0,"max_hp_loss":0.0,"gold_gain":0.0,"event_name":"Tomb of Lord Red Mask","player_choice":"Ignored","floor":37.0,"gold_loss":0.0,"damage_taken":0.0},{"damage_healed":0,"gold_gain":0,"player_choice":"Memory 2","damage_taken":5,"max_hp_gain":0,"max_hp_loss":0,"event_name":"SensoryStone","floor":38,"gold_loss":0}],"is_beta":false,"boss_relics":[{"not_picked":["Ring of the Serpent","Black Star"],"picked":"Velvet Choker"},{"not_picked":["Cursed Key","Lizard Tail"],"picked":"Sozu"}],"items_purged_floors":[8,11,19,29,53],"is_endless":false,"potions_floor_spawned":[12,16,20,21,31,35,39,47,54],"ascension_level":0}