{"gold_per_floor":[111,129,10,10,29,29,29,29,83,83,83,101,131,146,146,219,219,199,276,0,0,16,16,26,43,67,67,97,110,110,25,25,96,96,110,110,110,125,125,159,159,170,170,170,170,188,188,2,2,2],"floor_reached":50,"playtime":3036,"items_purged":["Strike_B","Strike_B"],"score":981,"play_id":"b6907df4-d3b0-4b5a-8627-2f472c1906a2","local_time":"20190101132710","is_ascension_mode":true,"campfire_choices":[{"data":"Defragment","floor":6.0,"key":"SMITH"},{"data":"Zap","floor":8.0,"key":"SMITH"},{"data":"Dualcast","floor":11.0,"key":"SMITH"},{"data":"Loop","floor":15.0,"key":"SMITH"},{"floor":23.0,"key":"REST"},{"floor":27.0,"key":"REST"},{"floor":32.0,"key":"REST"},{"floor":41.0,"key":"REST"},{"floor":49.0,"key":"REST"}],"neow_cost":"NONE","seed_source_timestamp":2899252127728,"circlet_count":0,"master_deck":["AscendersBane","Strike_B","Strike_B+1","Defend_B","Defend_B","Defend_B","Defend_B","Zap+1","Dualcast+1","Amplify","Gash","Glacier+1","Defragment+1","Loop+1","Glacier","Creative AI","Recycle+1","Loop","Electrodynamics","Amplify","Stack+1","PanicButton","PanicButton","Discovery","Stack+1","Reboot"],"special_seed":0,"relics":["Cracked Core","Vajra","Tiny Chest","Fusion Hammer","Molten Egg 2","Bag of Preparation","PreservedInsect","Strawberry","Cursed Key","Smiling Mask"],"potions_floor_usage":[50],"damage_taken":[{"damage":1.0,"enemies":"Cultist","floor":1.0,"turns":3.0},{"damage":5.0,"enemies":"2 Louse","floor":2.0,"turns":3.0},{"damage":0.0,"enemies":"Small Slimes","floor":5.0,"turns":4.0},{"damage":0.0,"enemies":"Red Slaver","floor":12.0,"turns":2.0},{"damage":0.0,"enemies":"2 Fungi Beasts","floor":14.0,"turns":3.0},{"damage":35.0,"enemies":"The Guardian","floor":16.0,"turns":11.0},{"damage":10.0,"enemies":"2 Thieves","floor":18.0,"turns":4.0},{"damage":6.0,"enemies":"Shell Parasite","floor":22.0,"turns":8.0},{"damage":24.0,"enemies":"Shelled Parasite and Fungi","floor":24.0,"turns":7.0},{"damage":2.0,"enemies":"Snecko","floor":25.0,"turns":7.0},{"damage":26.0,"enemies":"Book of Stabbing","floor":28.0,"turns":6.0},{"damage":6.0,"enemies":"Centurion and Healer","floor":29.0,"turns":8.0},{"damage":12.0,"enemies":"Champ","floor":33.0,"turns":32.0},{"damage":6.0,"enemies":"Orb Walker","floor":35.0,"turns":3.0},{"damage":0.0,"enemies":"3 Shapes","floor":38.0,"turns":1.0},{"damage":33.0,"enemies":"Giant Head","floor":40.0,"turns":17.0},{"damage":40.0,"enemies":"Spire Growth","floor":42.0,"turns":13.0},{"damage":23.0,"enemies":"Jaw Worm Horde","floor":46.0,"turns":5.0},{"damage":42,"enemies":"Time Eater","floor":50,"turns":7}],"seed_played":"262898089506029235","potions_obtained":[{"floor":2.0,"key":"PowerPotion"},{"floor":14.0,"key":"EssenceOfSteel"},{"floor":22.0,"key":"PowerPotion"},{"floor":33.0,"key":"Energy Potion"},{"floor":35.0,"key":"Swift Potion"}],"is_trial":false,"path_per_floor":["M","M","$","?","M","R","?","R","T","$","R","M","?","M","R","B",null,"M","T","?","?","M","R","M","M","T","R","E","E","M","?","?","R","B",null,"M","?","?","M","?","E","R","M","T","?","T","M","?","$","R","B"],"character_chosen":"DEFECT","items_purchased":["Glacier","Reboot","Weak Potion"],"campfire_rested":5,"item_purchase_floors":[3,48,48],"current_hp_per_floor":[63,58,58,37,37,37,37,37,37,37,37,37,37,37,37,2,54,44,44,44,24,18,40,16,14,14,36,10,4,4,11,35,23,68,62,62,62,62,52,19,42,2,2,65,65,42,42,42,61,19],"gold":2,"neow_bonus":"ONE_RANDOM_RARE_CARD","is_prod":false,"is_daily":false,"chose_seed":false,"campfire_upgraded":4,"win_rate":0,"timestamp":1546320430,"path_taken":["M","M","$","?","M","R","?","R","T","$","R","M","?","M","R","BOSS","M","?","?","?","M","R","M","M","T","R","E","?","?","?","R","BOSS","M","?","?","M","?","E","R","?","T","?","?","M","?","$","R","BOSS"],"build_version":"2018-12-20","purchased_purges":2,"victory":false,"max_hp_per_floor":[71,71,71,71,71,71,71,71,71,71,71,71,71,71,71,71,71,71,71,71,76,76,76,76,76,76,76,76,76,76,83,83,83,83,83,79,79,79,79,79,79,79,79,65,65,65,65,65,65,65],"card_choices":[{"not_picked":["Streamline","Consume"],"picked":"Ball Lightning","floor":1.0},{"not_picked":["Beam Cell","Reinforced Body"],"picked":"Gash","floor":2.0},{"not_picked":["Ball Lightning","White Noise"],"picked":"Defragment","floor":5.0},{"not_picked":["Streamline","Scrape"],"picked":"Loop","floor":12.0},{"not_picked":["Compile Driver","Tempest"],"picked":"Glacier","floor":14.0},{"not_picked":["Reboot","Multi-Cast"],"picked":"Creative AI","floor":16.0},{"not_picked":["Double Energy","Tempest+1"],"picked":"Recycle+1","floor":18.0},{"not_picked":["Beam Cell+1","Cold Snap+1"],"picked":"Loop","floor":22.0},{"not_picked":["Barrage+1","Chaos","Gash+1"],"picked":"SKIP","floor":24.0},{"not_picked":["Cold Snap+1","Aggregate","Beam Cell+1"],"picked":"SKIP","floor":25.0},{"not_picked":["Undo+1","Turbo"],"picked":"Electrodynamics","floor":28.0},{"not_picked":["Gash+1","Redo","Compile Driver+1"],"picked":"SKIP","floor":29.0},{"not_picked":["Hyperbeam+1","Electrodynamics"],"picked":"Amplify","floor":33.0},{"not_picked":["Chaos+1","Hello World+1","Static Discharge"],"picked":"SKIP","floor":35.0},{"not_picked":["Streamline+1","Rebound+1"],"picked":"Stack+1","floor":38.0},{"not_picked":["HandOfGreed+1","Finesse"],"picked":"PanicButton","floor":39.0},{"not_picked":["Secret Weapon","Thinking Ahead"],"picked":"PanicButton","floor":39.0},{"not_picked":["Bandage Up","Mind Blast+1"],"picked":"Discovery","floor":39.0},{"not_picked":["Tempest","Cold Snap+1","Stack"],"picked":"SKIP","floor":40.0},{"not_picked":["Rebound+1","Sunder+1"],"picked":"Stack+1","floor":42.0},{"not_picked":["Leap","Steam","Fusion"],"picked":"SKIP","floor":46.0}],"player_experience":1633773,"relics_obtained":[{"floor":9.0,"key":"Vajra"},{"floor":19.0,"key":"Molten Egg 2"},{"floor":26.0,"key":"Bag of Preparation"},{"floor":28.0,"key":"PreservedInsect"},{"floor":40.0,"key":"Smiling Mask"}],"event_choices":[{"damage_healed":0.0,"max_hp_gain":0.0,"max_hp_loss":0.0,"gold_gain":0.0,"event_name":"Shining Light","player_choice":"Entered Light","floor":4.0,"gold_loss":0.0,"damage_taken":21.0,"cards_upgraded":["Glacier","Strike_B"]},{"damage_healed":0.0,"max_hp_gain":0.0,"max_hp_loss":0.0,"gold_gain":0.0,"event_name":"The Cleric","player_choice":"Leave","floor":7.0,"gold_loss":0.0,"damage_taken":0.0},{"damage_healed":0.0,"max_hp_gain":0.0,"max_hp_loss":0.0,"gold_gain":0.0,"event_name":"WeMeetAgain","player_choice":"Gave Potion","floor":13.0,"gold_loss":0.0,"damage_taken":0.0,"relics_obtained":["Tiny Chest"]},{"damage_healed":0.0,"max_hp_gain":0.0,"max_hp_loss":0.0,"gold_gain":0.0,"event_name":"Masked Bandits","player_choice":"Paid Fearfully","floor":20.0,"gold_loss":276.0,"damage_taken":0.0},{"damage_healed":0.0,"max_hp_gain":5.0,"max_hp_loss":0.0,"gold_gain":0.0,"event_name":"Forgotten Altar","player_choice":"Shed Blood","floor":21.0,"gold_loss":0.0,"damage_taken":25.0},{"damage_healed":0.0,"max_hp_gain":0.0,"max_hp_loss":0.0,"gold_gain":0.0,"event_name":"Cursed Tome","player_choice":"Ignored","floor":30.0,"gold_loss":0.0,"damage_taken":0.0},{"damage_healed":0.0,"max_hp_gain":0.0,"max_hp_loss":0.0,"gold_gain":0.0,"event_name":"Addict","player_choice":"Obtained Relic","floor":31.0,"gold_loss":85.0,"damage_taken":0.0,"relics_obtained":["Strawberry"]},{"damage_healed":0.0,"max_hp_gain":0.0,"max_hp_loss":4.0,"gold_gain":0.0,"event_name":"Winding Halls","player_choice":"Max HP","floor":36.0,"gold_loss":0.0,"damage_taken":0.0},{"damage_healed":0.0,"max_hp_gain":0.0,"max_hp_loss":0.0,"gold_gain":0.0,"event_name":"Mysterious Sphere","player_choice":"Ignored","floor":37.0,"gold_loss":0.0,"damage_taken":0.0},{"damage_healed":0.0,"max_hp_gain":0.0,"max_hp_loss":0.0,"gold_gain":0.0,"event_name":"SensoryStone","player_choice":"Memory 3","floor":39.0,"gold_loss":0.0,"damage_taken":10.0},{"damage_healed":65.0,"max_hp_gain":0.0,"max_hp_loss":14.0,"gold_gain":0.0,"event_name":"The Moai Head","player_choice":"Heal","floor":44.0,"gold_loss":0.0,"damage_taken":0.0},{"cards_removed":["Ball Lightning"],"damage_healed":0.0,"max_hp_gain":0.0,"max_hp_loss":0.0,"gold_gain":0.0,"event_name":"Falling","player_choice":"Removed Attack","floor":47.0,"gold_loss":0.0,"damage_taken":0.0}],"is_beta":false,"boss_relics":[{"not_picked":["Eternal Feather","Ectoplasm"],"picked":"Fusion Hammer"},{"not_picked":["Snecko Eye","Runic Dome"],"picked":"Cursed Key"}],"items_purged_floors":[3,48],"is_endless":false,"potions_floor_spawned":[2,14,22,33,35],"killed_by":"Time Eater","ascension_level":20}