{"path_per_floor":["M","M","$","M","M","E","R","E","T","R","?","M","M","?","R","B",null,"M","?","M","?","M","R","E","$","T","M","M","E","M","E","R"],"character_chosen":"THE_SILENT","items_purchased":[],"gold_per_floor":[113,126,51,64,84,117,117,145,145,145,110,128,147,147,147,246,246,259,259,278,278,294,294,329,229,229,244,254,289,304,337,337,337],"floor_reached":33,"campfire_rested":1,"playtime":2093,"current_hp_per_floor":[62,62,62,60,59,29,29,5,5,26,43,35,35,35,35,14,56,56,56,56,56,52,52,40,40,40,29,29,29,29,18,18,0],"items_purged":["Defend_G","Writhe"],"gold":337,"score":464,"play_id":"4aea43c4-c167-4dce-a761-6860c9940426","local_time":"20180411201700","is_prod":false,"is_daily":false,"is_ascension_mode":true,"campfire_upgraded":4,"timestamp":1523449020,"path_taken":["M","M","$","M","M","E","R","E","T","R","?","M","M","?","R","BOSS","M","?","M","?","M","R","E","$","T","M","M","E","M","E","R","BOSS"],"build_version":"2018-04-05v2","purchased_purges":2,"victory":false,"master_deck":["Defend_G+1","Defend_G+1","Defend_G+1","Defend_G+1","Strike_G+1","Strike_G+1","Strike_G+1","Strike_G+1","Survivor","Neutralize+1","Dash+1","Dagger Spray","Endless Agony+1","Dagger Throw","Quick Slash","Backflip","Calculated Gamble+1","After Image","Finisher","Dagger Throw","Acrobatics","Reflex+1","Setup+1","Prepared+1","Slice","Calculated Gamble","Terror","Quick Slash+1"],"max_hp_per_floor":[70,70,70,70,70,70,70,70,70,70,70,70,70,70,70,70,70,70,70,70,70,70,70,70,70,70,70,70,70,70,70,70,70],"relics":["Ring of the Snake","Anchor","Juzu Bracelet","Bottled Flame","Ice Cream","Orrery","Happy Flower","Whetstone","Thread and Needle","Centennial Puzzle","Orichalcum"],"card_choices":[{"not_picked":["PiercingWail","Sucker Punch"],"picked":"Dash","floor":2},{"not_picked":["Poisoned Stab","PiercingWail"],"picked":"Dagger Spray","floor":4},{"not_picked":["PiercingWail","Dodge and Roll"],"picked":"Endless Agony","floor":5},{"not_picked":["Calculated Gamble","Tools of the Trade"],"picked":"Dagger Throw","floor":8},{"not_picked":["Dagger Spray","Heel Hook"],"picked":"Quick Slash","floor":12},{"not_picked":["Bouncing Flask","Crippling Poison"],"picked":"Backflip","floor":13},{"not_picked":["Wraith Form","Storm of Steel"],"picked":"After Image","floor":16},{"not_picked":["Skewer","Malaise"],"picked":"Finisher","floor":17},{"not_picked":["Deadly Poison","Accuracy"],"picked":"Dagger Throw","floor":17},{"not_picked":["Slice","Noxious Fumes"],"picked":"Acrobatics","floor":17},{"not_picked":["Choke","Cloak And Dagger"],"picked":"Reflex","floor":17},{"not_picked":["Expertise","Blur"],"picked":"Setup","floor":18},{"not_picked":["Caltrops","Deadly Poison"],"picked":"Prepared","floor":20},{"not_picked":["Deadly Poison","Deflect"],"picked":"Slice","floor":22},{"not_picked":["Dagger Throw","Acrobatics"],"picked":"Calculated Gamble","floor":27},{"not_picked":["Outmaneuver","Dodge and Roll"],"picked":"Terror","floor":29},{"not_picked":["Slice","Acrobatics"],"picked":"Quick Slash","floor":30}],"player_experience":398227,"potions_floor_usage":[6,8,20,24,29,29,29,33],"damage_taken":[{"damage":1,"enemies":"Jaw Worm","floor":1,"turns":4},{"damage":0,"enemies":"2 Louse","floor":2,"turns":4},{"damage":2,"enemies":"Small Slimes","floor":4,"turns":4},{"damage":1,"enemies":"Looter","floor":5,"turns":3},{"damage":30,"enemies":"Lagavulin","floor":6,"turns":8},{"damage":24,"enemies":"Gremlin Nob","floor":8,"turns":4},{"damage":8,"enemies":"Exordium Thugs","floor":12,"turns":5},{"damage":0,"enemies":"Blue Slaver","floor":13,"turns":3},{"damage":21,"enemies":"Slime Boss","floor":16,"turns":10},{"damage":0,"enemies":"3 Byrds","floor":18,"turns":5},{"damage":0,"enemies":"Shell Parasite","floor":20,"turns":4},{"damage":4,"enemies":"Snecko","floor":22,"turns":7},{"damage":12,"enemies":"Slavers","floor":24,"turns":7},{"damage":11,"enemies":"Snake Plant","floor":27,"turns":4},{"damage":0,"enemies":"Chosen and Byrds","floor":28,"turns":7},{"damage":0,"enemies":"Gremlin Leader","floor":29,"turns":4},{"damage":0,"enemies":"Centurion and Healer","floor":30,"turns":6},{"damage":11,"enemies":"Slavers","floor":31,"turns":6},{"damage":29,"enemies":"Automaton","floor":33,"turns":6}],"event_choices":[{"event_name":"The Cleric","player_choice":"Healed","floor":11,"damage_taken":0},{"event_name":"Living Wall","player_choice":"Change","floor":14,"damage_taken":0},{"event_name":"The Mausoleum","player_choice":"Yes","floor":19,"damage_taken":0},{"event_name":"Back to Basics","player_choice":"Simplicity","floor":21,"damage_taken":0}],"boss_relics":[{"not_picked":["Snecko Eye","Calling Bell"],"picked":"Orrery"}],"potions_floor_spawned":[4,5,8,13,22,24,28,29],"seed_played":"-8874534434540976247","killed_by":"Automaton","ascension_level":7,"is_trial":false}