{"gold_per_floor":[109,38,52,52,52,52,65,65,65,65,65,78,78,94,94,197,197,208,133,133,223,241,241,276,276,276,288,288,288,319,329,329,329],"floor_reached":33,"playtime":903,"items_purged":[],"score":373,"play_id":"0ce089f1-3761-4585-a717-51af39a4e6d9","local_time":"20190804175301","is_ascension_mode":false,"campfire_choices":[{"data":"Whirlwind","floor":6,"key":"SMITH"},{"data":"Bash","floor":8,"key":"SMITH"},{"data":"Twin Strike","floor":13,"key":"SMITH"},{"data":"Spot Weakness","floor":15,"key":"SMITH"},{"data":"Flex","floor":23,"key":"SMITH"},{"data":"Defend_R","floor":25,"key":"SMITH"},{"data":"Defend_R","floor":32,"key":"SMITH"}],"neow_cost":"NONE","seed_source_timestamp":1227504398291,"circlet_count":0,"master_deck":["Strike_R","Strike_R","Strike_R","Defend_R","Defend_R","Defend_R+1","Defend_R+1","Bash+1","Twin Strike+1","Whirlwind+1","Battle Trance+1","Headbutt+1","Spot Weakness+1","Feed+1","Flex+1","Whirlwind+1","Heavy Blade+1","Whirlwind+1","Pommel Strike+1"],"relics":["Burning Blood","NeowsBlessing","Molten Egg 2","Frozen Egg 2","Coffee Dripper","Ancient Tea Set","Strawberry","Red Skull","Dead Branch","PreservedInsect"],"potions_floor_usage":[22,22,24,33,33],"damage_taken":[{"damage":0,"enemies":"Jaw Worm","floor":1,"turns":1},{"damage":0,"enemies":"2 Louse","floor":3,"turns":1},{"damage":0,"enemies":"Small Slimes","floor":7,"turns":1},{"damage":0,"enemies":"3 Louse","floor":12,"turns":1},{"damage":0,"enemies":"Exordium Thugs","floor":14,"turns":4},{"damage":0,"enemies":"Slime Boss","floor":16,"turns":7},{"damage":17,"enemies":"Shell Parasite","floor":18,"turns":4},{"damage":36,"enemies":"2 Thieves","floor":22,"turns":4},{"damage":19,"enemies":"Slavers","floor":24,"turns":3},{"damage":8,"enemies":"Chosen and Byrds","floor":27,"turns":3},{"damage":20,"enemies":"Book of Stabbing","floor":30,"turns":3},{"damage":0,"enemies":"Centurion and Healer","floor":31,"turns":3},{"damage":67,"enemies":"Champ","floor":33,"turns":5}],"seed_played":"-4461458857219840041","potions_obtained":[{"floor":7,"key":"BloodPotion"},{"floor":16,"key":"Poison Potion"},{"floor":22,"key":"Block Potion"},{"floor":30,"key":"SkillPotion"},{"floor":31,"key":"Strength Potion"}],"is_trial":false,"path_per_floor":["M","$","M","?","?","R","M","R","T","?","?","M","R","M","R","B",null,"M","?","?","?","M","R","E","R","T","M","?","?","E","M","R","B"],"character_chosen":"IRONCLAD","items_purchased":["Whirlwind"],"campfire_rested":0,"item_purchase_floors":[2],"current_hp_per_floor":[80,80,80,68,61,61,67,67,67,72,72,78,78,84,84,85,85,78,78,78,62,58,58,45,45,52,54,54,54,44,54,54,0],"gold":329,"neow_bonus":"THREE_ENEMY_KILL","is_prod":false,"is_daily":false,"chose_seed":false,"campfire_upgraded":7,"win_rate":0,"timestamp":1564962781,"path_taken":["M","$","M","?","?","R","M","R","T","?","?","?","R","M","R","BOSS","M","?","?","?","M","R","E","R","T","?","?","?","E","?","R","BOSS"],"build_version":"2019-07-17","purchased_purges":0,"victory":false,"max_hp_per_floor":[80,80,80,80,80,80,80,80,80,85,85,85,85,85,85,85,85,89,89,89,89,93,93,93,93,100,104,104,104,108,112,112,112],"card_choices":[{"not_picked":["Sword Boomerang","Cleave"],"picked":"Twin Strike","floor":1},{"not_picked":["Pommel Strike","Havoc","Anger"],"picked":"SKIP","floor":3},{"not_picked":["Body Slam+1","Combust"],"picked":"Battle Trance","floor":7},{"not_picked":["Anger+1","Warcry"],"picked":"Headbutt+1","floor":12},{"not_picked":["Reckless Charge+1","True Grit"],"picked":"Spot Weakness","floor":14},{"not_picked":["Reaper+1","Dark Embrace+1"],"picked":"Feed+1","floor":16},{"not_picked":["Body Slam+1","Intimidate","Shrug It Off"],"picked":"SKIP","floor":18},{"not_picked":["True Grit","Sever Soul+1"],"picked":"Whirlwind+1","floor":22},{"not_picked":["Barricade+1","Searing Blow+1"],"picked":"Heavy Blade+1","floor":24},{"not_picked":["Flex+1","Warcry"],"picked":"Whirlwind+1","floor":27},{"not_picked":["Cleave+1","Shrug It Off"],"picked":"Pommel Strike+1","floor":30},{"not_picked":["Entrench","Fire Breathing+1","True Grit"],"picked":"SKIP","floor":31}],"player_experience":1625066,"relics_obtained":[{"floor":9,"key":"Frozen Egg 2"},{"floor":24,"key":"Ancient Tea Set"},{"floor":26,"key":"Strawberry"},{"floor":29,"key":"Dead Branch"},{"floor":30,"key":"PreservedInsect"}],"event_choices":[{"damage_healed":0,"gold_gain":0,"player_choice":"Success","damage_taken":12,"relics_obtained":["Molten Egg 2"],"max_hp_gain":0,"max_hp_loss":0,"event_name":"Scrap Ooze","floor":4,"gold_loss":0},{"cards_removed":["Strike_R"],"damage_healed":0,"gold_gain":0,"player_choice":"Card Removal","damage_taken":7,"max_hp_gain":0,"max_hp_loss":0,"event_name":"Golden Wing","floor":5,"gold_loss":0},{"damage_healed":0,"gold_gain":0,"player_choice":"Donut","damage_taken":0,"max_hp_gain":5,"max_hp_loss":0,"event_name":"Big Fish","floor":10,"gold_loss":0},{"damage_healed":0,"gold_gain":0,"player_choice":"Grow","damage_taken":0,"max_hp_gain":0,"max_hp_loss":0,"event_name":"Living Wall","floor":11,"gold_loss":0,"cards_upgraded":["Battle Trance"]},{"cards_removed":["Strike_R"],"damage_healed":0,"gold_gain":0,"player_choice":"Gave Gold","damage_taken":0,"max_hp_gain":0,"max_hp_loss":0,"event_name":"Beggar","floor":19,"gold_loss":75},{"damage_healed":0,"gold_gain":0,"player_choice":"Read","damage_taken":0,"max_hp_gain":0,"max_hp_loss":0,"event_name":"The Library","floor":20,"gold_loss":0,"cards_obtained":["Flex"]},{"damage_healed":0,"gold_gain":90,"player_choice":"GOLD ","damage_taken":16,"max_hp_gain":0,"max_hp_loss":0,"event_name":"Knowing Skull","floor":21,"potions_obtained":[],"gold_loss":0,"cards_obtained":[]},{"damage_healed":0,"gold_gain":0,"player_choice":"Opened","damage_taken":0,"relics_obtained":["Red Skull"],"max_hp_gain":0,"max_hp_loss":0,"event_name":"The Mausoleum","floor":28,"gold_loss":0},{"damage_healed":0,"gold_gain":0,"player_choice":"Relic","damage_taken":0,"max_hp_gain":0,"max_hp_loss":0,"event_name":"Wheel of Change","floor":29,"gold_loss":0}],"is_beta":false,"boss_relics":[{"not_picked":["Black Star","Orrery"],"picked":"Coffee Dripper"}],"items_purged_floors":[],"is_endless":false,"potions_floor_spawned":[7,16,22,30,31],"killed_by":"Champ","ascension_level":0}