{"gold_per_floor":[366,384,384,408,508,508,237,250,250,281,32,32,48,48,48,148,148,163,163,176,51,71,71,102,121,121,121,140,140,65,100,112,226,238,268,380,392,75,90,116,116,0,0,0,0,0,18,36,36,36],"floor_reached":51,"playtime":1591,"items_purged":["Parasite","Strike_B","Strike_B+1","Cold Snap"],"score":911,"play_id":"ef84be00-d152-4b58-ba6a-6c0de686baed","local_time":"20190614003021","is_ascension_mode":false,"campfire_choices":[{"data":"Dualcast","floor":6.0,"key":"SMITH"},{"data":"Zap","floor":15.0,"key":"SMITH"},{"data":"Multi-Cast","floor":23.0,"key":"SMITH"},{"data":"Darkness","floor":27.0,"key":"SMITH"},{"data":"Coolheaded","floor":29.0,"key":"SMITH"},{"data":"Seek","floor":32.0,"key":"SMITH"},{"data":"Master of Strategy","floor":41.0,"key":"SMITH"},{"data":"Undo","floor":44,"key":"SMITH"},{"data":"Double Energy","floor":49,"key":"SMITH"}],"neow_cost":"CURSE","seed_source_timestamp":45692755346918,"circlet_count":0,"master_deck":["Zap+1","Dualcast+1","Undo+1","Coolheaded+1","Seek+1","Chill","Multi-Cast+1","Loop+1","Defragment+1","Double Energy+1","Darkness+1","Double Energy+1","Master of Strategy+1","Double Energy+1"],"special_seed":0,"relics":["Cracked Core","Whetstone","DataDisk","Ornamental Fan","Dream Catcher","Anchor","Bronze Scales","Empty Cage","Turnip","Strawberry","MawBank","Cursed Key","Prayer Wheel","Du-Vu Doll","Red Mask"],"potions_floor_usage":[50,50,50],"damage_taken":[{"damage":8.0,"enemies":"2 Louse","floor":1.0,"turns":3.0},{"damage":1.0,"enemies":"Jaw Worm","floor":2.0,"turns":3.0},{"damage":0.0,"enemies":"Cultist","floor":8.0,"turns":3.0},{"damage":3.0,"enemies":"3 Sentries","floor":10.0,"turns":5.0},{"damage":3.0,"enemies":"Exordium Thugs","floor":13.0,"turns":3.0},{"damage":0.0,"enemies":"Hexaghost","floor":16.0,"turns":9.0},{"damage":0.0,"enemies":"Spheric Guardian","floor":18.0,"turns":3.0},{"damage":0.0,"enemies":"Chosen","floor":20.0,"turns":4.0},{"damage":0.0,"enemies":"Snecko","floor":22.0,"turns":3.0},{"damage":0.0,"enemies":"Gremlin Leader","floor":24.0,"turns":6.0},{"damage":0.0,"enemies":"Snake Plant","floor":25.0,"turns":2.0},{"damage":1.0,"enemies":"Sentry and Sphere","floor":28.0,"turns":3.0},{"damage":15.0,"enemies":"Book of Stabbing","floor":31.0,"turns":4.0},{"damage":8.0,"enemies":"Automaton","floor":33.0,"turns":5.0},{"damage":0.0,"enemies":"3 Darklings","floor":35.0,"turns":2.0},{"damage":0.0,"enemies":"Mind Bloom Boss Battle","floor":36.0,"turns":4.0},{"damage":0.0,"enemies":"Orb Walker","floor":39.0,"turns":3.0},{"damage":0.0,"enemies":"Giant Head","floor":40.0,"turns":3.0},{"damage":0,"enemies":"Transient","floor":47,"turns":5},{"damage":0,"enemies":"Spire Growth","floor":48,"turns":3},{"damage":0,"enemies":"Awakened One","floor":50,"turns":4}],"seed_played":"641789305221733260","potions_obtained":[{"floor":1.0,"key":"EssenceOfSteel"},{"floor":8.0,"key":"Ancient Potion"},{"floor":22.0,"key":"PowerPotion"},{"floor":28.0,"key":"Swift Potion"}],"is_trial":false,"path_per_floor":["M","M","?","T","?","R","$","M","T","E","$","?","M","?","R","B",null,"M","?","M","$","M","R","E","M","T","R","M","R","?","E","R","B",null,"M","?","?","$","M","E","R","?","T","R","?","?","M","M","R","B",null],"character_chosen":"DEFECT","items_purchased":["DataDisk","Coolheaded","Anchor","Master of Strategy"],"campfire_rested":0,"item_purchase_floors":[7,7,11,38],"current_hp_per_floor":[67,66,71,71,71,71,71,71,71,68,68,65,62,55,55,55,77,77,77,77,77,77,77,77,77,84,84,83,83,83,68,68,60,84,84,84,84,84,84,84,84,84,84,84,84,80,80,80,80,80],"gold":36,"neow_bonus":"TWO_FIFTY_GOLD","is_prod":false,"is_daily":false,"chose_seed":false,"campfire_upgraded":9,"win_rate":0,"timestamp":1560443421,"path_taken":["M","M","?","?","?","R","$","?","T","E","$","?","M","?","R","BOSS","M","?","M","?","?","R","E","M","T","R","M","R","?","E","R","BOSS","M","?","?","$","?","E","R","?","T","R","?","?","M","M","R","BOSS"],"build_version":"2019-01-23","purchased_purges":4,"victory":true,"max_hp_per_floor":[75,75,80,80,80,80,77,77,77,77,77,77,77,77,77,77,77,77,77,77,77,77,77,77,77,84,84,84,84,84,84,84,84,84,84,84,84,84,84,84,84,84,84,84,84,80,80,80,80,80],"card_choices":[{"not_picked":["Go for the Eyes","Steam Power"],"picked":"Undo","floor":1.0},{"not_picked":["Rebound","Streamline"],"picked":"Doom and Gloom","floor":2.0},{"not_picked":["Gash","Hologram"],"picked":"Cold Snap","floor":8.0},{"not_picked":["FTL","Barrage"],"picked":"Seek","floor":10.0},{"not_picked":["Sweeping Beam","Cold Snap"],"picked":"Chill","floor":13.0},{"not_picked":["Amplify","Fission"],"picked":"Multi-Cast","floor":16.0},{"not_picked":["Gash","Melter"],"picked":"Loop+1","floor":18.0},{"not_picked":["Reinforced Body+1","Sunder"],"picked":"Defragment+1","floor":20.0},{"not_picked":["Barrage","Hologram"],"picked":"Double Energy+1","floor":22.0},{"not_picked":["Stack","Barrage","Sweeping Beam"],"picked":"SKIP","floor":24.0},{"not_picked":["Double Energy","Doom and Gloom"],"picked":"Darkness","floor":25.0},{"not_picked":["Barrage","Hologram","Self Repair"],"picked":"SKIP","floor":28.0},{"not_picked":["Recycle","Compile Driver+1"],"picked":"Double Energy+1","floor":31.0},{"not_picked":["Recycle+1","Doom and Gloom+1","Ball Lightning"],"picked":"SKIP","floor":35.0},{"not_picked":["Capacitor","Fusion+1","Melter+1"],"picked":"SKIP","floor":39.0},{"not_picked":["Consume+1","Hologram","Beam Cell"],"picked":"SKIP","floor":39.0},{"not_picked":["Blizzard","Recycle+1","Scrape"],"picked":"SKIP","floor":40.0},{"not_picked":["Stack","Recycle"],"picked":"Double Energy","floor":47},{"not_picked":["Hologram","Melter","Chaos"],"picked":"SKIP","floor":47},{"not_picked":["Static Discharge","Capacitor","Recycle+1"],"picked":"SKIP","floor":48},{"not_picked":["Barrage","Cold Snap","Machine Learning"],"picked":"SKIP","floor":48}],"player_experience":5174285,"relics_obtained":[{"floor":4.0,"key":"Whetstone"},{"floor":9.0,"key":"Ornamental Fan"},{"floor":10.0,"key":"Dream Catcher"},{"floor":24.0,"key":"Turnip"},{"floor":26.0,"key":"Strawberry"},{"floor":31.0,"key":"MawBank"},{"floor":36.0,"key":"Prayer Wheel"},{"floor":40.0,"key":"Du-Vu Doll"}],"event_choices":[{"damage_healed":0.0,"max_hp_gain":5.0,"max_hp_loss":0.0,"gold_gain":0.0,"event_name":"Big Fish","player_choice":"Donut","floor":3.0,"gold_loss":0.0,"damage_taken":0.0},{"damage_healed":0.0,"max_hp_gain":0.0,"max_hp_loss":0.0,"gold_gain":100.0,"event_name":"Golden Shrine","player_choice":"Pray","floor":5.0,"gold_loss":0.0,"damage_taken":0.0},{"damage_healed":0.0,"max_hp_gain":0.0,"max_hp_loss":0.0,"gold_gain":0.0,"event_name":"Scrap Ooze","player_choice":"Success","floor":12.0,"gold_loss":0.0,"damage_taken":3.0,"relics_obtained":["Bronze Scales"]},{"cards_removed":["Strike_B"],"damage_healed":0.0,"max_hp_gain":0.0,"max_hp_loss":0.0,"gold_gain":0.0,"event_name":"Golden Wing","player_choice":"Card Removal","floor":14.0,"gold_loss":0.0,"damage_taken":7.0},{"cards_removed":["Strike_B"],"damage_healed":0.0,"max_hp_gain":0.0,"max_hp_loss":0.0,"gold_gain":0.0,"event_name":"Back to Basics","player_choice":"Elegance","floor":19.0,"gold_loss":0.0,"damage_taken":0.0},{"cards_removed":["Defend_B"],"damage_healed":0.0,"max_hp_gain":0.0,"max_hp_loss":0.0,"gold_gain":0.0,"event_name":"Beggar","player_choice":"Gave Gold","floor":30.0,"gold_loss":75.0,"damage_taken":0.0},{"damage_healed":0.0,"max_hp_gain":0.0,"max_hp_loss":0.0,"gold_gain":0.0,"event_name":"MindBloom","player_choice":"Fight","floor":36.0,"gold_loss":0.0,"damage_taken":0.0},{"cards_removed":["Defend_B"],"damage_healed":0.0,"max_hp_gain":0.0,"max_hp_loss":0.0,"gold_gain":0.0,"event_name":"Bonfire Elementals","player_choice":"Offered Basic","floor":37.0,"gold_loss":0.0,"damage_taken":0.0},{"damage_healed":0.0,"max_hp_gain":0.0,"max_hp_loss":0.0,"gold_gain":0.0,"event_name":"Tomb of Lord Red Mask","player_choice":"Paid","floor":42.0,"gold_loss":116.0,"damage_taken":0.0,"relics_obtained":["Red Mask"]},{"cards_removed":["Doom and Gloom"],"damage_healed":0,"gold_gain":0,"player_choice":"Removed Attack","damage_taken":0,"max_hp_gain":0,"max_hp_loss":0,"event_name":"Falling","floor":45,"gold_loss":0},{"damage_healed":0,"gold_gain":0,"player_choice":"Max HP","damage_taken":0,"max_hp_gain":0,"max_hp_loss":4,"event_name":"Winding Halls","floor":46,"gold_loss":0}],"is_beta":false,"boss_relics":[{"not_picked":["Nuclear Battery","White Beast Statue"],"picked":"Empty Cage"},{"not_picked":["FrozenCore","Fusion Hammer"],"picked":"Cursed Key"}],"items_purged_floors":[7,11,21,38],"is_endless":false,"potions_floor_spawned":[1,8,22,28,31,35,40],"ascension_level":0}