{"gold_per_floor":[114,114,114,124,74,74,87,87,113,148,168,179,179,254,254,254],"floor_reached":16,"playtime":370,"items_purged":[],"score":100,"play_id":"f19aebed-4ac1-4e48-a4c6-393278f3dad7","local_time":"20190102011955","is_ascension_mode":false,"campfire_choices":[{"floor":6,"key":"REST"},{"data":"Self Repair","floor":8,"key":"SMITH"},{"floor":15,"key":"RECALL"}],"neow_cost":"PERCENT_DAMAGE","seed_source_timestamp":44484678699298,"circlet_count":0,"master_deck":["Strike_B","Strike_B+1","Defend_B","Defend_B","Zap","Dualcast","Melter+1","Self Repair+1","Defragment","Chaos"],"relics":["Cracked Core","Blood Vial","Orichalcum"],"potions_floor_usage":[12],"damage_taken":[{"damage":8,"enemies":"2 Louse","floor":1,"turns":2},{"damage":6,"enemies":"Jaw Worm","floor":4,"turns":2},{"damage":1,"enemies":"Cultist","floor":7,"turns":3},{"damage":30,"enemies":"Gremlin Nob","floor":10,"turns":4},{"damage":10,"enemies":"Looter","floor":11,"turns":3},{"damage":2,"enemies":"Gremlin Gang","floor":12,"turns":3},{"damage":0,"enemies":"Hexaghost","floor":16,"turns":1}],"seed_played":"1867657974753358592","potions_obtained":[{"floor":1,"key":"Weak Potion"},{"floor":4,"key":"SteroidPotion"},{"floor":10,"key":"Explosive Potion"}],"is_trial":false,"path_per_floor":["M","?","?","M","?","R","M","R","T","E","M","M","$","?","R","B"],"character_chosen":"DEFECT","items_purchased":[],"campfire_rested":1,"item_purchase_floors":[],"current_hp_per_floor":[46,31,24,18,18,40,46,46,46,28,30,40,40,29,29,31],"gold":254,"neow_bonus":"REMOVE_TWO","is_prod":false,"is_daily":false,"chose_seed":false,"campfire_upgraded":1,"win_rate":0,"timestamp":1546388395,"path_taken":["M","?","?","M","?","R","M","R","T","E","M","M","$","?","R","BOSS"],"build_version":"2018-12-20","purchased_purges":0,"victory":false,"max_hp_per_floor":[75,75,75,75,75,75,75,75,75,75,75,75,75,75,75,75],"card_choices":[{"not_picked":["Blizzard","Leap"],"picked":"Melter","floor":1},{"not_picked":["Sunder","Turbo"],"picked":"Self Repair","floor":4},{"not_picked":["Sweeping Beam","Leap"],"picked":"Defragment","floor":7},{"not_picked":["Amplify","Aggregate"],"picked":"Chaos","floor":10},{"not_picked":["Leap","Streamline","Consume"],"picked":"SKIP","floor":11},{"not_picked":["Steam","Redo","Barrage"],"picked":"SKIP","floor":12}],"player_experience":377029,"relics_obtained":[{"floor":9,"key":"Blood Vial"},{"floor":10,"key":"Orichalcum"}],"event_choices":[{"damage_healed":0,"gold_gain":0,"player_choice":"Entered Light","damage_taken":15,"max_hp_gain":0,"max_hp_loss":0,"event_name":"Shining Light","floor":2,"gold_loss":0,"cards_upgraded":["Strike_B","Melter"]},{"cards_removed":["Defend_B"],"damage_healed":0,"gold_gain":0,"player_choice":"Card Removal","damage_taken":7,"max_hp_gain":0,"max_hp_loss":0,"event_name":"Golden Wing","floor":3,"gold_loss":0},{"cards_removed":["Strike_B"],"damage_healed":0,"gold_gain":0,"player_choice":"Card Removal","damage_taken":0,"max_hp_gain":0,"max_hp_loss":0,"event_name":"The Cleric","floor":5,"gold_loss":50},{"damage_healed":0,"gold_gain":75,"player_choice":"Gather Gold","damage_taken":11,"max_hp_gain":0,"max_hp_loss":0,"event_name":"World of Goop","floor":14,"gold_loss":0}],"is_beta":false,"boss_relics":[],"items_purged_floors":[],"is_endless":false,"potions_floor_spawned":[1,4,10,11],"killed_by":"Hexaghost","ascension_level":0}