{"gold_per_floor":[117,127,77,91,16,16,16,44,100,116,116,116,127,145,145,250,250,267,278,109,24,24,24,40,60,85,10,10,27,40,51,51,147,147,159,34,46,66,66,95,107,123,123,123,123,123,149,164,164,164],"floor_reached":51,"playtime":1461,"items_purged":["Strike_G","Defend_G","Phantasmal Killer"],"score":863,"play_id":"df59bd1d-ae90-40d3-bb43-99260ac1cd7a","local_time":"20190801123115","is_ascension_mode":false,"campfire_choices":[{"data":"All Out Attack","floor":6.0,"key":"SMITH"},{"data":"Footwork","floor":11.0,"key":"SMITH"},{"data":"Neutralize","floor":15.0,"key":"SMITH"},{"data":"A Thousand Cuts","floor":23,"key":"SMITH"},{"data":"Acrobatics","floor":28,"key":"SMITH"},{"data":"Well Laid Plans","floor":32,"key":"SMITH"},{"data":"Tactician","floor":45,"key":"SMITH"},{"data":"Well Laid Plans","floor":49,"key":"SMITH"}],"neow_cost":"NONE","seed_source_timestamp":414843458924100,"circlet_count":0,"master_deck":["Defend_G","Defend_G","Survivor","Neutralize+1","Escape Plan","Well Laid Plans+1","Footwork+1","A Thousand Cuts+1","Grand Finale+1","Escape Plan+1","Well Laid Plans+1","Tools of the Trade","Acrobatics+1","Prepared+1","Backflip","Tactician+1"],"special_seed":0,"relics":["Ring of the Snake","NeowsBlessing","Lantern","StoneCalendar","Tiny Chest","Singing Bowl","Astrolabe","Pen Nib","Art of War","Calling Bell","Strawberry","Letter Opener","Du-Vu Doll","Girya","Paper Crane","Anchor"],"potions_floor_usage":[50,50,50],"damage_taken":[{"damage":0.0,"enemies":"Jaw Worm","floor":1.0,"turns":1.0},{"damage":0.0,"enemies":"Small Slimes","floor":2.0,"turns":1.0},{"damage":0.0,"enemies":"Cultist","floor":4.0,"turns":1.0},{"damage":16.0,"enemies":"Gremlin Nob","floor":8.0,"turns":4.0},{"damage":0.0,"enemies":"Exordium Wildlife","floor":10.0,"turns":4.0},{"damage":0.0,"enemies":"Blue Slaver","floor":13.0,"turns":4.0},{"damage":0.0,"enemies":"Large Slime","floor":14.0,"turns":5.0},{"damage":38.0,"enemies":"Hexaghost","floor":16.0,"turns":15.0},{"damage":5.0,"enemies":"Shell Parasite","floor":18.0,"turns":7.0},{"damage":1.0,"enemies":"3 Byrds","floor":19.0,"turns":5.0},{"damage":7,"enemies":"Snake Plant","floor":24,"turns":5},{"damage":8,"enemies":"Centurion and Healer","floor":25,"turns":5},{"damage":0,"enemies":"3 Cultists","floor":29,"turns":2},{"damage":3,"enemies":"Cultist and Chosen","floor":30,"turns":3},{"damage":5,"enemies":"Snecko","floor":31,"turns":3},{"damage":5,"enemies":"Collector","floor":33,"turns":4},{"damage":0,"enemies":"Orb Walker","floor":35,"turns":2},{"damage":0,"enemies":"3 Darklings","floor":37,"turns":1},{"damage":0,"enemies":"4 Shapes","floor":38,"turns":2},{"damage":0,"enemies":"Nemesis","floor":40,"turns":3},{"damage":0,"enemies":"Spire Growth","floor":41,"turns":2},{"damage":0,"enemies":"3 Darklings","floor":42,"turns":1},{"damage":0,"enemies":"Reptomancer","floor":47,"turns":2},{"damage":0,"enemies":"Transient","floor":48,"turns":5},{"damage":0,"enemies":"Donu and Deca","floor":50,"turns":2}],"seed_played":"3011147008043396715","potions_obtained":[{"floor":1.0,"key":"FearPotion"},{"floor":4.0,"key":"AttackPotion"},{"floor":8.0,"key":"SkillPotion"},{"floor":19.0,"key":"Strength Potion"},{"floor":29,"key":"SkillPotion"},{"floor":37,"key":"PowerPotion"},{"floor":38,"key":"FearPotion"}],"is_trial":false,"path_per_floor":["M","M","?","M","$","R","?","E","T","M","R","?","M","M","R","B",null,"M","M","$","?","?","R","M","M","T","?","R","M","M","M","R","B",null,"M","$","M","M","?","E","M","M","T","?","R","?","E","M","R","B",null],"character_chosen":"THE_SILENT","items_purchased":["Well Laid Plans"],"campfire_rested":0,"item_purchase_floors":[20],"current_hp_per_floor":[70,70,70,70,70,70,58,42,42,42,42,42,44,46,46,8,74,71,70,70,70,70,70,63,55,55,55,55,57,56,51,51,48,89,91,91,91,93,93,95,97,99,99,94,94,94,96,98,98,98],"gold":164,"neow_bonus":"THREE_ENEMY_KILL","is_prod":false,"is_daily":false,"chose_seed":false,"campfire_upgraded":8,"win_rate":0,"timestamp":1564633875,"path_taken":["M","M","?","M","$","R","?","E","T","M","R","?","M","M","R","BOSS","M","?","$","?","?","R","M","M","T","?","R","M","M","M","R","BOSS","M","$","M","M","?","E","M","?","T","?","R","?","E","M","R","BOSS"],"build_version":"2019-07-17","purchased_purges":3,"victory":true,"max_hp_per_floor":[70,70,70,70,70,70,70,70,70,70,70,70,72,74,74,74,74,76,76,76,76,76,76,76,76,76,76,76,78,80,80,80,82,89,91,91,91,93,93,95,97,99,99,94,94,94,96,98,98,98],"card_choices":[{"not_picked":["Crippling Poison","Poisoned Stab"],"picked":"All Out Attack","floor":1.0},{"not_picked":["Dagger Spray","Deflect","Cloak And Dagger"],"picked":"SKIP","floor":2.0},{"not_picked":["Dagger Throw","Flying Knee"],"picked":"Escape Plan","floor":4.0},{"not_picked":["Reflex","Dagger Spray"],"picked":"Well Laid Plans","floor":8.0},{"not_picked":["Underhanded Strike","Bane"],"picked":"Footwork","floor":10.0},{"not_picked":["Die Die Die","Finisher","Endless Agony"],"picked":"Singing Bowl","floor":13.0},{"not_picked":["Acrobatics","Dagger Spray","Sucker Punch"],"picked":"Singing Bowl","floor":14.0},{"not_picked":["Tools of the Trade","Envenom"],"picked":"A Thousand Cuts","floor":16.0},{"not_picked":["Accuracy+1","Dagger Spray","Deflect"],"picked":"Singing Bowl","floor":18.0},{"not_picked":["Underhanded Strike","Quick Slash"],"picked":"Escape Plan+1","floor":19.0},{"not_picked":["Sucker Punch+1","Flying Knee"],"picked":"Acrobatics","floor":24},{"not_picked":["Dodge and Roll","Quick Slash"],"picked":"Prepared+1","floor":25},{"not_picked":["Riddle With Holes","Deflect","Flying Knee"],"picked":"Singing Bowl","floor":29},{"not_picked":["Flying Knee+1","Quick Slash","Skewer"],"picked":"Singing Bowl","floor":30},{"not_picked":["Dash","Bane"],"picked":"Backflip","floor":31},{"not_picked":["Corpse Explosion","Burst","Envenom"],"picked":"Singing Bowl","floor":33},{"not_picked":["Dodge and Roll+1","Slice+1","Blade Dance"],"picked":"Singing Bowl","floor":35},{"not_picked":["Masterful Stab","Slice+1"],"picked":"Tactician","floor":37},{"not_picked":["Tactician","Choke+1","Sucker Punch+1"],"picked":"Singing Bowl","floor":38},{"not_picked":["Poisoned Stab","Blade Dance+1","Outmaneuver+1"],"picked":"Singing Bowl","floor":40},{"not_picked":["Dagger Throw+1","Sucker Punch","Storm of Steel"],"picked":"Singing Bowl","floor":41},{"not_picked":["Backflip","Riddle With Holes","Cloak And Dagger"],"picked":"Singing Bowl","floor":42},{"not_picked":["Sucker Punch","All Out Attack","Poisoned Stab"],"picked":"Singing Bowl","floor":47},{"not_picked":["Skewer+1","Sucker Punch+1","Quick Slash+1"],"picked":"Singing Bowl","floor":48}],"player_experience":708881,"relics_obtained":[{"floor":8.0,"key":"StoneCalendar"},{"floor":9.0,"key":"Tiny Chest"},{"floor":26,"key":"Art of War"},{"floor":34,"key":"Strawberry"},{"floor":34,"key":"Letter Opener"},{"floor":34,"key":"Du-Vu Doll"},{"floor":40,"key":"Girya"},{"floor":43,"key":"Paper Crane"},{"floor":47,"key":"Anchor"}],"event_choices":[{"cards_removed":["Strike_G"],"damage_healed":0.0,"max_hp_gain":0.0,"max_hp_loss":0.0,"gold_gain":0.0,"event_name":"The Cleric","player_choice":"Card Removal","floor":3.0,"gold_loss":50.0,"damage_taken":0.0},{"damage_healed":0.0,"max_hp_gain":0.0,"max_hp_loss":0.0,"gold_gain":0.0,"event_name":"Scrap Ooze","player_choice":"Success","floor":7.0,"gold_loss":0.0,"damage_taken":12.0,"relics_obtained":["Lantern"]},{"damage_healed":0.0,"max_hp_gain":0.0,"max_hp_loss":0.0,"gold_gain":0.0,"event_name":"WeMeetAgain","player_choice":"Gave Potion","floor":12.0,"gold_loss":0.0,"damage_taken":0.0,"relics_obtained":["Singing Bowl"]},{"damage_healed":0.0,"max_hp_gain":0.0,"max_hp_loss":0.0,"gold_gain":0.0,"event_name":"Addict","player_choice":"Obtained Relic","floor":21.0,"gold_loss":85.0,"damage_taken":0.0,"relics_obtained":["Pen Nib"]},{"damage_healed":0,"gold_gain":0,"cards_transformed":["Defend_G","Phantasmal Killer"],"player_choice":"Became Test Subject","damage_taken":0,"max_hp_gain":0,"max_hp_loss":0,"event_name":"Drug Dealer","floor":22,"gold_loss":0,"cards_obtained":["Phantasmal Killer","Tools of the Trade"]},{"cards_removed":["All Out Attack"],"damage_healed":0,"gold_gain":0,"player_choice":"Gave Gold","damage_taken":0,"max_hp_gain":0,"max_hp_loss":0,"event_name":"Beggar","floor":27,"gold_loss":75},{"cards_removed":["Slice"],"damage_healed":0,"gold_gain":0,"player_choice":"Purged","damage_taken":0,"max_hp_gain":0,"max_hp_loss":0,"event_name":"Purifier","floor":39,"gold_loss":0},{"damage_healed":0,"gold_gain":0,"player_choice":"Max HP","damage_taken":0,"max_hp_gain":0,"max_hp_loss":5,"event_name":"Winding Halls","floor":44,"gold_loss":0},{"cards_removed":["Defend_G"],"damage_healed":0,"gold_gain":0,"player_choice":"Removed Skill","damage_taken":0,"max_hp_gain":0,"max_hp_loss":0,"event_name":"Falling","floor":46,"gold_loss":0}],"is_beta":false,"boss_relics":[{"not_picked":["HoveringKite","Ectoplasm"],"picked":"Astrolabe"},{"not_picked":["White Beast Statue","Ring of the Serpent"],"picked":"Calling Bell"}],"items_purged_floors":[5,20,36],"is_endless":false,"potions_floor_spawned":[1,4,8,19,29,37,38,40],"ascension_level":0}