{"gold_per_floor":[366,376,211,211,55,80,98,109,109,129,129,164,89,102,102,180,180,191,204,204,204],"floor_reached":21,"playtime":1116,"items_purged":["Strike_B","Defend_B"],"score":382,"play_id":"26b39dbb-9e45-4214-8362-d54d96f92df2","local_time":"20190203195826","is_ascension_mode":true,"campfire_choices":[{"data":"Dualcast","floor":11.0,"key":"SMITH"},{"data":"Zap","floor":15.0,"key":"SMITH"}],"neow_cost":"TEN_PERCENT_HP_LOSS","seed_source_timestamp":31673775438117,"circlet_count":0,"master_deck":["AscendersBane","Strike_B","Strike_B","Defend_B","Defend_B","Defend_B","Zap+1","Dualcast+1","Defragment+1","Undo","Panacea","Chaos+1","Consume+1","Steam+1","Reinforced Body+1","Rainbow+1","Self Repair+1","BootSequence+1"],"special_seed":0,"relics":["Cracked Core","Toxic Egg 2","Ornamental Fan","Pantograph","Inserter"],"potions_floor_usage":[21],"damage_taken":[{"damage":0.0,"enemies":"Cultist","floor":1.0,"turns":4.0},{"damage":0.0,"enemies":"Small Slimes","floor":2.0,"turns":2.0},{"damage":9.0,"enemies":"Gremlin Nob","floor":6.0,"turns":4.0},{"damage":12.0,"enemies":"Jaw Worm","floor":7.0,"turns":2.0},{"damage":0.0,"enemies":"Looter","floor":8.0,"turns":5.0},{"damage":17.0,"enemies":"Lots of Slimes","floor":10.0,"turns":6.0},{"damage":17.0,"enemies":"3 Sentries","floor":12.0,"turns":20.0},{"damage":0.0,"enemies":"Blue Slaver","floor":14.0,"turns":3.0},{"damage":25.0,"enemies":"Slime Boss","floor":16.0,"turns":9.0},{"damage":3.0,"enemies":"3 Byrds","floor":18.0,"turns":5.0},{"damage":0.0,"enemies":"Spheric Guardian","floor":19.0,"turns":3.0},{"damage":39,"enemies":"3 Cultists","floor":21,"turns":5}],"seed_played":"4889892783188807179","potions_obtained":[{"floor":6.0,"key":"Swift Potion"},{"floor":7.0,"key":"Weak Potion"},{"floor":8.0,"key":"Regen Potion"},{"floor":14.0,"key":"Regen Potion"},{"floor":16.0,"key":"Ancient Potion"}],"is_trial":false,"path_per_floor":["M","M","$","?","$","E","M","M","T","M","R","E","?","M","R","B",null,"M","M","?","M"],"character_chosen":"DEFECT","items_purchased":["Panacea","Fire Potion"],"campfire_rested":0,"item_purchase_floors":[3,5],"current_hp_per_floor":[64,64,64,64,64,55,43,43,43,41,41,24,24,24,24,24,54,51,51,34,9],"gold":204,"neow_bonus":"TWO_FIFTY_GOLD","is_prod":false,"is_daily":false,"chose_seed":false,"campfire_upgraded":2,"win_rate":0,"timestamp":1549195106,"path_taken":["M","M","$","?","$","E","M","?","T","M","R","E","?","M","R","BOSS","M","M","?","M"],"build_version":"2019-01-23","purchased_purges":2,"victory":false,"max_hp_per_floor":[64,64,64,64,64,64,64,64,64,64,64,64,64,64,64,64,64,64,64,69,69],"card_choices":[{"not_picked":["Turbo","Reprogram"],"picked":"Defragment","floor":1.0},{"not_picked":["Coolheaded","Gash"],"picked":"Undo","floor":2.0},{"not_picked":["Stack","Genetic Algorithm"],"picked":"Chaos","floor":6.0},{"not_picked":["Beam Cell","Ball Lightning"],"picked":"Consume+1","floor":7.0},{"not_picked":["Sweeping Beam","Compile Driver"],"picked":"Steam+1","floor":8.0},{"not_picked":["Steam+1","Streamline","Beam Cell"],"picked":"SKIP","floor":10.0},{"not_picked":["Sweeping Beam","Scrape","Beam Cell"],"picked":"SKIP","floor":12.0},{"not_picked":["Ball Lightning","Auto Shields+1"],"picked":"Reinforced Body+1","floor":14.0},{"not_picked":["All For One","Meteor Strike"],"picked":"Rainbow+1","floor":16.0},{"not_picked":["Coolheaded+1","Leap+1"],"picked":"Self Repair+1","floor":18.0},{"not_picked":["Loop","Ball Lightning"],"picked":"BootSequence+1","floor":19.0}],"player_experience":2487277,"relics_obtained":[{"floor":6.0,"key":"Toxic Egg 2"},{"floor":9.0,"key":"Ornamental Fan"},{"floor":12.0,"key":"Pantograph"}],"event_choices":[{"damage_healed":0.0,"max_hp_gain":0.0,"max_hp_loss":0.0,"gold_gain":0.0,"event_name":"Upgrade Shrine","player_choice":"Upgraded","floor":4.0,"gold_loss":0.0,"damage_taken":0.0,"cards_upgraded":["Defragment"]},{"cards_removed":["Strike_B"],"damage_healed":0.0,"max_hp_gain":0.0,"max_hp_loss":0.0,"gold_gain":0.0,"event_name":"The Cleric","player_choice":"Card Removal","floor":13.0,"gold_loss":75.0,"damage_taken":0.0},{"damage_healed":0.0,"max_hp_gain":5.0,"max_hp_loss":0.0,"gold_gain":0.0,"event_name":"Forgotten Altar","player_choice":"Shed Blood","floor":20.0,"gold_loss":0.0,"damage_taken":22.0}],"is_beta":false,"boss_relics":[{"not_picked":["Velvet Choker","FrozenCore"],"picked":"Inserter"}],"items_purged_floors":[3,5],"is_endless":false,"potions_floor_spawned":[6,7,8,14,16],"killed_by":"3 Cultists","ascension_level":20}