{"gold_per_floor":[113,113,38,38,3,3,16,75,102,113,113,113,123,138,138,211,211,222,222,222,222,122,122,136,136,163,174,49,69,69,88,88,88],"floor_reached":33,"playtime":1166,"items_purged":["Strike_G","Strike_G","Strike_G+1"],"score":490,"play_id":"e1f20dba-1927-4dc5-b15e-2db112a0e5d7","local_time":"20190716235049","is_ascension_mode":true,"campfire_choices":[{"data":"Neutralize","floor":6.0,"key":"SMITH"},{"data":"Acrobatics","floor":12.0,"key":"SMITH"},{"floor":15.0,"key":"REST"},{"data":"Riddle With Holes","floor":23,"key":"SMITH"},{"data":"Endless Agony","floor":25,"key":"SMITH"},{"data":"Backflip","floor":30,"key":"SMITH"},{"data":"Eviscerate","floor":32,"key":"SMITH"}],"neow_cost":"NONE","seed_source_timestamp":163717175486800,"circlet_count":0,"master_deck":["AscendersBane","Defend_G","Defend_G","Defend_G","Defend_G+1","Defend_G","Survivor","Neutralize+1","Backflip+1","Endless Agony+1","Acrobatics+1","Escape Plan","PiercingWail","Caltrops","Tools of the Trade","Riddle With Holes+1","Escape Plan","Eviscerate+1"],"special_seed":0,"relics":["Busted Crown","Mercury Hourglass","Tiny Chest","Pen Nib","Sozu","Boot"],"potions_floor_usage":[33],"damage_taken":[{"damage":0.0,"enemies":"Jaw Worm","floor":1.0,"turns":5.0},{"damage":0.0,"enemies":"Cultist","floor":7.0,"turns":4.0},{"damage":29.0,"enemies":"Gremlin Nob","floor":8.0,"turns":4.0},{"damage":2.0,"enemies":"2 Louse","floor":10.0,"turns":2.0},{"damage":1.0,"enemies":"Exordium Wildlife","floor":13.0,"turns":4.0},{"damage":0.0,"enemies":"2 Fungi Beasts","floor":14.0,"turns":2.0},{"damage":14.0,"enemies":"The Guardian","floor":16.0,"turns":16.0},{"damage":6.0,"enemies":"Chosen","floor":18.0,"turns":6.0},{"damage":2,"enemies":"Shell Parasite","floor":24,"turns":5},{"damage":0,"enemies":"Centurion and Healer","floor":27,"turns":6},{"damage":8,"enemies":"Chosen and Byrds","floor":29,"turns":5},{"damage":0,"enemies":"3 Cultists","floor":31,"turns":4},{"damage":60,"enemies":"Champ","floor":33,"turns":16}],"seed_played":"8030123958418686576","potions_obtained":[{"floor":2.0,"key":"EntropicBrew"},{"floor":2.0,"key":"Fruit Juice"},{"floor":7.0,"key":"SteroidPotion"},{"floor":16.0,"key":"SpeedPotion"}],"is_trial":false,"path_per_floor":["M","?","$","?","?","R","M","E","T","M","?","R","M","M","R","B",null,"M","?","$","?","$","R","M","R","T","M","$","M","R","M","R","B"],"character_chosen":"THE_SILENT","items_purchased":[],"campfire_rested":1,"item_purchase_floors":[],"current_hp_per_floor":[59,64,64,46,63,63,63,34,34,32,11,11,10,10,31,17,58,52,52,52,52,52,52,50,50,50,50,50,42,42,42,42,0],"gold":88,"neow_bonus":"BOSS_RELIC","is_prod":false,"is_daily":false,"chose_seed":false,"campfire_upgraded":6,"win_rate":0,"timestamp":1563292249,"path_taken":["M","?","?","?","?","R","M","E","T","?","?","R","M","M","R","BOSS","M","?","$","?","$","R","M","R","T","M","$","M","R","M","R","BOSS"],"build_version":"2019-07-05","purchased_purges":3,"victory":false,"max_hp_per_floor":[66,71,71,71,71,71,71,71,71,71,71,71,71,71,71,71,71,71,71,71,71,71,71,71,71,71,71,71,71,71,71,71,71],"card_choices":[{"not_picked":[],"picked":"Backflip","floor":1.0},{"not_picked":[],"picked":"Endless Agony","floor":7.0},{"not_picked":["Crippling Poison"],"picked":"SKIP","floor":8.0},{"not_picked":[],"picked":"Acrobatics","floor":10.0},{"not_picked":[],"picked":"Escape Plan","floor":13.0},{"not_picked":[],"picked":"PiercingWail","floor":14.0},{"not_picked":[],"picked":"Caltrops","floor":18.0},{"not_picked":["Dagger Spray"],"picked":"SKIP","floor":24},{"not_picked":["Backflip"],"picked":"SKIP","floor":27},{"not_picked":["Flying Knee"],"picked":"SKIP","floor":29},{"not_picked":[],"picked":"Eviscerate","floor":31}],"player_experience":655723,"relics_obtained":[{"floor":8.0,"key":"Tiny Chest"},{"floor":9.0,"key":"Pen Nib"},{"floor":26,"key":"Boot"}],"event_choices":[{"damage_healed":0.0,"max_hp_gain":0.0,"max_hp_loss":0.0,"gold_gain":0.0,"event_name":"Lab","player_choice":"Got Potions","floor":2.0,"gold_loss":0.0,"damage_taken":0.0},{"damage_healed":0.0,"max_hp_gain":0.0,"max_hp_loss":0.0,"gold_gain":0.0,"event_name":"Scrap Ooze","player_choice":"Success","floor":4.0,"gold_loss":0.0,"damage_taken":18.0,"relics_obtained":["Mercury Hourglass"]},{"damage_healed":17.0,"max_hp_gain":0.0,"max_hp_loss":0.0,"gold_gain":0.0,"event_name":"The Cleric","player_choice":"Healed","floor":5.0,"gold_loss":35.0,"damage_taken":0.0},{"damage_healed":0.0,"max_hp_gain":0.0,"max_hp_loss":0.0,"gold_gain":0.0,"event_name":"Shining Light","player_choice":"Entered Light","floor":11.0,"gold_loss":0.0,"damage_taken":21.0,"cards_upgraded":["Defend_G","Strike_G"]},{"damage_healed":0.0,"max_hp_gain":0.0,"max_hp_loss":0.0,"gold_gain":0.0,"cards_transformed":["Strike_G","Strike_G"],"event_name":"Drug Dealer","player_choice":"Became Test Subject","floor":19.0,"gold_loss":0.0,"damage_taken":0.0,"cards_obtained":["Tools of the Trade","Riddle With Holes"]},{"damage_healed":0,"gold_gain":0,"player_choice":"Copied","damage_taken":0,"max_hp_gain":0,"max_hp_loss":0,"event_name":"Duplicator","floor":21,"gold_loss":0,"cards_obtained":["Escape Plan"]}],"is_beta":false,"boss_relics":[{"not_picked":["Tiny House","Black Star"],"picked":"Sozu"}],"items_purged_floors":[3,22,28],"is_endless":false,"potions_floor_spawned":[7,16,24],"killed_by":"Champ","ascension_level":20}