{"gold_per_floor":[116,191,116,127,127,152,152,52,52,52,65,85,100,117,117,117],"floor_reached":16,"playtime":182,"items_purged":["Strike_G","Defend_G"],"score":254,"play_id":"8132d5d1-f6a1-4ba0-920a-1475573cabbf","local_time":"20190312165755","is_ascension_mode":true,"campfire_choices":[{"data":"Neutralize","floor":7,"key":"SMITH"},{"data":"Defend_G","floor":10,"key":"SMITH"},{"floor":15,"key":"RECALL"}],"neow_cost":"NONE","seed_source_timestamp":15972321606350,"circlet_count":0,"master_deck":["AscendersBane","Defend_G+1","Defend_G","Defend_G","Defend_G","Strike_G","Strike_G","Strike_G","Strike_G+1","Survivor+1","Neutralize+1","Backstab","Corpse Explosion"],"relics":["Ring of the Snake","NeowsBlessing","Bottled Flame","Mummified Hand"],"potions_floor_usage":[13],"damage_taken":[{"damage":0,"enemies":"Jaw Worm","floor":1,"turns":1},{"damage":0,"enemies":"2 Louse","floor":4,"turns":1},{"damage":0,"enemies":"3 Sentries","floor":6,"turns":1},{"damage":0,"enemies":"Cultist","floor":11,"turns":3},{"damage":8,"enemies":"Looter","floor":12,"turns":3},{"damage":16,"enemies":"Large Slime","floor":13,"turns":6},{"damage":0,"enemies":"Lots of Slimes","floor":14,"turns":1},{"damage":0,"enemies":"Hexaghost","floor":16,"turns":1}],"seed_played":"-6035957951738145147","potions_obtained":[{"floor":1,"key":"Poison Potion"},{"floor":11,"key":"SteroidPotion"},{"floor":14,"key":"Block Potion"}],"is_trial":false,"path_per_floor":["M","?","$","M","?","E","R","$","T","R","M","M","M","M","R","B"],"character_chosen":"THE_SILENT","items_purchased":[],"campfire_rested":0,"item_purchase_floors":[],"current_hp_per_floor":[59,48,48,48,28,28,28,28,28,28,28,20,4,4,4,4],"gold":117,"neow_bonus":"THREE_ENEMY_KILL","is_prod":false,"is_daily":false,"chose_seed":false,"campfire_upgraded":2,"win_rate":0,"timestamp":1552381075,"path_taken":["M","?","$","M","?","E","R","$","T","R","M","M","M","M","R","BOSS"],"build_version":"2019-01-23","purchased_purges":2,"victory":false,"max_hp_per_floor":[66,66,66,66,66,66,66,66,66,66,66,66,66,66,66,66],"card_choices":[{"not_picked":["Bane","Poisoned Stab"],"picked":"Backstab","floor":1},{"not_picked":["Distraction","Blur","Dagger Spray"],"picked":"SKIP","floor":4},{"not_picked":["Flying Knee","Crippling Poison","Cloak And Dagger"],"picked":"SKIP","floor":6},{"not_picked":["Flying Knee","Outmaneuver"],"picked":"Corpse Explosion","floor":11},{"not_picked":["Calculated Gamble","Sucker Punch","Heel Hook"],"picked":"SKIP","floor":12},{"not_picked":["Dodge and Roll","Blade Dance","Bane"],"picked":"SKIP","floor":13},{"not_picked":["Sucker Punch","Terror","Masterful Stab"],"picked":"SKIP","floor":14}],"player_experience":3519450,"relics_obtained":[{"floor":6,"key":"Bottled Flame"},{"floor":9,"key":"Mummified Hand"}],"event_choices":[{"damage_healed":0,"gold_gain":75,"player_choice":"Gather Gold","damage_taken":11,"max_hp_gain":0,"max_hp_loss":0,"event_name":"World of Goop","floor":2,"gold_loss":0},{"damage_healed":0,"gold_gain":0,"player_choice":"Entered Light","damage_taken":20,"max_hp_gain":0,"max_hp_loss":0,"event_name":"Shining Light","floor":5,"gold_loss":0,"cards_upgraded":["Survivor","Strike_G"]}],"is_beta":false,"boss_relics":[],"items_purged_floors":[3,8],"is_endless":false,"potions_floor_spawned":[1,11,14],"killed_by":"Hexaghost","ascension_level":20}