{"gold_per_floor":[114,36,49,49,64,64,78,3,3,3,16,16,43,61,61,163,163,180,255,26,26,46,46,59,59,59,74,89,103,103,120,120,222,222,232,76,93,23,35,35,35,35,60,71,86,101,0,0,0,0],"floor_reached":51,"playtime":2446,"items_purged":["Strike_G"],"score":718,"play_id":"12853eeb-6473-4134-9f19-6d57164bb3ab","local_time":"20181015131228","is_ascension_mode":false,"campfire_choices":[{"data":"Predator","floor":6.0,"key":"SMITH"},{"data":"Noxious Fumes","floor":10.0,"key":"SMITH"},{"data":"Neutralize","floor":12.0,"key":"SMITH"},{"data":"Footwork","floor":15.0,"key":"SMITH"},{"data":"Night Terror","floor":23.0,"key":"SMITH"},{"data":"Leg Sweep","floor":25.0,"key":"SMITH"},{"data":"Blur","floor":30.0,"key":"SMITH"},{"data":"Backflip","floor":32.0,"key":"SMITH"},{"data":"Footwork","floor":40.0,"key":"SMITH"},{"data":"Purity","floor":42,"key":"SMITH"},{"floor":49,"key":"REST"}],"neow_cost":"NONE","seed_source_timestamp":8434001932662,"circlet_count":0,"master_deck":["Defend_G","Defend_G","Defend_G","Defend_G","Defend_G","Strike_G","Survivor","Neutralize+1","Corpse Explosion+1","Predator+1","Noxious Fumes+1","Footwork+1","Night Terror+1","Backflip+1","Leg Sweep+1","Infinite Blades+1","Blur+1","Escape Plan","PiercingWail","Footwork+1","Noxious Fumes","Deadly Poison+1","Purity+1","Impatience","Sadistic Nature","Setup+1","PiercingWail+1","Terror+1"],"special_seed":0,"relics":["Ring of the Snake","Centennial Puzzle","Bird Faced Urn","Odd Mushroom","Empty Cage","Omamori","Turnip","Bottled Lightning","Runic Pyramid","Dream Catcher","Red Mask"],"potions_floor_usage":[46,46,50,50],"damage_taken":[{"damage":1.0,"enemies":"Jaw Worm","floor":1.0,"turns":5.0},{"damage":0.0,"enemies":"2 Louse","floor":3.0,"turns":4.0},{"damage":0.0,"enemies":"Cultist","floor":5.0,"turns":3.0},{"damage":0.0,"enemies":"Gremlin Gang","floor":7.0,"turns":7.0},{"damage":7.0,"enemies":"3 Louse","floor":11.0,"turns":3.0},{"damage":4.0,"enemies":"The Mushroom Lair","floor":13.0,"turns":3.0},{"damage":0.0,"enemies":"Exordium Wildlife","floor":14.0,"turns":7.0},{"damage":40.0,"enemies":"Slime Boss","floor":16.0,"turns":8.0},{"damage":0.0,"enemies":"Shell Parasite","floor":18.0,"turns":8.0},{"damage":1.0,"enemies":"Chosen","floor":22.0,"turns":6.0},{"damage":16.0,"enemies":"Sentry and Sphere","floor":24.0,"turns":5.0},{"damage":2.0,"enemies":"Centurion and Healer","floor":27.0,"turns":7.0},{"damage":5.0,"enemies":"Snake Plant","floor":28.0,"turns":9.0},{"damage":0.0,"enemies":"Snecko","floor":29.0,"turns":7.0},{"damage":0.0,"enemies":"Shelled Parasite and Fungi","floor":31.0,"turns":9.0},{"damage":0.0,"enemies":"Champ","floor":33.0,"turns":25.0},{"damage":14.0,"enemies":"3 Darklings","floor":35.0,"turns":5.0},{"damage":7.0,"enemies":"Orb Walker","floor":37.0,"turns":10.0},{"damage":4.0,"enemies":"Spire Growth","floor":39.0,"turns":9.0},{"damage":20,"enemies":"Sphere and 2 Shapes","floor":44,"turns":7},{"damage":14,"enemies":"Reptomancer","floor":45,"turns":7},{"damage":20,"enemies":"Transient","floor":46,"turns":5},{"damage":58,"enemies":"Time Eater","floor":50,"turns":21}],"seed_played":"619963337547016996","potions_obtained":[{"floor":1.0,"key":"Block Potion"},{"floor":5.0,"key":"LiquidBronze"},{"floor":14.0,"key":"SkillPotion"},{"floor":22.0,"key":"SkillPotion"},{"floor":28.0,"key":"SteroidPotion"},{"floor":44,"key":"Ancient Potion"},{"floor":46,"key":"PowerPotion"}],"is_trial":false,"path_per_floor":["M","$","M","?","M","R","M","$","T","R","M","R","?","M","R","B",null,"M","?","$","?","M","R","M","R","T","M","M","M","R","M","R","B",null,"M","$","M","$","M","R","?","R","T","M","M","M","?","?","R","B"],"character_chosen":"THE_SILENT","items_purchased":["Corpse Explosion","Noxious Fumes","Leg Sweep","Omamori","Footwork","Noxious Fumes"],"campfire_rested":1,"item_purchase_floors":[2,8,20,20,36,38],"current_hp_per_floor":[69,69,69,69,69,69,69,69,69,69,62,62,58,62,62,26,70,70,63,63,63,66,66,54,54,54,56,57,61,61,67,67,70,70,61,61,62,62,68,68,58,58,58,50,48,40,40,40,61,17],"gold":0,"neow_bonus":"RANDOM_COMMON_RELIC","is_prod":false,"is_daily":false,"chose_seed":false,"campfire_upgraded":10,"win_rate":0,"timestamp":1539580348,"path_taken":["M","$","M","?","?","R","M","$","T","R","?","R","?","M","R","BOSS","M","?","$","?","?","R","M","R","T","M","M","M","R","M","R","BOSS","M","$","M","$","M","R","?","R","T","M","M","M","?","?","R","BOSS"],"build_version":"2018-10-11","purchased_purges":1,"victory":true,"max_hp_per_floor":[70,70,70,70,70,70,70,70,70,70,70,70,70,70,70,70,70,70,70,70,70,70,70,70,70,70,70,70,70,70,70,70,70,70,70,70,70,70,70,70,70,70,70,70,70,70,70,70,70,70],"card_choices":[{"not_picked":["Finisher","Dagger Throw","Quick Slash"],"picked":"SKIP","floor":1.0},{"not_picked":["Deflect","Caltrops"],"picked":"Predator","floor":3.0},{"not_picked":["Caltrops","PiercingWail","Sucker Punch"],"picked":"SKIP","floor":5.0},{"not_picked":["Quick Slash","Setup","Calculated Gamble"],"picked":"SKIP","floor":7.0},{"not_picked":["Terror","Sucker Punch","Heel Hook"],"picked":"SKIP","floor":11.0},{"not_picked":["Bane","Crippling Poison"],"picked":"Footwork","floor":13.0},{"not_picked":["Expertise","Quick Slash","Setup"],"picked":"SKIP","floor":14.0},{"not_picked":["Envenom","A Thousand Cuts"],"picked":"Night Terror","floor":16.0},{"not_picked":["Outmaneuver+1","Acrobatics"],"picked":"Backflip","floor":18.0},{"not_picked":["Flechettes","Prepared","Deflect"],"picked":"SKIP","floor":22.0},{"not_picked":["Flying Knee","Prepared","Sucker Punch"],"picked":"SKIP","floor":24.0},{"not_picked":["Dagger Spray","Outmaneuver"],"picked":"Infinite Blades+1","floor":27.0},{"not_picked":["Masterful Stab","Tactician"],"picked":"Blur","floor":28.0},{"not_picked":["Reflex","Bane+1","Slice"],"picked":"SKIP","floor":29.0},{"not_picked":["Quick Slash+1","Underhanded Strike"],"picked":"Escape Plan","floor":31.0},{"not_picked":["Flying Knee+1","Dagger Throw"],"picked":"PiercingWail","floor":35.0},{"not_picked":["Outmaneuver","Well Laid Plans","Cloak And Dagger"],"picked":"SKIP","floor":37.0},{"not_picked":["Endless Agony","Quick Slash+1"],"picked":"Deadly Poison+1","floor":39.0},{"not_picked":["Swift Strike","Impatience"],"picked":"Purity","floor":41},{"not_picked":["Madness","Swift Strike"],"picked":"Impatience","floor":41},{"not_picked":["Secret Weapon","Deep Breath"],"picked":"Sadistic Nature","floor":41},{"not_picked":["Well Laid Plans","Dagger Throw+1"],"picked":"Setup+1","floor":44},{"not_picked":["Acrobatics","Flying Knee+1","Quick Slash"],"picked":"SKIP","floor":45},{"not_picked":["Expertise+1","Underhanded Strike"],"picked":"PiercingWail+1","floor":46},{"not_picked":["Dagger Spray","Cloak And Dagger+1"],"picked":"Terror+1","floor":49}],"player_experience":201590,"relics_obtained":[{"floor":9.0,"key":"Bird Faced Urn"},{"floor":13.0,"key":"Odd Mushroom"},{"floor":26.0,"key":"Bottled Lightning"},{"floor":43,"key":"Dream Catcher"}],"event_choices":[{"event_name":"Living Wall","player_choice":"Grow","floor":4.0,"damage_taken":0.0},{"event_name":"Mushrooms","player_choice":"Fought Mushrooms","floor":13.0,"damage_taken":0.0},{"event_name":"FaceTrader","player_choice":"Touch","floor":19.0,"damage_taken":0.0},{"event_name":"Addict","player_choice":"Stole Relic","floor":21.0,"damage_taken":0.0},{"event_name":"SensoryStone","player_choice":"Memory 3","floor":41,"damage_taken":0},{"event_name":"Tomb of Lord Red Mask","player_choice":"Paid","floor":47,"damage_taken":0},{"event_name":"Purifier","player_choice":"One Purge","floor":48,"damage_taken":0}],"is_beta":false,"boss_relics":[{"not_picked":["HoveringKite","Black Star"],"picked":"Empty Cage"},{"not_picked":["Eternal Feather","White Beast Statue"],"picked":"Runic Pyramid"}],"items_purged_floors":[36],"is_endless":false,"potions_floor_spawned":[1,5,14,16,22,24,28,44,45,46],"ascension_level":0}