{"gold_per_floor":[109,120,120,138,213,213,246,246,246,59,59,69,94,108,108,182,182,192,342,69,69,69,69,80,80,80,80,108,120,148,171,183,272,284,310,322,334,10,24,24,41,56,56,69,69,82,82,93,93,93,93],"floor_reached":52,"playtime":1732,"items_purged":["Strike_G","Strike_G","Defend_G"],"score":2214,"play_id":"828a434a-7dc2-4c95-a3cd-500321d5d3b9","local_time":"20190126214922","is_ascension_mode":true,"campfire_choices":[{"data":"1","floor":6.0,"key":"LIFT"},{"data":"2","floor":8.0,"key":"LIFT"},{"data":"3","floor":11.0,"key":"LIFT"},{"data":"Cloak And Dagger","floor":15.0,"key":"SMITH"},{"data":"Riddle With Holes","floor":23.0,"key":"SMITH"},{"data":"Blade Dance","floor":25.0,"key":"SMITH"},{"data":"Backstab","floor":27.0,"key":"SMITH"},{"data":"Finisher","floor":29.0,"key":"SMITH"},{"data":"Backstab","floor":32.0,"key":"SMITH"},{"data":"Blade Dance","floor":40.0,"key":"SMITH"},{"data":"Blade Dance","floor":45.0,"key":"SMITH"},{"data":"Finesse","floor":47.0,"key":"SMITH"},{"data":"Finisher","floor":49.0,"key":"SMITH"}],"neow_cost":"TEN_PERCENT_HP_LOSS","seed_source_timestamp":45997436414999,"circlet_count":0,"master_deck":["AscendersBane","Defend_G","Defend_G","Strike_G","Strike_G","Survivor","Neutralize+1","Infinite Blades","Backstab+1","Cloak And Dagger+1","Backflip","Backstab+1","Riddle With Holes+1","After Image","Blade Dance+1","Finisher+1","Well Laid Plans+1","Escape Plan+1","Leg Sweep+1","Trip","Finesse+1","Blade Dance+1","Blade Dance+1","Infinite Blades+1","Finisher+1"],"special_seed":0,"relics":["Ring of the Snake","Girya","Ninja Scroll","Paper Crane","Matryoshka","WristBlade","Vajra","Ornamental Fan","Mummified Hand","MawBank","Astrolabe","Strawberry","Happy Flower","Ancient Tea Set","Gremlin Horn"],"potions_floor_usage":[50,51],"damage_taken":[{"damage":0.0,"enemies":"Jaw Worm","floor":1.0,"turns":6.0},{"damage":1.0,"enemies":"Cultist","floor":2.0,"turns":5.0},{"damage":2.0,"enemies":"2 Louse","floor":4.0,"turns":3.0},{"damage":29.0,"enemies":"Lagavulin","floor":7.0,"turns":8.0},{"damage":0.0,"enemies":"Large Slime","floor":12.0,"turns":3.0},{"damage":0.0,"enemies":"Gremlin Nob","floor":13.0,"turns":3.0},{"damage":0.0,"enemies":"Exordium Wildlife","floor":14.0,"turns":1.0},{"damage":0.0,"enemies":"Slime Boss","floor":16.0,"turns":1.0},{"damage":0.0,"enemies":"Shell Parasite","floor":18.0,"turns":2.0},{"damage":0.0,"enemies":"theJungle:MUSHROOMGANG","floor":24.0,"turns":2.0},{"damage":0.0,"enemies":"theJungle:Cassacara","floor":28.0,"turns":2.0},{"damage":0.0,"enemies":"theJungle:2_Snecko_Cultists","floor":30.0,"turns":1.0},{"damage":9.0,"enemies":"theJungle:2_Flameangoes","floor":31.0,"turns":5.0},{"damage":0.0,"enemies":"theJungle:QueenSpyder","floor":33.0,"turns":1.0},{"damage":0.0,"enemies":"Orb Walker","floor":35.0,"turns":1.0},{"damage":0.0,"enemies":"3 Shapes","floor":39.0,"turns":2.0},{"damage":0.0,"enemies":"Maw","floor":41.0,"turns":4.0},{"damage":0.0,"enemies":"Sphere and 2 Shapes","floor":42.0,"turns":1.0},{"damage":0.0,"enemies":"4 Shapes","floor":44.0,"turns":1.0},{"damage":0.0,"enemies":"Jaw Worm Horde","floor":46.0,"turns":2.0},{"damage":0.0,"enemies":"Maw","floor":48.0,"turns":4.0},{"damage":17,"enemies":"Time Eater","floor":50,"turns":6},{"damage":0,"enemies":"Awakened One","floor":51,"turns":6}],"seed_played":"-6635730137912497620","potions_obtained":[{"floor":4.0,"key":"Poison Potion"},{"floor":28.0,"key":"SpeedPotion"},{"floor":39.0,"key":"Dexterity Potion"}],"is_trial":false,"path_per_floor":["M","M","?","M","?","R","E","R","T","$","R","M","E","M","R","B",null,"M","?","$","?","?","R","M","R","T","R","E","R","M","M","R","B",null,"M","?","?","$","M","R","M","M","T","M","R","M","R","M","R","B","B",null],"character_chosen":"THE_SILENT","items_purchased":["SteroidPotion","SteroidPotion","Vajra","Blade Dance","Happy Flower"],"campfire_rested":0,"item_purchase_floors":[10,10,20,38,38],"current_hp_per_floor":[59,58,58,56,45,45,16,16,16,16,16,16,16,16,16,16,49,49,49,49,49,49,49,49,49,49,49,49,49,49,40,40,40,55,55,45,52,52,52,52,52,52,52,52,52,52,52,52,52,35,35],"gold":93,"neow_bonus":"ONE_RARE_RELIC","is_prod":false,"is_daily":false,"chose_seed":false,"campfire_upgraded":10,"win_rate":0,"timestamp":1548510562,"path_taken":["M","M","?","?","?","R","E","R","T","$","R","M","E","M","R","BOSS","M","?","$","?","?","R","M","R","T","R","E","R","?","M","R","BOSS","M","?","?","$","M","R","M","M","T","M","R","?","R","M","R","BOSS","BOSS"],"build_version":"2019-01-23","purchased_purges":3,"victory":true,"max_hp_per_floor":[60,60,60,60,60,60,60,60,60,60,60,60,60,60,60,60,60,60,60,60,60,60,60,60,60,60,60,60,60,60,60,60,60,60,60,60,67,67,67,67,67,67,67,67,67,67,67,67,67,67,67],"card_choices":[{"not_picked":["Deadly Poison","Blade Dance"],"picked":"Infinite Blades","floor":1.0},{"not_picked":["Crippling Poison","Acrobatics"],"picked":"Backstab","floor":2.0},{"not_picked":["Bane","Backflip"],"picked":"Cloak And Dagger","floor":4.0},{"not_picked":["Underhanded Strike","Eviscerate"],"picked":"Backflip","floor":7.0},{"not_picked":["Quick Slash","Flechettes"],"picked":"Backstab","floor":12.0},{"not_picked":["Reflex","Predator","Deflect"],"picked":"SKIP","floor":13.0},{"not_picked":["Quick Slash","Predator"],"picked":"Riddle With Holes","floor":14.0},{"not_picked":["Corpse Explosion","Die Die Die"],"picked":"After Image","floor":16.0},{"not_picked":["Prepared","Quick Slash","Crippling Poison"],"picked":"SKIP","floor":18.0},{"not_picked":["Blade Dance","Dodge and Roll","All Out Attack"],"picked":"SKIP","floor":24.0},{"not_picked":["Dodge and Roll","All Out Attack"],"picked":"Blade Dance","floor":24.0},{"not_picked":["Infinite Blades","Bane"],"picked":"Finisher","floor":28.0},{"not_picked":["Eviscerate","Blur","Catalyst"],"picked":"SKIP","floor":30.0},{"not_picked":["Acrobatics+1","Tools of the Trade","Tactician"],"picked":"SKIP","floor":31.0},{"not_picked":["Blur","Choke","PiercingWail"],"picked":"SKIP","floor":35.0},{"not_picked":["Purity","Metamorphosis"],"picked":"Trip","floor":36.0},{"not_picked":["Secret Technique","Metamorphosis"],"picked":"Finesse","floor":36.0},{"not_picked":["Dodge and Roll","Acrobatics+1","Quick Slash"],"picked":"SKIP","floor":39.0},{"not_picked":["Dagger Throw","Underhanded Strike","Crippling Poison"],"picked":"SKIP","floor":41.0},{"not_picked":["Eviscerate","Dagger Throw+1"],"picked":"Blade Dance","floor":42.0},{"not_picked":["Expertise","Burst"],"picked":"Infinite Blades+1","floor":44.0},{"not_picked":["Backflip","Slice","Calculated Gamble"],"picked":"SKIP","floor":46.0},{"not_picked":["Dash","Footwork+1"],"picked":"Finisher","floor":48.0}],"player_experience":2295681,"relics_obtained":[{"floor":7.0,"key":"Ninja Scroll"},{"floor":9.0,"key":"Paper Crane"},{"floor":13.0,"key":"Matryoshka"},{"floor":26.0,"key":"Ornamental Fan"},{"floor":26.0,"key":"Mummified Hand"},{"floor":28.0,"key":"MawBank"},{"floor":43.0,"key":"Ancient Tea Set"},{"floor":43.0,"key":"Gremlin Horn"}],"event_choices":[{"damage_healed":0.0,"max_hp_gain":0.0,"max_hp_loss":0.0,"gold_gain":0.0,"event_name":"Upgrade Shrine","player_choice":"Upgraded","floor":3.0,"gold_loss":0.0,"damage_taken":0.0,"cards_upgraded":["Neutralize"]},{"damage_healed":0.0,"max_hp_gain":0.0,"max_hp_loss":0.0,"gold_gain":75.0,"event_name":"World of Goop","player_choice":"Gather Gold","floor":5.0,"gold_loss":0.0,"damage_taken":11.0},{"damage_healed":0.0,"max_hp_gain":0.0,"max_hp_loss":0.0,"gold_gain":0.0,"event_name":"Wheel of Change","player_choice":"Gold","floor":22.0,"gold_loss":0.0,"damage_taken":0.0},{"damage_healed":0.0,"max_hp_gain":0.0,"max_hp_loss":0.0,"gold_gain":0.0,"event_name":"SensoryStone","player_choice":"Memory 3","floor":36.0,"gold_loss":0.0,"damage_taken":10.0},{"damage_healed":0.0,"max_hp_gain":0.0,"max_hp_loss":0.0,"gold_gain":0.0,"event_name":"WeMeetAgain","player_choice":"Gave Potion","floor":37.0,"gold_loss":0.0,"damage_taken":0.0,"relics_obtained":["Strawberry"]}],"is_beta":false,"boss_relics":[{"not_picked":["White Beast Statue","Pandora\u0027s Box"],"picked":"WristBlade"},{"not_picked":["Black Star","Lizard Tail"],"picked":"Astrolabe"}],"items_purged_floors":[10,20,38],"is_endless":false,"potions_floor_spawned":[4,12,14,28,30,31,39,41,48],"ascension_level":20}