{"gold_per_floor":[118,36,47,47,60,60,95,112,112,140,158,158,158,81,81,177,177,189,43,43,55,73,103,103,131,131,149,182,192,224,224,224,327,327,343,358,12,12,12,39,51,51,51,51,76,92,92,102,102,102,102,102,2,27,27],"floor_reached":56,"playtime":3480,"items_purged":["Strike_G","Strike_G"],"score":1535,"play_id":"62ac78de-19fa-40f5-9835-69ce3eb0d26c","local_time":"20190304232201","is_ascension_mode":true,"campfire_choices":[{"data":"Well Laid Plans","floor":6.0,"key":"SMITH"},{"floor":12.0,"key":"DIG"},{"data":"Prepared","floor":15.0,"key":"SMITH"},{"floor":24.0,"key":"DIG"},{"data":"A Thousand Cuts","floor":32.0,"key":"SMITH"},{"floor":42.0,"key":"DIG"},{"floor":44.0,"key":"RECALL"},{"floor":47.0,"key":"DIG"},{"floor":49.0,"key":"REST"},{"floor":52.0,"key":"DIG"}],"neow_cost":"NONE","seed_source_timestamp":211172247807801,"circlet_count":0,"master_deck":["Defend_G","Defend_G","Defend_G","Defend_G","Defend_G","Strike_G","Strike_G+1","Strike_G","Survivor","Neutralize+1","Well Laid Plans+1","Prepared+1","Heel Hook","Crippling Poison+1","Leg Sweep+1","Backflip+1","Reflex+1","Predator+1","Burst+1","Tactician+1","Footwork","Terror+1","Noxious Fumes","A Thousand Cuts+1","Prepared+1","Night Terror+1","Deep Breath+1","Apotheosis+1","Impatience+1","Outmaneuver+1","Acrobatics+1","Blur+1","Caltrops+1"],"special_seed":0,"relics":["Ring of the Snake","NeowsBlessing","Toxic Egg 2","Shovel","Incense Burner","Bag of Preparation","Du-Vu Doll","Sozu","Dream Catcher","Meat on the Bone","Bottled Tornado","Dodecahedron","Whetstone","Nunchaku","Runic Pyramid","ClockworkSouvenir","Happy Flower","Question Card","Paper Crane","Juzu Bracelet","FossilizedHelix","Regal Pillow","Letter Opener","Boot"],"potions_floor_usage":[],"damage_taken":[{"damage":0.0,"enemies":"Jaw Worm","floor":1.0,"turns":1.0},{"damage":0.0,"enemies":"2 Louse","floor":3.0,"turns":1.0},{"damage":0.0,"enemies":"Cultist","floor":5.0,"turns":1.0},{"damage":24.0,"enemies":"3 Sentries","floor":7.0,"turns":13.0},{"damage":3.0,"enemies":"Red Slaver","floor":8.0,"turns":4.0},{"damage":11.0,"enemies":"Gremlin Nob","floor":10.0,"turns":5.0},{"damage":0.0,"enemies":"3 Louse","floor":11.0,"turns":2.0},{"damage":10.0,"enemies":"The Guardian","floor":16.0,"turns":19.0},{"damage":0.0,"enemies":"Chosen","floor":18.0,"turns":8.0},{"damage":1.0,"enemies":"Spheric Guardian","floor":21.0,"turns":4.0},{"damage":0.0,"enemies":"Centurion and Healer","floor":22.0,"turns":5.0},{"damage":0.0,"enemies":"Book of Stabbing","floor":23.0,"turns":5.0},{"damage":10.0,"enemies":"Slavers","floor":25.0,"turns":3.0},{"damage":17.0,"enemies":"Snake Plant","floor":27.0,"turns":5.0},{"damage":14.0,"enemies":"Gremlin Leader","floor":28.0,"turns":9.0},{"damage":0.0,"enemies":"Shelled Parasite and Fungi","floor":29.0,"turns":4.0},{"damage":8.0,"enemies":"Slavers","floor":30.0,"turns":4.0},{"damage":13.0,"enemies":"Collector","floor":33.0,"turns":7.0},{"damage":7.0,"enemies":"3 Darklings","floor":35.0,"turns":5.0},{"damage":1.0,"enemies":"3 Shapes","floor":36.0,"turns":5.0},{"damage":0.0,"enemies":"Giant Head","floor":40.0,"turns":7.0},{"damage":17.0,"enemies":"Jaw Worm Horde","floor":41.0,"turns":5.0},{"damage":1.0,"enemies":"Nemesis","floor":45.0,"turns":8.0},{"damage":0.0,"enemies":"4 Shapes","floor":46.0,"turns":5.0},{"damage":0.0,"enemies":"Maw","floor":48.0,"turns":7.0},{"damage":0.0,"enemies":"Time Eater","floor":50.0,"turns":9.0},{"damage":0.0,"enemies":"Shield and Spear","floor":54.0,"turns":6.0},{"damage":0,"enemies":"The Heart","floor":55,"turns":8}],"seed_played":"-9120519157917253491","potions_obtained":[{"floor":1.0,"key":"Explosive Potion"},{"floor":8.0,"key":"Regen Potion"},{"floor":10.0,"key":"FairyPotion"},{"floor":13.0,"key":"FearPotion"}],"is_trial":false,"path_per_floor":["M","$","M","?","M","R","E","M","T","E","M","R","?","$","R","B",null,"M","$","?","M","M","E","R","E","T","M","E","M","E","?","R","B",null,"M","M","$","?","T","E","M","R","T","R","E","M","R","M","R","B",null,"R","$","E","B",null],"character_chosen":"THE_SILENT","items_purchased":["Prepared","Heel Hook","Predator","Footwork","ClockworkSouvenir","Happy Flower"],"campfire_rested":1,"item_purchase_floors":[2,2,14,19,37,37],"current_hp_per_floor":[70,70,70,67,67,67,43,40,40,29,29,29,29,29,29,19,70,70,70,70,69,69,69,69,59,59,42,40,40,44,44,44,43,70,63,62,62,52,52,52,47,47,47,47,46,46,46,46,70,70,70,70,70,70,70],"gold":27,"neow_bonus":"THREE_ENEMY_KILL","is_prod":false,"is_daily":false,"chose_seed":false,"campfire_upgraded":3,"win_rate":0,"timestamp":1551712921,"path_taken":["M","$","M","?","M","R","E","M","T","E","M","R","?","$","R","BOSS","M","$","?","?","M","E","R","E","T","M","E","M","E","?","R","BOSS","M","M","$","?","?","E","?","R","T","R","E","M","R","M","R","BOSS","R","$","E","BOSS"],"build_version":"2019-01-23","purchased_purges":2,"victory":true,"max_hp_per_floor":[70,70,70,70,70,70,70,70,70,70,70,70,70,70,70,70,70,70,70,70,70,70,70,70,70,70,70,70,70,70,70,70,70,70,70,70,70,70,70,70,70,70,70,70,70,70,70,70,70,70,70,70,70,70,70],"card_choices":[{"not_picked":["Reflex","Quick Slash"],"picked":"Well Laid Plans","floor":1.0},{"not_picked":["Dodge and Roll","Slice","Sucker Punch"],"picked":"SKIP","floor":3.0},{"not_picked":["Dodge and Roll+1","Escape Plan+1"],"picked":"Crippling Poison+1","floor":5.0},{"not_picked":["Bullet Time+1","Wraith Form v2"],"picked":"Leg Sweep+1","floor":7.0},{"not_picked":["Deflect+1","Bane"],"picked":"Backflip+1","floor":8.0},{"not_picked":["Accuracy","Dodge and Roll+1","Slice"],"picked":"SKIP","floor":10.0},{"not_picked":["PiercingWail+1","Predator"],"picked":"Reflex+1","floor":11.0},{"not_picked":["Storm of Steel+1","Night Terror+1"],"picked":"Burst+1","floor":16.0},{"not_picked":["Skewer+1","Endless Agony+1"],"picked":"Tactician+1","floor":18.0},{"not_picked":["Dodge and Roll+1","Backflip+1"],"picked":"Terror+1","floor":21.0},{"not_picked":["Skewer","Dagger Spray+1","Tactician+1"],"picked":"SKIP","floor":22.0},{"not_picked":["Quick Slash","Dagger Spray","Glass Knife"],"picked":"SKIP","floor":23.0},{"not_picked":["Backflip+1","Deadly Poison+1","Masterful Stab"],"picked":"SKIP","floor":25.0},{"not_picked":["Poisoned Stab","Blade Dance+1"],"picked":"Noxious Fumes","floor":27.0},{"not_picked":["Tactician+1","Slice+1"],"picked":"A Thousand Cuts","floor":28.0},{"not_picked":["Dagger Throw+1","Underhanded Strike"],"picked":"Prepared+1","floor":29.0},{"not_picked":["Dagger Spray+1","Dodge and Roll+1","Terror+1"],"picked":"SKIP","floor":30.0},{"not_picked":["Bullet Time+1","Wraith Form v2"],"picked":"Night Terror+1","floor":33.0},{"not_picked":["Deadly Poison+1","Deflect+1","Dagger Throw"],"picked":"SKIP","floor":35.0},{"not_picked":["Backstab","Backflip+1","Quick Slash"],"picked":"SKIP","floor":36.0},{"not_picked":["Finesse+1","Swift Strike"],"picked":"Deep Breath+1","floor":38.0},{"not_picked":["Metamorphosis+1","Good Instincts+1"],"picked":"Apotheosis+1","floor":38.0},{"not_picked":["Mayhem","Madness+1"],"picked":"Impatience+1","floor":38.0},{"not_picked":["Backflip+1","Cloak And Dagger+1","Poisoned Stab+1"],"picked":"Outmaneuver+1","floor":40.0},{"not_picked":["Escape Plan+1","Poisoned Stab","Well Laid Plans+1"],"picked":"Acrobatics+1","floor":41.0},{"not_picked":["Distraction+1","Noxious Fumes+1","Dagger Throw","Blur+1"],"picked":"SKIP","floor":45.0},{"not_picked":["Acrobatics+1","Masterful Stab","Finisher","Caltrops+1"],"picked":"SKIP","floor":46.0},{"not_picked":["Dash+1","Quick Slash","Deadly Poison+1","Malaise+1"],"picked":"SKIP","floor":48.0},{"not_picked":["Quick Slash","Acrobatics+1","Outmaneuver+1"],"picked":"Blur+1","floor":49.0},{"not_picked":["Cloak And Dagger+1","Bouncing Flask+1","Endless Agony"],"picked":"Caltrops+1","floor":54.0}],"player_experience":19617,"relics_obtained":[{"floor":7.0,"key":"Shovel"},{"floor":9.0,"key":"Incense Burner"},{"floor":10.0,"key":"Bag of Preparation"},{"floor":12.0,"key":"Du-Vu Doll"},{"floor":23.0,"key":"Dream Catcher"},{"floor":24.0,"key":"Meat on the Bone"},{"floor":25.0,"key":"Bottled Tornado"},{"floor":26.0,"key":"Dodecahedron"},{"floor":28.0,"key":"Whetstone"},{"floor":30.0,"key":"Nunchaku"},{"floor":39.0,"key":"Question Card"},{"floor":40.0,"key":"Paper Crane"},{"floor":42.0,"key":"Juzu Bracelet"},{"floor":45.0,"key":"FossilizedHelix"},{"floor":47.0,"key":"Regal Pillow"},{"floor":52.0,"key":"Letter Opener"},{"floor":54.0,"key":"Boot"}],"event_choices":[{"damage_healed":0.0,"max_hp_gain":0.0,"max_hp_loss":0.0,"gold_gain":0.0,"event_name":"Scrap Ooze","player_choice":"Success","floor":4.0,"gold_loss":0.0,"damage_taken":3.0,"relics_obtained":["Toxic Egg 2"]},{"damage_healed":0.0,"max_hp_gain":0.0,"max_hp_loss":0.0,"gold_gain":0.0,"event_name":"Lab","player_choice":"Got Potions","floor":13.0,"gold_loss":0.0,"damage_taken":0.0},{"damage_healed":0.0,"max_hp_gain":0.0,"max_hp_loss":0.0,"gold_gain":0.0,"event_name":"Accursed Blacksmith","player_choice":"Forge","floor":20.0,"gold_loss":0.0,"damage_taken":0.0,"cards_upgraded":["Predator"]},{"damage_healed":0.0,"max_hp_gain":0.0,"max_hp_loss":0.0,"gold_gain":0.0,"event_name":"Vampires","player_choice":"Ignored","floor":31.0,"gold_loss":0.0,"damage_taken":0.0},{"damage_healed":0.0,"max_hp_gain":0.0,"max_hp_loss":0.0,"gold_gain":0.0,"event_name":"SensoryStone","player_choice":"Memory 3","floor":38.0,"gold_loss":0.0,"damage_taken":10.0}],"is_beta":false,"boss_relics":[{"not_picked":["Philosopher\u0027s Stone","Snecko Eye"],"picked":"Sozu"},{"not_picked":["Orrery","Ring of the Serpent"],"picked":"Runic Pyramid"}],"items_purged_floors":[19,53],"is_endless":false,"potions_floor_spawned":[1,8,10,16,23,28,29,35,40,45,46,48],"ascension_level":2}