{"gold_per_floor":[116,116,116,41,66,66,81,104,104,104,104,18,49,49,49,143,143,168,68,68,87,287,287,331,331,331,331,367,381,400,416,416,509,509,528,528,551,426,276,292,292,325,325,341,384,384,425,443,443,443,443,443,443,45,84,84],"floor_reached":57,"playtime":3027,"items_purged":["Defend_G","Strike_G","Flechettes+1","Defend_G","Defend_G"],"score":3006,"play_id":"ec7b9db2-ebfc-4aa4-8130-54f373e2db5c","local_time":"20190120185357","is_ascension_mode":true,"campfire_choices":[{"data":"Neutralize","floor":6.0,"key":"SMITH"},{"data":"Caltrops","floor":11.0,"key":"SMITH"},{"data":"Grand Finale","floor":15.0,"key":"SMITH"},{"data":"Acrobatics","floor":23.0,"key":"SMITH"},{"data":"Wraith Form v2","floor":25.0,"key":"SMITH"},{"floor":27.0,"key":"RECALL"},{"data":"Wraith Form v2","floor":32.0,"key":"SMITH"},{"data":"Acrobatics","floor":41.0,"key":"SMITH"},{"data":"1","floor":46.0,"key":"LIFT"},{"data":"2","floor":49.0,"key":"LIFT"},{"floor":53,"key":"REST"}],"neow_cost":"NONE","seed_source_timestamp":29804938600477,"circlet_count":0,"master_deck":["AscendersBane","Defend_G","Defend_G","Survivor","Neutralize+1","Acrobatics+1","Caltrops+1","Heel Hook","Grand Finale+1","Wraith Form v2+1","Corpse Explosion+1","Wraith Form v2+1","Acrobatics+1","Grand Finale+1","Concentrate","Tactician+1"],"special_seed":0,"relics":["Runic Pyramid","Golden Idol","Lantern","Molten Egg 2","Astrolabe","Turnip","Potion Belt","Girya","Snecko Eye","Prayer Wheel","Toxic Egg 2","Strawberry","Sundial"],"potions_floor_usage":[56,56,56],"damage_taken":[{"damage":0.0,"enemies":"Jaw Worm","floor":1.0,"turns":6.0},{"damage":6.0,"enemies":"Small Slimes","floor":5.0,"turns":6.0},{"damage":0.0,"enemies":"Cultist","floor":7.0,"turns":4.0},{"damage":1.0,"enemies":"Exordium Wildlife","floor":8.0,"turns":4.0},{"damage":0.0,"enemies":"Lagavulin","floor":13.0,"turns":4.0},{"damage":0.0,"enemies":"Hexaghost","floor":16.0,"turns":8.0},{"damage":0.0,"enemies":"2 Thieves","floor":18.0,"turns":3.0},{"damage":0.0,"enemies":"3 Byrds","floor":21.0,"turns":2.0},{"damage":27.0,"enemies":"Slavers","floor":24.0,"turns":5.0},{"damage":0.0,"enemies":"Book of Stabbing","floor":28.0,"turns":3.0},{"damage":2.0,"enemies":"Centurion and Healer","floor":29.0,"turns":3.0},{"damage":2.0,"enemies":"Cultist and Chosen","floor":30.0,"turns":3.0},{"damage":0.0,"enemies":"3 Cultists","floor":31.0,"turns":3.0},{"damage":0.0,"enemies":"Champ","floor":33.0,"turns":6.0},{"damage":0.0,"enemies":"3 Darklings","floor":35.0,"turns":3.0},{"damage":4.0,"enemies":"3 Shapes","floor":37.0,"turns":6.0},{"damage":0.0,"enemies":"Writhing Mass","floor":40.0,"turns":4.0},{"damage":4.0,"enemies":"Reptomancer","floor":42.0,"turns":6.0},{"damage":2.0,"enemies":"4 Shapes","floor":44.0,"turns":3.0},{"damage":3.0,"enemies":"Nemesis","floor":45.0,"turns":5.0},{"damage":3.0,"enemies":"Reptomancer","floor":47.0,"turns":4.0},{"damage":3.0,"enemies":"Maw","floor":48.0,"turns":6.0},{"damage":7.0,"enemies":"Awakened One","floor":50.0,"turns":8.0},{"damage":24.0,"enemies":"Time Eater","floor":51.0,"turns":9.0},{"damage":6,"enemies":"Shield and Spear","floor":55,"turns":5},{"damage":57,"enemies":"The Heart","floor":56,"turns":8}],"seed_played":"1857334449633177168","potions_obtained":[{"floor":13.0,"key":"SteroidPotion"},{"floor":18.0,"key":"SkillPotion"},{"floor":29.0,"key":"Ancient Potion"},{"floor":30.0,"key":"Ancient Potion"},{"floor":31.0,"key":"AttackPotion"},{"floor":37.0,"key":"Dexterity Potion"},{"floor":40.0,"key":"FearPotion"},{"floor":42.0,"key":"Ancient Potion"}],"is_trial":false,"path_per_floor":["M","?","?","$","M","R","M","M","T","$","R","$","E","$","R","B",null,"M","$","?","M","?","R","E","R","T","R","E","M","M","M","R","B",null,"M","?","M","$","$","M","R","E","T","M","E","R","E","M","R","B","B",null,"R","$","E","B",null],"character_chosen":"THE_SILENT","items_purchased":["Grand Finale","LiquidBronze","LiquidBronze","PowerPotion"],"campfire_rested":1,"item_purchase_floors":[12,54,54,54],"current_hp_per_floor":[59,59,59,59,53,53,53,52,52,52,52,52,52,52,52,52,58,58,58,58,58,58,58,31,31,31,31,31,29,27,27,27,27,52,52,52,48,48,48,48,48,44,44,42,39,39,43,40,40,33,9,53,67,67,61,4],"gold":84,"neow_bonus":"BOSS_RELIC","is_prod":false,"is_daily":false,"chose_seed":false,"campfire_upgraded":7,"win_rate":0,"timestamp":1547981637,"path_taken":["M","?","?","$","M","R","M","?","T","$","R","$","E","?","R","BOSS","M","$","?","M","?","R","E","R","T","R","E","M","M","?","R","BOSS","M","?","?","?","$","M","R","E","T","?","E","R","E","M","R","BOSS","BOSS","R","$","E","BOSS"],"build_version":"2019-01-17v2","purchased_purges":5,"victory":true,"max_hp_per_floor":[66,60,60,60,60,60,60,60,60,60,60,60,60,60,60,60,60,60,60,60,60,60,60,60,60,60,60,60,60,60,60,60,60,60,60,60,60,60,60,60,60,60,60,60,60,60,67,67,67,67,67,67,67,67,67,67],"card_choices":[{"not_picked":["Blade Dance","Eviscerate"],"picked":"Acrobatics","floor":1.0},{"not_picked":["Cloak And Dagger","Distraction","Accuracy"],"picked":"SKIP","floor":5.0},{"not_picked":["Outmaneuver","Flying Knee"],"picked":"Caltrops","floor":7.0},{"not_picked":["Footwork","Blur"],"picked":"Heel Hook","floor":8.0},{"not_picked":["Expertise","Backflip","Poisoned Stab"],"picked":"SKIP","floor":13.0},{"not_picked":["Night Terror","Burst"],"picked":"Wraith Form v2","floor":16.0},{"not_picked":["Quick Slash+1","Sucker Punch+1","Underhanded Strike+1"],"picked":"SKIP","floor":18.0},{"not_picked":["Accuracy","Sucker Punch+1","Crippling Poison"],"picked":"SKIP","floor":21.0},{"not_picked":["All Out Attack+1","Skewer+1","Phantasmal Killer"],"picked":"SKIP","floor":24.0},{"not_picked":["Outmaneuver+1","Dagger Throw+1"],"picked":"Wraith Form v2","floor":28.0},{"not_picked":["Underhanded Strike+1","Well Laid Plans"],"picked":"Acrobatics","floor":29.0},{"not_picked":["Distraction","Acrobatics+1","Blade Dance"],"picked":"SKIP","floor":30.0},{"not_picked":["Leg Sweep","Reflex","Terror"],"picked":"SKIP","floor":31.0},{"not_picked":["Glass Knife+1","A Thousand Cuts"],"picked":"Grand Finale+1","floor":33.0},{"not_picked":["Reflex","Catalyst","Noxious Fumes"],"picked":"SKIP","floor":35.0},{"not_picked":["Heel Hook+1","All Out Attack+1","Footwork"],"picked":"SKIP","floor":37.0},{"not_picked":["Slice+1","Accuracy","Cloak And Dagger"],"picked":"SKIP","floor":40.0},{"not_picked":["Deflect+1","Backstab+1"],"picked":"Tactician+1","floor":42.0},{"not_picked":["Skewer+1","PiercingWail","Outmaneuver"],"picked":"SKIP","floor":44.0},{"not_picked":["Flechettes+1","Phantasmal Killer","Masterful Stab+1"],"picked":"SKIP","floor":44.0},{"not_picked":["Blade Dance+1","Dagger Spray+1","Noxious Fumes+1"],"picked":"SKIP","floor":45.0},{"not_picked":["Dash+1","Sucker Punch+1","Masterful Stab+1"],"picked":"SKIP","floor":47.0},{"not_picked":["Terror+1","Outmaneuver+1","Cloak And Dagger+1"],"picked":"SKIP","floor":48.0},{"not_picked":["Masterful Stab+1","Flying Knee+1","Terror+1"],"picked":"SKIP","floor":48.0},{"not_picked":["Skewer+1","Footwork+1","Escape Plan+1"],"picked":"SKIP","floor":55}],"player_experience":2076837,"relics_obtained":[{"floor":9.0,"key":"Lantern"},{"floor":13.0,"key":"Molten Egg 2"},{"floor":24.0,"key":"Turnip"},{"floor":26.0,"key":"Potion Belt"},{"floor":28.0,"key":"Girya"},{"floor":42.0,"key":"Prayer Wheel"},{"floor":45.0,"key":"Toxic Egg 2"},{"floor":47.0,"key":"Strawberry"},{"floor":55,"key":"Sundial"}],"event_choices":[{"damage_healed":0.0,"max_hp_gain":0.0,"max_hp_loss":6.0,"gold_gain":0.0,"event_name":"Golden Idol","player_choice":"Lose Max HP","floor":2.0,"gold_loss":0.0,"damage_taken":0.0,"relics_obtained":["Golden Idol"]},{"cards_removed":["Strike_G"],"damage_healed":0.0,"max_hp_gain":0.0,"max_hp_loss":0.0,"gold_gain":0.0,"event_name":"Living Wall","player_choice":"Forget","floor":3.0,"gold_loss":0.0,"damage_taken":0.0},{"damage_healed":0.0,"max_hp_gain":0.0,"max_hp_loss":0.0,"gold_gain":0.0,"event_name":"Vampires","player_choice":"Ignored","floor":20.0,"gold_loss":0.0,"damage_taken":0.0},{"damage_healed":0.0,"max_hp_gain":0.0,"max_hp_loss":0.0,"gold_gain":250.0,"event_name":"The Joust","player_choice":"Bet on Owner","floor":22.0,"gold_loss":50.0,"damage_taken":0.0},{"damage_healed":0.0,"max_hp_gain":0.0,"max_hp_loss":0.0,"gold_gain":0.0,"cards_transformed":["Masterful Stab"],"event_name":"Transmorgrifier","player_choice":"Transformed","floor":36.0,"gold_loss":0.0,"damage_taken":0.0,"cards_obtained":["Concentrate"]}],"is_beta":false,"boss_relics":[{"not_picked":["White Beast Statue","Lizard Tail"],"picked":"Astrolabe"},{"not_picked":["Philosopher\u0027s Stone","Eternal Feather"],"picked":"Snecko Eye"}],"items_purged_floors":[4,19,38,39,54],"is_endless":false,"potions_floor_spawned":[13,18,29,30,31,37,40,42,44],"ascension_level":20}