{"gold_per_floor":[110,35,54,54,54,54,84,9,34,64,64,99,99,116,116,195,195,210,223,148,148,166,166,180,180,232,232],"floor_reached":27,"playtime":697,"items_purged":["Defend_B","Strike_B"],"score":458,"play_id":"fe3ee94c-5945-4c4e-9d52-110cdfd37e3d","local_time":"20190417040314","is_ascension_mode":true,"campfire_choices":[{"data":"Apotheosis","floor":6.0,"key":"SMITH"},{"data":"Hologram","floor":11.0,"key":"SMITH"},{"floor":13.0,"key":"RECALL"},{"data":"Machine Learning","floor":15.0,"key":"SMITH"},{"floor":23,"key":"REST"},{"floor":25,"key":"REST"}],"neow_cost":"TEN_PERCENT_HP_LOSS","seed_source_timestamp":82575029219602,"circlet_count":0,"master_deck":["AscendersBane","Strike_B+1","Strike_B","Defend_B","Defend_B","Defend_B","Zap+1","Dualcast","Apotheosis+1","Blind","Hologram+1","Ball Lightning","Ball Lightning","Cold Snap","Machine Learning+1","Sunder","Electrodynamics","Cold Snap","Turbo","Necronomicurse","Electrodynamics","White Noise"],"special_seed":0,"relics":["Cracked Core","Blood Vial","Smiling Mask","Turnip","Question Card","Philosopher\u0027s Stone","Necronomicon","Centennial Puzzle"],"potions_floor_usage":[],"damage_taken":[{"damage":0.0,"enemies":"Cultist","floor":1.0,"turns":4.0},{"damage":5.0,"enemies":"Small Slimes","floor":3.0,"turns":3.0},{"damage":5.0,"enemies":"Gremlin Nob","floor":7.0,"turns":3.0},{"damage":2.0,"enemies":"Lagavulin","floor":10.0,"turns":7.0},{"damage":11.0,"enemies":"3 Sentries","floor":12.0,"turns":4.0},{"damage":0.0,"enemies":"2 Louse","floor":14.0,"turns":2.0},{"damage":24.0,"enemies":"Hexaghost","floor":16.0,"turns":8.0},{"damage":10.0,"enemies":"Chosen","floor":18.0,"turns":4.0},{"damage":9.0,"enemies":"2 Thieves","floor":19.0,"turns":2.0},{"damage":0,"enemies":"3 Cultists","floor":22,"turns":3},{"damage":34,"enemies":"Snake Plant","floor":24,"turns":3},{"damage":27,"enemies":"Slavers","floor":27,"turns":1}],"seed_played":"4088453333638702530","potions_obtained":[{"floor":1.0,"key":"Energy Potion"},{"floor":10.0,"key":"Swift Potion"}],"is_trial":false,"path_per_floor":["M","$","M","$","?","R","E","?","T","E","R","E","R","M","R","B",null,"M","M","$","?","M","R","M","R","T","E"],"character_chosen":"DEFECT","items_purchased":["Turbo"],"campfire_rested":2,"item_purchase_floors":[20],"current_hp_per_floor":[64,64,59,59,40,40,35,35,35,35,35,26,26,28,28,6,50,42,35,35,14,16,35,3,22,22,0],"gold":232,"neow_bonus":"RANDOM_COLORLESS_2","is_prod":false,"is_daily":false,"chose_seed":false,"campfire_upgraded":3,"win_rate":0,"timestamp":1555444994,"path_taken":["M","$","?","?","?","R","E","?","T","E","R","E","R","?","R","BOSS","M","M","$","?","M","R","M","R","T","E"],"build_version":"2019-01-23","purchased_purges":2,"victory":false,"max_hp_per_floor":[64,64,64,64,64,64,64,64,64,64,64,64,64,64,64,64,64,64,64,64,64,64,64,64,64,64,64],"card_choices":[{"not_picked":["Barrage","Compile Driver"],"picked":"Hologram","floor":1.0},{"not_picked":["Turbo","Redo"],"picked":"Ball Lightning","floor":3.0},{"not_picked":["Beam Cell","Steam"],"picked":"Ball Lightning","floor":7.0},{"not_picked":["Barrage","Hologram"],"picked":"Cold Snap","floor":10.0},{"not_picked":["Force Field","Streamline"],"picked":"Machine Learning","floor":12.0},{"not_picked":["Go for the Eyes","Beam Cell","Ball Lightning"],"picked":"Sunder","floor":14.0},{"not_picked":["Hyperbeam","Multi-Cast","Reboot"],"picked":"Electrodynamics","floor":16.0},{"not_picked":["Steam","Leap","Hologram","Ball Lightning"],"picked":"SKIP","floor":18.0},{"not_picked":["Go for the Eyes","Hologram","Rebound"],"picked":"Cold Snap","floor":19.0},{"not_picked":["Sweeping Beam+1","Hello World","Hologram"],"picked":"Electrodynamics","floor":22},{"not_picked":["Static Discharge","Hologram","BootSequence"],"picked":"White Noise","floor":24}],"player_experience":4341145,"relics_obtained":[{"floor":7.0,"key":"Blood Vial"},{"floor":9.0,"key":"Smiling Mask"},{"floor":10.0,"key":"Turnip"},{"floor":12.0,"key":"Question Card"},{"floor":21.0,"key":"Necronomicon"},{"floor":26,"key":"Centennial Puzzle"}],"event_choices":[{"damage_healed":0.0,"max_hp_gain":0.0,"max_hp_loss":0.0,"gold_gain":0.0,"event_name":"Shining Light","player_choice":"Entered Light","floor":5.0,"gold_loss":0.0,"damage_taken":19.0,"cards_upgraded":["Strike_B","Zap"]},{"cards_removed":["Strike_B"],"damage_healed":0.0,"max_hp_gain":0.0,"max_hp_loss":0.0,"gold_gain":0.0,"event_name":"The Cleric","player_choice":"Card Removal","floor":8.0,"gold_loss":75.0,"damage_taken":0.0},{"damage_healed":0.0,"max_hp_gain":0.0,"max_hp_loss":0.0,"gold_gain":0.0,"event_name":"Cursed Tome","player_choice":"Obtained Book","floor":21.0,"gold_loss":0.0,"damage_taken":21.0}],"is_beta":false,"boss_relics":[{"not_picked":["Calling Bell","Empty Cage"],"picked":"Philosopher\u0027s Stone"}],"items_purged_floors":[2,20],"is_endless":false,"potions_floor_spawned":[1,10,16],"killed_by":"Slavers","ascension_level":20}