{"gold_per_floor":[13,28,41,41,56,56,56,75,102,117,129,149,160,160,160,234,234,245,245,245,245,265,291,309,334,357,357,357,371,371],"floor_reached":30,"playtime":920,"items_purged":[],"score":622,"play_id":"36a19423-eb86-4517-a6a1-452cda245168","local_time":"20190318211116","is_ascension_mode":true,"campfire_choices":[{"data":"Noxious Fumes","floor":7.0,"key":"SMITH"},{"data":"Well Laid Plans","floor":15.0,"key":"SMITH"},{"floor":27.0,"key":"REST"}],"neow_cost":"NO_GOLD","seed_source_timestamp":415245726988292,"circlet_count":0,"master_deck":["AscendersBane","Defend_G","Defend_G","Defend_G","Defend_G","Defend_G","Strike_G","Strike_G","Strike_G","Survivor","Neutralize","Noxious Fumes+1","Corpse Explosion","Well Laid Plans+1","Backflip","Catalyst","Crippling Poison","Night Terror","Adrenaline","Footwork","Terror","Catalyst","Decay","PiercingWail","Prepared+1"],"special_seed":0,"relics":["Ring of the Snake","Pen Nib","Lantern","Runic Dome","Vajra","Snake Skull","Art of War"],"potions_floor_usage":[],"damage_taken":[{"damage":0.0,"enemies":"Cultist","floor":1.0,"turns":4.0},{"damage":2.0,"enemies":"Jaw Worm","floor":2.0,"turns":6.0},{"damage":0.0,"enemies":"2 Louse","floor":3.0,"turns":1.0},{"damage":9.0,"enemies":"Looter","floor":5.0,"turns":4.0},{"damage":0.0,"enemies":"Blue Slaver","floor":8.0,"turns":5.0},{"damage":5.0,"enemies":"3 Louse","floor":10.0,"turns":3.0},{"damage":1.0,"enemies":"2 Fungi Beasts","floor":11.0,"turns":2.0},{"damage":6.0,"enemies":"Red Slaver","floor":12.0,"turns":4.0},{"damage":5.0,"enemies":"Large Slime","floor":13.0,"turns":5.0},{"damage":13.0,"enemies":"Hexaghost","floor":16.0,"turns":7.0},{"damage":7.0,"enemies":"Chosen","floor":18.0,"turns":5.0},{"damage":7.0,"enemies":"Shell Parasite","floor":22.0,"turns":7.0},{"damage":19.0,"enemies":"Slavers","floor":23.0,"turns":4.0},{"damage":0.0,"enemies":"Cultist and Chosen","floor":24.0,"turns":3.0},{"damage":11.0,"enemies":"Book of Stabbing","floor":25.0,"turns":5.0},{"damage":0.0,"enemies":"Slavers","floor":28.0,"turns":1.0},{"damage":16.0,"enemies":"Shelled Parasite and Fungi","floor":29.0,"turns":6.0},{"damage":13,"enemies":"Snecko","floor":30,"turns":2}],"seed_played":"-6746343001339597342","potions_obtained":[{"floor":3.0,"key":"FearPotion"},{"floor":5.0,"key":"Strength Potion"},{"floor":18.0,"key":"Swift Potion"},{"floor":23.0,"key":"SkillPotion"},{"floor":24.0,"key":"SmokeBomb"}],"is_trial":false,"path_per_floor":["M","M","M","?","M","?","R","M","T","M","M","M","M","?","R","B",null,"M","?","?","?","M","E","M","E","T","R","E","M","M"],"character_chosen":"THE_SILENT","items_purchased":[],"campfire_rested":1,"item_purchase_floors":[],"current_hp_per_floor":[59,57,57,57,48,37,37,37,37,32,31,25,20,20,20,7,51,44,44,44,44,37,18,18,7,7,26,26,10,0],"gold":371,"neow_bonus":"TRANSFORM_TWO_CARDS","is_prod":false,"is_daily":false,"chose_seed":false,"campfire_upgraded":2,"win_rate":0,"timestamp":1552911076,"path_taken":["M","M","?","?","M","?","R","M","T","M","M","M","M","?","R","BOSS","M","?","?","?","M","E","M","E","T","R","E","M","M"],"build_version":"2019-01-23","purchased_purges":0,"victory":false,"max_hp_per_floor":[66,66,66,66,66,66,66,66,66,66,66,66,66,66,66,66,66,66,66,66,66,66,66,66,66,66,66,66,66,66],"card_choices":[{"not_picked":["Cloak And Dagger","Terror","Skewer"],"picked":"SKIP","floor":1.0},{"not_picked":["Outmaneuver","Dodge and Roll"],"picked":"Backstab","floor":2.0},{"not_picked":["Backstab","PiercingWail"],"picked":"Well Laid Plans","floor":3.0},{"not_picked":["Accuracy","Reflex"],"picked":"Backflip","floor":5.0},{"not_picked":["Terror","Quick Slash"],"picked":"Tactician","floor":8.0},{"not_picked":["Underhanded Strike","PiercingWail"],"picked":"Catalyst","floor":10.0},{"not_picked":["Cloak And Dagger","Blade Dance"],"picked":"Crippling Poison","floor":11.0},{"not_picked":["Acrobatics","Deadly Poison"],"picked":"Night Terror","floor":12.0},{"not_picked":["All Out Attack","Prepared","Endless Agony"],"picked":"SKIP","floor":13.0},{"not_picked":["Unload","Phantasmal Killer"],"picked":"Adrenaline","floor":16.0},{"not_picked":["Well Laid Plans","Flechettes","Deadly Poison"],"picked":"SKIP","floor":18.0},{"not_picked":["Slice","Infinite Blades+1"],"picked":"PiercingWail","floor":22.0},{"not_picked":["Slice","Prepared","Cloak And Dagger"],"picked":"SKIP","floor":23.0},{"not_picked":["Prepared","Outmaneuver","Blade Dance"],"picked":"SKIP","floor":24.0},{"not_picked":["Corpse Explosion","PiercingWail"],"picked":"Prepared+1","floor":25.0},{"not_picked":["Cloak And Dagger+1","Dagger Throw","Choke"],"picked":"SKIP","floor":29.0}],"player_experience":157415,"relics_obtained":[{"floor":9.0,"key":"Lantern"},{"floor":23.0,"key":"Vajra"},{"floor":25.0,"key":"Snake Skull"},{"floor":26.0,"key":"Art of War"}],"event_choices":[{"damage_healed":0.0,"max_hp_gain":0.0,"max_hp_loss":0.0,"gold_gain":0.0,"event_name":"The Cleric","player_choice":"Leave","floor":4.0,"gold_loss":0.0,"damage_taken":0.0},{"damage_healed":0.0,"max_hp_gain":0.0,"max_hp_loss":0.0,"gold_gain":0.0,"event_name":"Scrap Ooze","player_choice":"Success","floor":6.0,"gold_loss":0.0,"damage_taken":11.0,"relics_obtained":["Pen Nib"]},{"damage_healed":0.0,"max_hp_gain":0.0,"max_hp_loss":0.0,"gold_gain":0.0,"event_name":"Liars Game","player_choice":"Ignored","floor":14.0,"gold_loss":0.0,"damage_taken":0.0},{"damage_healed":0.0,"max_hp_gain":0.0,"max_hp_loss":0.0,"gold_gain":0.0,"event_name":"The Library","player_choice":"Read","floor":19.0,"gold_loss":0.0,"damage_taken":0.0,"cards_obtained":["Footwork"]},{"damage_healed":0.0,"max_hp_gain":0.0,"max_hp_loss":0.0,"gold_gain":0.0,"cards_transformed":["Tactician","Backstab"],"event_name":"Drug Dealer","player_choice":"Became Test Subject","floor":20.0,"gold_loss":0.0,"damage_taken":0.0,"cards_obtained":["Terror","Catalyst"]},{"damage_healed":0.0,"max_hp_gain":0.0,"max_hp_loss":0.0,"gold_gain":0.0,"event_name":"Forgotten Altar","player_choice":"Smashed Altar","floor":21.0,"gold_loss":0.0,"damage_taken":0.0,"cards_obtained":["Decay"]}],"is_beta":false,"boss_relics":[{"not_picked":["Pandora\u0027s Box","Lizard Tail"],"picked":"Runic Dome"}],"items_purged_floors":[],"is_endless":false,"potions_floor_spawned":[3,5,8,12,16,18,23,24],"killed_by":"Snecko","ascension_level":20}