{"gold_per_floor":[114,114,131,151,169,169,53,64,87,103,121,46,11,23,23,97,97,0],"floor_reached":18,"playtime":471,"items_purged":["Strike_G"],"score":312,"play_id":"dc4c7187-2f23-4fe8-9b0d-5e4582f5d147","local_time":"20190723093520","is_ascension_mode":true,"campfire_choices":[{"data":"Neutralize","floor":6.0,"key":"SMITH"},{"data":"Well Laid Plans","floor":15.0,"key":"SMITH"}],"neow_cost":"NONE","seed_source_timestamp":608445098697513,"circlet_count":0,"master_deck":["AscendersBane","Strike_G","Strike_G","Strike_G","Strike_G","Defend_G","Defend_G","Defend_G","Defend_G","Defend_G","Survivor","Neutralize+1","Infinite Blades","Footwork","Infinite Blades","Well Laid Plans+1","All Out Attack","Calculated Gamble"],"special_seed":0,"relics":["Ring of the Snake","NeowsBlessing","Runic Dome"],"potions_floor_usage":[],"damage_taken":[{"damage":0.0,"enemies":"Jaw Worm","floor":1.0,"turns":1.0},{"damage":0.0,"enemies":"Cultist","floor":3.0,"turns":1.0},{"damage":0.0,"enemies":"2 Louse","floor":4.0,"turns":2.0},{"damage":9.0,"enemies":"Looter","floor":5.0,"turns":5.0},{"damage":5.0,"enemies":"3 Louse","floor":8.0,"turns":4.0},{"damage":0.0,"enemies":"Red Slaver","floor":10.0,"turns":6.0},{"damage":17.0,"enemies":"Lots of Slimes","floor":11.0,"turns":6.0},{"damage":13.0,"enemies":"Large Slime","floor":14.0,"turns":8.0},{"damage":18.0,"enemies":"Slime Boss","floor":16.0,"turns":9.0},{"damage":24,"enemies":"2 Thieves","floor":18,"turns":4}],"seed_played":"3825211452899722971","potions_obtained":[{"floor":2.0,"key":"Weak Potion"},{"floor":2.0,"key":"SneckoOil"},{"floor":3.0,"key":"Energy Potion"},{"floor":8.0,"key":"FearPotion"},{"floor":14.0,"key":"Fire Potion"},{"floor":16.0,"key":"Dexterity Potion"}],"is_trial":false,"path_per_floor":["M","?","M","M","M","R","$","M","T","M","M","$","?","M","R","B",null,"M"],"character_chosen":"THE_SILENT","items_purchased":["Infinite Blades","Calculated Gamble"],"campfire_rested":0,"item_purchase_floors":[7,12],"current_hp_per_floor":[59,59,59,59,50,50,50,45,45,45,28,28,44,31,31,13,53,29],"gold":0,"neow_bonus":"THREE_ENEMY_KILL","is_prod":false,"is_daily":false,"chose_seed":false,"campfire_upgraded":2,"win_rate":0,"timestamp":1563842120,"path_taken":["M","?","?","M","M","R","$","M","T","M","M","$","?","M","R","BOSS","M"],"build_version":"2019-07-17","purchased_purges":1,"victory":false,"max_hp_per_floor":[66,66,66,66,66,66,66,66,66,66,66,66,66,66,66,66,66,66],"card_choices":[{"not_picked":["Outmaneuver","Backflip"],"picked":"Infinite Blades","floor":1.0},{"not_picked":["Slice","Flying Knee","Dodge and Roll"],"picked":"SKIP","floor":3.0},{"not_picked":["Leg Sweep","Skewer"],"picked":"Footwork","floor":4.0},{"not_picked":["Reflex","Quick Slash","Dagger Throw"],"picked":"SKIP","floor":5.0},{"not_picked":["PiercingWail","Outmaneuver"],"picked":"Well Laid Plans","floor":8.0},{"not_picked":["Dagger Throw","Sucker Punch","Endless Agony"],"picked":"SKIP","floor":10.0},{"not_picked":["Dagger Throw","Sucker Punch","Endless Agony"],"picked":"SKIP","floor":10.0},{"not_picked":["Poisoned Stab","Flying Knee"],"picked":"All Out Attack","floor":11.0},{"not_picked":["Cloak And Dagger","Prepared","Backflip"],"picked":"SKIP","floor":14.0}],"player_experience":656990,"relics_obtained":[],"event_choices":[{"damage_healed":0.0,"max_hp_gain":0.0,"max_hp_loss":0.0,"gold_gain":0.0,"event_name":"Lab","player_choice":"Got Potions","floor":2.0,"gold_loss":0.0,"damage_taken":0.0},{"damage_healed":16.0,"max_hp_gain":0.0,"max_hp_loss":0.0,"gold_gain":0.0,"event_name":"The Cleric","player_choice":"Healed","floor":13.0,"gold_loss":35.0,"damage_taken":0.0}],"is_beta":false,"boss_relics":[{"not_picked":["Busted Crown","Ring of the Serpent"],"picked":"Runic Dome"}],"items_purged_floors":[7],"is_endless":false,"potions_floor_spawned":[3,8,10,11,14,16],"killed_by":"2 Thieves","ascension_level":20}