{"gold_per_floor":[16,16,35,45,45,45,63,88,112,112,37,53,53,87,87,183,183,196,213,18,18,37,64,64,90,90,90,125,143,143,157,157,262,262,275,295,295,116,130,130,140,166,166,388,401,401,412,412,412,412],"floor_reached":51,"playtime":3661,"items_purged":["Strike_B","Strike_B"],"score":752,"play_id":"de11a6e1-ca38-4b8f-bae0-75045b788151","local_time":"20190614110709","is_ascension_mode":false,"campfire_choices":[{"data":"Dualcast","floor":6.0,"key":"SMITH"},{"data":"Darkness","floor":10.0,"key":"SMITH"},{"data":"Recycle","floor":15.0,"key":"SMITH"},{"data":"Zap","floor":24.0,"key":"SMITH"},{"data":"Buffer","floor":27.0,"key":"SMITH"},{"data":"Skim","floor":32.0,"key":"SMITH"},{"data":"Impatience","floor":40,"key":"SMITH"},{"data":"Storm","floor":46,"key":"SMITH"},{"data":"Master of Strategy","floor":49,"key":"SMITH"}],"neow_cost":"NO_GOLD","seed_source_timestamp":0,"circlet_count":0,"master_deck":["Defend_B","Defend_B","Defend_B","Zap+1","Dualcast+1","Recycle+1","Cold Snap","Melter","Flash of Steel","Ball Lightning","Storm+1","Darkness+1","Rip and Tear","Auto Shields","Master of Strategy+1","Self Repair+1","Buffer+1","Lockon+1","Skim+1","Creative AI+1","Loop+1","Flash of Steel","Impatience+1","Storm+1","Turbo+1","Capacitor+1","Heatsinks+1"],"special_seed":0,"relics":["Cracked Core","Blood Vial","PreservedInsect","Oddly Smooth Stone","Runic Pyramid","Matryoshka","Red Mask","Frozen Egg 2","Cables","FossilizedHelix","Sozu","Bag of Marbles","Bottled Lightning","The Courier"],"potions_floor_usage":[50],"damage_taken":[{"damage":2.0,"enemies":"2 Louse","floor":1.0,"turns":3.0},{"damage":1.0,"enemies":"Cultist","floor":3.0,"turns":4.0},{"damage":0.0,"enemies":"Small Slimes","floor":4.0,"turns":3.0},{"damage":0.0,"enemies":"Exordium Thugs","floor":7.0,"turns":3.0},{"damage":14.0,"enemies":"Gremlin Nob","floor":8.0,"turns":3.0},{"damage":10.0,"enemies":"Blue Slaver","floor":12.0,"turns":3.0},{"damage":13.0,"enemies":"3 Sentries","floor":14.0,"turns":4.0},{"damage":33.0,"enemies":"The Guardian","floor":16.0,"turns":7.0},{"damage":20.0,"enemies":"2 Thieves","floor":18.0,"turns":4.0},{"damage":0.0,"enemies":"Chosen","floor":19.0,"turns":4.0},{"damage":0.0,"enemies":"Centurion and Healer","floor":22.0,"turns":4.0},{"damage":6.0,"enemies":"Gremlin Leader","floor":23.0,"turns":4.0},{"damage":22.0,"enemies":"Masked Bandits","floor":25.0,"turns":4.0},{"damage":19.0,"enemies":"Slavers","floor":28.0,"turns":4.0},{"damage":0.0,"enemies":"3 Cultists","floor":29.0,"turns":5.0},{"damage":0.0,"enemies":"Chosen and Byrds","floor":31.0,"turns":4.0},{"damage":0,"enemies":"Automaton","floor":33,"turns":9},{"damage":0,"enemies":"3 Shapes","floor":35,"turns":4},{"damage":0,"enemies":"3 Darklings","floor":36,"turns":5},{"damage":0,"enemies":"Spire Growth","floor":39,"turns":4},{"damage":0,"enemies":"Sphere and 2 Shapes","floor":41,"turns":3},{"damage":0,"enemies":"Reptomancer","floor":42,"turns":4},{"damage":0,"enemies":"4 Shapes","floor":45,"turns":4},{"damage":0,"enemies":"Spire Growth","floor":47,"turns":3},{"damage":27,"enemies":"Time Eater","floor":50,"turns":6}],"seed_played":"5338861718511518525","potions_obtained":[{"floor":3.0,"key":"Poison Potion"},{"floor":4.0,"key":"SkillPotion"},{"floor":8.0,"key":"FocusPotion"},{"floor":29.0,"key":"GamblersBrew"}],"is_trial":false,"path_per_floor":["M","?","M","M","?","R","M","E","T","R","$","M","?","E","R","B",null,"M","M","$","?","M","E","R","?","T","R","E","M","?","M","R","B",null,"M","M","?","$","M","R","M","E","T","?","M","R","M","?","R","B",null],"character_chosen":"DEFECT","items_purchased":["Master of Strategy","Storm+1"],"campfire_rested":0,"item_purchase_floors":[20,38],"current_hp_per_floor":[73,78,77,77,77,77,77,63,63,63,63,55,55,44,44,13,80,60,62,62,62,64,70,70,60,60,60,53,65,50,62,62,74,85,85,85,75,75,85,85,85,85,85,85,85,85,85,85,85,68],"gold":412,"neow_bonus":"REMOVE_TWO","is_prod":false,"is_daily":false,"chose_seed":false,"campfire_upgraded":9,"win_rate":0,"timestamp":1560481629,"path_taken":["M","?","M","M","?","R","?","E","T","R","$","M","?","E","R","BOSS","M","M","$","?","M","E","R","?","T","R","E","M","?","M","R","BOSS","M","M","?","$","M","R","M","E","T","?","M","R","M","?","R","BOSS"],"build_version":"2019-01-23","purchased_purges":2,"victory":true,"max_hp_per_floor":[75,80,80,80,80,80,80,80,80,80,80,80,80,80,80,80,80,80,80,80,80,80,80,80,80,80,80,80,80,85,85,85,85,85,85,85,85,85,85,85,85,85,85,85,85,85,85,85,85,85],"card_choices":[{"not_picked":["Ball Lightning","Conserve Battery"],"picked":"Recycle","floor":1.0},{"not_picked":["Turbo","Double Energy"],"picked":"Cold Snap","floor":3.0},{"not_picked":["Sweeping Beam","Barrage"],"picked":"Melter","floor":4.0},{"not_picked":["Double Energy","Reprogram"],"picked":"Darkness","floor":7.0},{"not_picked":["Chaos","Melter","Lockon"],"picked":"SKIP","floor":8.0},{"not_picked":["Chaos","Melter","Lockon"],"picked":"SKIP","floor":8.0},{"not_picked":["Conserve Battery","Amplify","Tempest"],"picked":"SKIP","floor":12.0},{"not_picked":["Cold Snap","Creative AI","Recycle"],"picked":"SKIP","floor":14.0},{"not_picked":["Go for the Eyes+1","Gash"],"picked":"Auto Shields","floor":18.0},{"not_picked":["Steam","Gash","Barrage"],"picked":"SKIP","floor":19.0},{"not_picked":["Redo","Defragment"],"picked":"Self Repair+1","floor":22.0},{"not_picked":["Steam","Compile Driver+1","Streamline"],"picked":"SKIP","floor":23.0},{"not_picked":["Conserve Battery","Double Energy"],"picked":"Buffer","floor":25.0},{"not_picked":["Conserve Battery+1","Cold Snap+1"],"picked":"Lockon+1","floor":28.0},{"not_picked":["Reinforced Body","Blizzard+1","Conserve Battery"],"picked":"SKIP","floor":29.0},{"not_picked":["Steam+1","Hologram+1"],"picked":"Skim","floor":31.0},{"not_picked":["Echo Form+1","Hyperbeam"],"picked":"Creative AI+1","floor":33},{"not_picked":["Barrage","Gash","Conserve Battery+1"],"picked":"SKIP","floor":35},{"not_picked":["Reprogram","Consume"],"picked":"Loop+1","floor":36},{"not_picked":["Transmutation","Swift Strike"],"picked":"Flash of Steel","floor":37},{"not_picked":["Magnetism+1","Panacea"],"picked":"Impatience","floor":37},{"not_picked":["Barrage","Sweeping Beam+1"],"picked":"Turbo+1","floor":39},{"not_picked":["Go for the Eyes","Leap","Sweeping Beam+1"],"picked":"SKIP","floor":41},{"not_picked":["Redo+1","Barrage+1"],"picked":"Capacitor+1","floor":42},{"not_picked":["FTL","Coolheaded+1"],"picked":"Heatsinks+1","floor":45},{"not_picked":["Steam","Conserve Battery","Beam Cell"],"picked":"SKIP","floor":47}],"player_experience":5179784,"relics_obtained":[{"floor":8.0,"key":"Blood Vial"},{"floor":9.0,"key":"PreservedInsect"},{"floor":14.0,"key":"Oddly Smooth Stone"},{"floor":23.0,"key":"Matryoshka"},{"floor":25.0,"key":"Red Mask"},{"floor":26.0,"key":"Frozen Egg 2"},{"floor":26.0,"key":"Cables"},{"floor":28.0,"key":"FossilizedHelix"},{"floor":42,"key":"Bag of Marbles"},{"floor":43,"key":"Bottled Lightning"},{"floor":43,"key":"The Courier"}],"event_choices":[{"damage_healed":0.0,"max_hp_gain":5.0,"max_hp_loss":0.0,"gold_gain":0.0,"event_name":"Big Fish","player_choice":"Donut","floor":2.0,"gold_loss":0.0,"damage_taken":0.0},{"damage_healed":0.0,"max_hp_gain":0.0,"max_hp_loss":0.0,"gold_gain":0.0,"event_name":"Match and Keep!","player_choice":"3 cards matched","floor":5.0,"gold_loss":0.0,"damage_taken":0.0,"cards_obtained":["Flash of Steel","Ball Lightning","Storm"]},{"damage_healed":0.0,"max_hp_gain":0.0,"max_hp_loss":0.0,"gold_gain":0.0,"cards_transformed":["Strike_B"],"event_name":"Living Wall","player_choice":"Change","floor":13.0,"gold_loss":0.0,"damage_taken":0.0,"cards_obtained":["Rip and Tear"]},{"damage_healed":0.0,"max_hp_gain":0.0,"max_hp_loss":0.0,"gold_gain":0.0,"event_name":"The Mausoleum","player_choice":"Ignored","floor":21.0,"gold_loss":0.0,"damage_taken":0.0},{"damage_healed":0.0,"max_hp_gain":0.0,"max_hp_loss":0.0,"gold_gain":0.0,"event_name":"Masked Bandits","player_choice":"Fought Bandits","floor":25.0,"gold_loss":0.0,"damage_taken":0.0},{"damage_healed":0.0,"max_hp_gain":5.0,"max_hp_loss":0.0,"gold_gain":0.0,"event_name":"Forgotten Altar","player_choice":"Shed Blood","floor":30.0,"gold_loss":0.0,"damage_taken":20.0},{"damage_healed":0,"gold_gain":0,"player_choice":"Memory 3","damage_taken":10,"max_hp_gain":0,"max_hp_loss":0,"event_name":"SensoryStone","floor":37,"gold_loss":0},{"damage_healed":0,"gold_gain":222,"player_choice":"Wore Mask","damage_taken":0,"max_hp_gain":0,"max_hp_loss":0,"event_name":"Tomb of Lord Red Mask","floor":44,"gold_loss":0},{"damage_healed":0,"gold_gain":0,"player_choice":"Ignored","damage_taken":0,"max_hp_gain":0,"max_hp_loss":0,"event_name":"Mysterious Sphere","floor":48,"gold_loss":0}],"is_beta":false,"boss_relics":[{"not_picked":["Ectoplasm","Runic Dome"],"picked":"Runic Pyramid"},{"not_picked":["Fusion Hammer","Busted Crown"],"picked":"Sozu"}],"items_purged_floors":[11,38],"is_endless":false,"potions_floor_spawned":[3,4,8,23,29,31,33,35,39,45,47],"ascension_level":0}