{"gold_per_floor":[116,116,116,136,152,152,68,68,134,134,134,199,199,213,213,213],"floor_reached":16,"playtime":174,"items_purged":[],"score":185,"play_id":"5301185c-0783-4e34-ad22-bd0ebecc88e0","local_time":"20190129141706","is_ascension_mode":true,"campfire_choices":[{"data":"Neutralize","floor":6.0,"key":"SMITH"},{"data":"Envenom","floor":8.0,"key":"SMITH"},{"data":"Grand Finale","floor":10.0,"key":"SMITH"},{"data":"Acrobatics","floor":15,"key":"SMITH"}],"neow_cost":"NONE","seed_source_timestamp":13855596416551,"circlet_count":0,"master_deck":["AscendersBane","Defend_G","Defend_G","Defend_G","Defend_G","Defend_G","Strike_G","Strike_G","Strike_G","Strike_G","Survivor","Neutralize+1","Reflex","Envenom+1","Grand Finale+1","Acrobatics+1"],"special_seed":0,"relics":["Ring of the Snake","AscMod:CursedBank","AscMod:StarOfAscension","NeowsBlessing","Golden Idol","Mercury Hourglass","The Courier"],"potions_floor_usage":[14],"damage_taken":[{"damage":0.0,"enemies":"Small Slimes","floor":1.0,"turns":1.0},{"damage":0.0,"enemies":"2 Louse","floor":4.0,"turns":1.0},{"damage":0.0,"enemies":"Jaw Worm","floor":5.0,"turns":1.0},{"damage":0,"enemies":"3 Louse","floor":14,"turns":2},{"damage":0,"enemies":"Hexaghost","floor":16,"turns":1}],"seed_played":"-1691301872269359353","potions_obtained":[{"floor":1.0,"key":"Explosive Potion"},{"floor":14,"key":"EssenceOfSteel"}],"is_trial":false,"path_per_floor":["M","?","?","M","M","R","$","R","T","R","?","T","?","M","R","B"],"character_chosen":"THE_SILENT","items_purchased":["Grand Finale"],"campfire_rested":0,"item_purchase_floors":[7],"current_hp_per_floor":[59,59,59,59,59,59,59,59,59,59,59,59,59,59,59,59],"gold":213,"neow_bonus":"THREE_ENEMY_KILL","is_prod":false,"is_daily":false,"chose_seed":false,"campfire_upgraded":4,"win_rate":0,"timestamp":1548742626,"path_taken":["M","?","?","M","?","R","$","R","T","R","?","?","?","M","R","BOSS"],"build_version":"2019-01-23","purchased_purges":0,"victory":false,"max_hp_per_floor":[66,60,60,60,60,60,60,60,60,60,60,60,60,60,60,60],"card_choices":[{"not_picked":["Setup","Deadly Poison"],"picked":"Reflex","floor":1.0},{"not_picked":["PiercingWail","Cloak And Dagger","Quick Slash"],"picked":"SKIP","floor":4.0},{"not_picked":["Dodge and Roll","Dash"],"picked":"Envenom","floor":5.0},{"not_picked":["Dodge and Roll","Skewer","Dagger Throw"],"picked":"SKIP","floor":14}],"player_experience":2369725,"relics_obtained":[{"floor":9.0,"key":"Mercury Hourglass"},{"floor":12,"key":"The Courier"}],"event_choices":[{"damage_healed":0.0,"max_hp_gain":0.0,"max_hp_loss":6.0,"gold_gain":0.0,"event_name":"Golden Idol","player_choice":"Lose Max HP","floor":2.0,"gold_loss":0.0,"damage_taken":0.0,"relics_obtained":["Golden Idol"]},{"damage_healed":0.0,"max_hp_gain":0.0,"max_hp_loss":0.0,"gold_gain":0.0,"event_name":"Liars Game","player_choice":"Ignored","floor":3.0,"gold_loss":0.0,"damage_taken":0.0},{"damage_healed":0,"gold_gain":0,"player_choice":"Searched \u00270\u0027 times","damage_taken":0,"max_hp_gain":0,"max_hp_loss":0,"event_name":"Dead Adventurer","floor":11,"gold_loss":0},{"damage_healed":0,"gold_gain":0,"cards_transformed":["Strike_G"],"player_choice":"Transformed","damage_taken":0,"max_hp_gain":0,"max_hp_loss":0,"event_name":"Transmorgrifier","floor":13,"gold_loss":0,"cards_obtained":["Acrobatics"]}],"is_beta":false,"boss_relics":[],"items_purged_floors":[],"is_endless":false,"potions_floor_spawned":[1,14],"killed_by":"Hexaghost","ascension_level":22}