{"path_per_floor":["M","M","M","?","?","E","R","?","T","M","M","M","?","E","R","B",null,"M","$","?","?","$","E","?","R","T","M","M","M","M","M","R","B",null,"M","$","?","M","M","E","M","M","T","M","$","R","M","E","R"],"character_chosen":"IRONCLAD","items_purchased":["Dead Branch","Shuriken","Fiend Fire","Calipers"],"gold_per_floor":[117,133,143,143,218,247,247,247,247,268,293,307,257,295,295,425,425,438,128,128,128,128,169,84,84,155,178,203,227,250,275,275,395,395,420,21,354,374,393,418,431,445,468,480,171,171,183,209,209,209],"floor_reached":50,"campfire_rested":0,"playtime":2206,"current_hp_per_floor":[80,78,80,80,69,70,70,50,50,49,51,57,57,56,56,23,80,80,80,80,80,80,75,75,75,75,79,79,59,64,69,69,11,80,72,72,72,80,67,69,46,54,54,61,61,61,66,73,73,0],"items_purged":[],"gold":209,"score":613,"play_id":"715d1fcd-1fd4-454d-b2fc-036b61ac2737","local_time":"20180422205914","is_prod":false,"is_daily":false,"chose_seed":false,"is_ascension_mode":false,"campfire_upgraded":6,"timestamp":1524423554,"path_taken":["M","M","M","?","?","E","R","?","T","M","M","M","?","E","R","BOSS","M","$","?","?","?","E","?","R","T","?","M","M","M","M","R","BOSS","M","$","?","M","M","E","M","M","T","M","?","R","?","E","R","BOSS"],"build_version":"2018-04-19","seed_source_timestamp":21382954617751,"purchased_purges":0,"victory":false,"master_deck":["Strike_R","Strike_R","Strike_R","Strike_R","Strike_R","Defend_R","Defend_R","Bash","Bludgeon+1","Havoc","Clash","Infernal Blade","Perfected Strike+1","Seeing Red","Pommel Strike+1","Sentinel+1","Double Tap+1","Wild Strike","Corruption+1","Writhe","Wild Strike+1","Pommel Strike","Inflame+1","Infernal Blade+1","Disarm+1","Armaments+1","Impervious+1","Doubt","Perfected Strike+1","Fiend Fire+1","Clash+1","Perfected Strike+1","Warcry+1","Pommel Strike+1","Offering+1","Sever Soul+1"],"max_hp_per_floor":[80,80,80,80,80,80,80,80,80,80,80,80,80,80,80,80,80,80,80,80,80,80,80,80,80,80,80,80,80,80,80,80,80,80,80,80,80,80,80,80,80,80,80,80,80,80,80,80,80,80],"relics":["Burning Blood","Thread and Needle","Matryoshka","Charon\u0027s Ashes","Velvet Choker","Dead Branch","Toxic Egg 2","Bird Faced Urn","Blood Vial","Omamori","Bottled Flame","Calling Bell","Regal Pillow","Molten Egg 2","Du-Vu Doll","Shuriken","Art of War","Singing Bowl","Happy Flower","Calipers","Lantern"],"card_choices":[{"not_picked":["Wild Strike","Pommel Strike"],"picked":"Havoc","floor":1},{"not_picked":["Iron Wave","Thunderclap"],"picked":"Clash","floor":2},{"not_picked":["Anger","Carnage"],"picked":"Infernal Blade","floor":3},{"not_picked":["Juggernaut","Immolate"],"picked":"Perfected Strike","floor":6},{"not_picked":["Second Wind","Fire Breathing"],"picked":"Seeing Red","floor":11},{"not_picked":["Seeing Red","Thunderclap"],"picked":"Pommel Strike","floor":12},{"not_picked":["Rampage","Thunderclap"],"picked":"Sentinel","floor":14},{"not_picked":["Berserk","Demon Form"],"picked":"Double Tap","floor":16},{"not_picked":["Shrug It Off","Armaments"],"picked":"Wild Strike","floor":18},{"not_picked":["Bloodletting","Dual Wield"],"picked":"Wild Strike","floor":23},{"not_picked":["Heavy Blade","Dropkick"],"picked":"Pommel Strike","floor":27},{"not_picked":["Anger","Immolate"],"picked":"Inflame","floor":28},{"not_picked":["Burning Pact","Iron Wave"],"picked":"Infernal Blade","floor":29},{"not_picked":["Flame Barrier","Battle Trance"],"picked":"Disarm","floor":30},{"not_picked":["Thunderclap","Uppercut"],"picked":"Armaments","floor":31},{"not_picked":["Double Tap","Juggernaut"],"picked":"Impervious","floor":33},{"not_picked":["Disarm","Dropkick"],"picked":"Perfected Strike","floor":35},{"not_picked":["Whirlwind","Body Slam"],"picked":"Clash","floor":39},{"not_picked":["Thunderclap","Shrug It Off"],"picked":"Perfected Strike","floor":41},{"not_picked":["Iron Wave","Rage"],"picked":"Warcry","floor":42},{"not_picked":["Thunderclap","Reckless Charge"],"picked":"Pommel Strike","floor":44},{"not_picked":["Anger","Searing Blow"],"picked":"Offering","floor":47},{"not_picked":["Bludgeon","Cleave"],"picked":"Sever Soul","floor":48}],"player_experience":223120,"potions_floor_usage":[14,23,31,42,44,50,50,50],"damage_taken":[{"damage":1,"enemies":"Jaw Worm","floor":1,"turns":3},{"damage":8,"enemies":"Small Slimes","floor":2,"turns":2},{"damage":0,"enemies":"Cultist","floor":3,"turns":2},{"damage":5,"enemies":"Gremlin Nob","floor":6,"turns":3},{"damage":7,"enemies":"Blue Slaver","floor":10,"turns":2},{"damage":4,"enemies":"2 Fungi Beasts","floor":11,"turns":2},{"damage":0,"enemies":"3 Louse","floor":12,"turns":2},{"damage":7,"enemies":"3 Sentries","floor":14,"turns":5},{"damage":39,"enemies":"Hexaghost","floor":16,"turns":6},{"damage":5,"enemies":"Shell Parasite","floor":18,"turns":3},{"damage":11,"enemies":"Slavers","floor":23,"turns":3},{"damage":4,"enemies":"2 Thieves","floor":27,"turns":3},{"damage":7,"enemies":"Centurion and Healer","floor":28,"turns":3},{"damage":29,"enemies":"Snake Plant","floor":29,"turns":3},{"damage":5,"enemies":"Chosen and Byrds","floor":30,"turns":3},{"damage":5,"enemies":"Cultist and Chosen","floor":31,"turns":3},{"damage":74,"enemies":"Champ","floor":33,"turns":8},{"damage":16,"enemies":"3 Shapes","floor":35,"turns":3},{"damage":2,"enemies":"Orb Walker","floor":38,"turns":2},{"damage":19,"enemies":"3 Darklings","floor":39,"turns":3},{"damage":10,"enemies":"Nemesis","floor":40,"turns":4},{"damage":33,"enemies":"Sphere and 2 Shapes","floor":41,"turns":5},{"damage":7,"enemies":"4 Shapes","floor":42,"turns":3},{"damage":5,"enemies":"Maw","floor":44,"turns":5},{"damage":3,"enemies":"Sphere and 2 Shapes","floor":47,"turns":3},{"damage":7,"enemies":"Giant Head","floor":48,"turns":7},{"damage":87,"enemies":"Awakened One","floor":50,"turns":6}],"event_choices":[{"event_name":"Living Wall","player_choice":"Forget","floor":4,"damage_taken":0},{"event_name":"World of Goop","player_choice":"Gather Gold","floor":5,"damage_taken":0},{"event_name":"Golden Idol","player_choice":"Take Damage","floor":8,"damage_taken":0},{"event_name":"The Cleric","player_choice":"Card Removal","floor":13,"damage_taken":0},{"event_name":"The Library","player_choice":"Read","floor":20,"damage_taken":0},{"event_name":"The Mausoleum","player_choice":"Yes","floor":21,"damage_taken":0},{"event_name":"Addict","player_choice":"Obtained Relic","floor":24,"damage_taken":0},{"event_name":"The Moai Head","player_choice":"Gave Idol","floor":37,"damage_taken":0}],"boss_relics":[{"not_picked":["Astrolabe","Runic Pyramid"],"picked":"Velvet Choker"},{"not_picked":["Black Star","Runic Cube"],"picked":"Calling Bell"}],"potions_floor_spawned":[2,3,14,16,28,29,30,33,35,39,42,47,48],"seed_played":"3667058989978379153","killed_by":"Awakened One","ascension_level":0,"is_trial":false}