{"path_per_floor":["M","$","?","M","M","E","M","$","T","M","R","M","M","M","R","B",null,"M","$","?","M","?","R"],"character_chosen":"DEFECT","items_purchased":["Matryoshka","Static Discharge","Capacitor","Self Repair"],"gold_per_floor":[418,2,2,13,30,64,74,23,46,66,66,80,97,107,107,207,207,227,52,52,64,64,64,64],"floor_reached":24,"campfire_rested":3,"playtime":1297,"current_hp_per_floor":[66,66,54,54,54,37,34,34,34,17,54,45,41,23,60,32,75,45,45,45,17,1,38,0],"items_purged":["Regret","Defend_B"],"gold":64,"score":200,"play_id":"c4f0874d-701a-43b2-ac4c-16041c978b4c","local_time":"20180501223619","is_prod":false,"is_daily":false,"chose_seed":false,"is_ascension_mode":false,"campfire_upgraded":0,"timestamp":1525206979,"path_taken":["M","$","?","M","M","E","M","$","T","M","R","M","M","M","R","BOSS","M","$","?","?","?","R","M"],"build_version":"2018-04-30","seed_source_timestamp":17016330801479,"purchased_purges":2,"victory":false,"master_deck":["Strike_B","Strike_B","Strike_B","Strike_B","Defend_B","Defend_B","Defend_B","Zap","Dualcast+1","Barrage","Static Discharge","Reinforced Body+1","Consume","Reboot","Lockon","Capacitor","Capacitor","Creative AI","Seek","Turbo","Self Repair","Heatsinks+1"],"max_hp_per_floor":[75,75,75,75,75,75,75,75,75,75,75,75,75,75,75,75,75,75,75,75,75,75,75,75],"relics":["Cracked Core","Old Coin","Matryoshka","Regal Pillow","War Paint","Orichalcum","Pen Nib","Black Star","Bag of Preparation","Nilry\u0027s Codex"],"card_choices":[{"not_picked":["Ball Lightning","Blaster"],"picked":"Barrage","floor":1},{"not_picked":["Leap","Force Field"],"picked":"Reinforced Body","floor":4},{"not_picked":["Sweeping Beam","Buffer"],"picked":"Consume","floor":5},{"not_picked":["Streamline","Rebound"],"picked":"Reboot","floor":6},{"not_picked":["Rebound","Impulse"],"picked":"Lockon","floor":7},{"not_picked":["Rebound","Cold Snap"],"picked":"Capacitor","floor":10},{"not_picked":["Flux Capacitor","Rebound"],"picked":"Creative AI","floor":13},{"not_picked":["Machine Learning","Prime"],"picked":"Seek","floor":16},{"not_picked":["Ball Lightning","Coolheaded"],"picked":"Turbo","floor":18},{"not_picked":["Beam Cell","Stack"],"picked":"Heatsinks","floor":21}],"player_experience":42958,"potions_floor_usage":[7,10,10,16,24,24],"damage_taken":[{"damage":9,"enemies":"2 Louse","floor":1,"turns":3},{"damage":0,"enemies":"Small Slimes","floor":4,"turns":3},{"damage":0,"enemies":"Jaw Worm","floor":5,"turns":4},{"damage":17,"enemies":"Lagavulin","floor":6,"turns":6},{"damage":3,"enemies":"Lots of Slimes","floor":7,"turns":2},{"damage":17,"enemies":"Gremlin Gang","floor":10,"turns":4},{"damage":9,"enemies":"2 Fungi Beasts","floor":12,"turns":4},{"damage":4,"enemies":"Looter","floor":13,"turns":4},{"damage":18,"enemies":"Gremlin Gang","floor":14,"turns":5},{"damage":28,"enemies":"Hexaghost","floor":16,"turns":8},{"damage":30,"enemies":"3 Byrds","floor":18,"turns":6},{"damage":35,"enemies":"Spheric Guardian","floor":21,"turns":5},{"damage":48,"enemies":"3 Cultists","floor":24,"turns":4}],"event_choices":[{"event_name":"Scrap Ooze","player_choice":"success","floor":3,"damage_taken":12},{"event_name":"The Mausoleum","player_choice":"Yes","floor":20,"damage_taken":0},{"event_name":"Cursed Tome","player_choice":"Obtained Book","floor":22,"damage_taken":0}],"boss_relics":[{"not_picked":["Runic Pyramid","Lizard Tail"],"picked":"Black Star"}],"potions_floor_spawned":[4,5,6,10,16,18,21],"seed_played":"-825558327353492474","killed_by":"3 Cultists","ascension_level":0,"is_trial":false}