{"gold_per_floor":[109,109,123,123,48,73,73,73,152,152,162,162,192,192,192,266,266,286,286,201,201,219,219,237,247,247,247,3,14,14,14,14,88,88,107,126,126,136,36,36,62,0,0,13,13,13,13,23,23,23],"floor_reached":50,"playtime":1274,"items_purged":["Strike_G","Strike_G"],"score":1052,"play_id":"d47189bd-d02a-48df-8f93-3df1159b9777","local_time":"20190214140243","is_ascension_mode":true,"campfire_choices":[{"floor":7,"key":"REST"},{"data":"Footwork","floor":10,"key":"SMITH"},{"data":"Blade Dance","floor":12,"key":"SMITH"},{"data":"Cloak And Dagger","floor":15,"key":"SMITH"},{"data":"Neutralize","floor":23,"key":"SMITH"},{"data":"Infinite Blades","floor":27,"key":"SMITH"},{"data":"Calculated Gamble","floor":30,"key":"SMITH"},{"data":"Survivor","floor":32,"key":"SMITH"},{"floor":40,"key":"REST"},{"data":"Corpse Explosion","floor":45,"key":"SMITH"},{"floor":47,"key":"RECALL"},{"floor":49,"key":"REST"}],"neow_cost":"NONE","seed_source_timestamp":153659670344788,"circlet_count":0,"master_deck":["AscendersBane","Defend_G","Defend_G","Defend_G","Defend_G","Defend_G","Survivor+1","Neutralize+1","Footwork+1","Infinite Blades+1","Blade Dance+1","Noxious Fumes+1","Cloak And Dagger+1","Accuracy+1","Well Laid Plans+1","Calculated Gamble+1","Corpse Explosion+1","Footwork+1"],"relics":["Ring of the Snake","NeowsBlessing","Blood Vial","Frozen Egg 2","Mercury Hourglass","Pen Nib","Empty Cage","Tough Bandages","Dodecahedron","Mummified Hand","Busted Crown","Letter Opener","Ice Cream","Red Mask"],"potions_floor_usage":[25,33,33],"damage_taken":[{"damage":0,"enemies":"Cultist","floor":1,"turns":1},{"damage":0,"enemies":"Small Slimes","floor":3,"turns":2},{"damage":0,"enemies":"Gremlin Nob","floor":6,"turns":1},{"damage":0,"enemies":"Jaw Worm","floor":11,"turns":4},{"damage":10,"enemies":"3 Sentries","floor":13,"turns":6},{"damage":0,"enemies":"Hexaghost","floor":16,"turns":9},{"damage":24,"enemies":"2 Thieves","floor":18,"turns":5},{"damage":4,"enemies":"Chosen","floor":22,"turns":4},{"damage":8,"enemies":"Snake Plant","floor":24,"turns":5},{"damage":3,"enemies":"Sentry and Sphere","floor":25,"turns":5},{"damage":0,"enemies":"3 Cultists","floor":29,"turns":4},{"damage":11,"enemies":"Automaton","floor":33,"turns":9},{"damage":1,"enemies":"3 Shapes","floor":35,"turns":4},{"damage":38,"enemies":"3 Darklings","floor":36,"turns":3},{"damage":0,"enemies":"Maw","floor":38,"turns":7},{"damage":0,"enemies":"Reptomancer","floor":41,"turns":7},{"damage":0,"enemies":"Sphere and 2 Shapes","floor":44,"turns":3},{"damage":30,"enemies":"Jaw Worm Horde","floor":48,"turns":3},{"damage":39,"enemies":"Donu and Deca","floor":50,"turns":5}],"seed_played":"-3031388971733452865","potions_obtained":[{"floor":1,"key":"Explosive Potion"},{"floor":11,"key":"Swift Potion"},{"floor":29,"key":"EssenceOfSteel"},{"floor":31,"key":"PowerPotion"},{"floor":33,"key":"Ancient Potion"},{"floor":38,"key":"EssenceOfSteel"}],"is_trial":false,"path_per_floor":["M","?","M","?","$","E","R","$","T","R","M","R","E","?","R","B",null,"M","?","?","?","M","R","M","M","T","R","$","M","R","?","R","B",null,"M","M","T","M","$","R","E","?","T","M","R","$","R","M","R","B"],"character_chosen":"THE_SILENT","items_purchased":["Mummified Hand"],"campfire_rested":3,"item_purchase_floors":[28],"current_hp_per_floor":[59,59,59,3,3,5,24,24,24,24,26,26,18,18,18,20,55,33,33,33,33,31,31,25,24,24,24,24,26,26,26,26,17,54,55,19,19,21,21,40,42,42,42,44,44,44,44,16,35,0],"gold":23,"neow_bonus":"THREE_ENEMY_KILL","is_prod":false,"is_daily":false,"chose_seed":false,"campfire_upgraded":8,"win_rate":0,"timestamp":1550124163,"path_taken":["M","?","?","?","$","E","R","$","T","R","M","R","E","?","R","BOSS","M","?","?","?","M","R","M","?","T","R","$","M","R","?","R","BOSS","M","?","?","M","$","R","E","?","T","M","R","?","R","M","R","BOSS"],"build_version":"2019-01-23","purchased_purges":2,"victory":false,"max_hp_per_floor":[66,66,66,66,66,66,66,66,66,66,66,66,66,66,66,66,66,66,66,66,66,66,66,66,66,66,66,66,66,66,66,66,66,66,66,66,66,66,66,66,66,66,66,66,66,66,66,66,66,66],"card_choices":[{"not_picked":["Flechettes","Crippling Poison"],"picked":"Footwork","floor":1},{"not_picked":["Dodge and Roll","Sucker Punch"],"picked":"Blade Dance","floor":3},{"not_picked":["Concentrate","Endless Agony"],"picked":"Noxious Fumes","floor":6},{"not_picked":["Crippling Poison","Poisoned Stab","Slice"],"picked":"SKIP","floor":11},{"not_picked":["Blade Dance","PiercingWail"],"picked":"Cloak And Dagger","floor":13},{"not_picked":["Underhanded Strike","Dagger Spray","Prepared"],"picked":"SKIP","floor":18},{"not_picked":["Outmaneuver","Bane","Deflect"],"picked":"SKIP","floor":22},{"not_picked":["Blade Dance","Dagger Spray"],"picked":"Well Laid Plans+1","floor":24},{"not_picked":["Poisoned Stab","Prepared","Deflect"],"picked":"SKIP","floor":25},{"not_picked":["Bane","Distraction"],"picked":"Calculated Gamble","floor":29},{"not_picked":["Die Die Die","Night Terror"],"picked":"Corpse Explosion","floor":33},{"not_picked":["Dagger Spray+1"],"picked":"SKIP","floor":35},{"not_picked":["Sucker Punch"],"picked":"SKIP","floor":36},{"not_picked":["Outmaneuver"],"picked":"SKIP","floor":38},{"not_picked":["Slice+1"],"picked":"SKIP","floor":41},{"not_picked":["Dagger Throw"],"picked":"SKIP","floor":44},{"not_picked":[],"picked":"Footwork+1","floor":48}],"player_experience":744362,"relics_obtained":[{"floor":6,"key":"Frozen Egg 2"},{"floor":9,"key":"Mercury Hourglass"},{"floor":13,"key":"Pen Nib"},{"floor":26,"key":"Dodecahedron"},{"floor":37,"key":"Letter Opener"},{"floor":41,"key":"Ice Cream"}],"event_choices":[{"damage_healed":0,"gold_gain":0,"cards_transformed":["Strike_G"],"player_choice":"Transformed","damage_taken":0,"max_hp_gain":0,"max_hp_loss":0,"event_name":"Transmorgrifier","floor":2,"gold_loss":0,"cards_obtained":["Infinite Blades"]},{"damage_healed":0,"gold_gain":0,"player_choice":"Success","damage_taken":56,"relics_obtained":["Blood Vial"],"max_hp_gain":0,"max_hp_loss":0,"event_name":"Scrap Ooze","floor":4,"gold_loss":0},{"damage_healed":0,"gold_gain":0,"player_choice":"Ignored","damage_taken":0,"max_hp_gain":0,"max_hp_loss":0,"event_name":"Shining Light","floor":14,"gold_loss":0},{"damage_healed":0,"gold_gain":0,"player_choice":"Read","damage_taken":0,"max_hp_gain":0,"max_hp_loss":0,"event_name":"The Library","floor":19,"gold_loss":0,"cards_obtained":["Accuracy"]},{"damage_healed":0,"gold_gain":0,"player_choice":"Obtained Relic","damage_taken":0,"relics_obtained":["Tough Bandages"],"max_hp_gain":0,"max_hp_loss":0,"event_name":"Addict","floor":20,"gold_loss":85},{"damage_healed":0,"gold_gain":0,"player_choice":"Ignored","damage_taken":0,"max_hp_gain":0,"max_hp_loss":0,"event_name":"Vampires","floor":21,"gold_loss":0},{"damage_healed":0,"gold_gain":0,"player_choice":"Got Potions","damage_taken":0,"max_hp_gain":0,"max_hp_loss":0,"event_name":"Lab","floor":31,"gold_loss":0},{"damage_healed":0,"gold_gain":0,"player_choice":"Paid","damage_taken":0,"relics_obtained":["Red Mask"],"max_hp_gain":0,"max_hp_loss":0,"event_name":"Tomb of Lord Red Mask","floor":42,"gold_loss":62}],"is_beta":false,"boss_relics":[{"not_picked":["Runic Dome","White Beast Statue"],"picked":"Empty Cage"},{"not_picked":["Astrolabe","Cursed Key"],"picked":"Busted Crown"}],"items_purged_floors":[5,39],"is_endless":false,"potions_floor_spawned":[1,11,16,22,29,33,38,41,44,48],"killed_by":"Donu and Deca","ascension_level":15}