{"gold_per_floor":[215,226,401,401,259,259,209,209,209,225,241,94,94,106,106,205,205,225,225,151,164,181,181,181,181,181,181,14,33,51,64,64,162,162,176,25,42,42,42,42,54,54,132,132,145,145,145],"floor_reached":48,"playtime":1458,"items_purged":["Doubt","Strike_B","Strike_B"],"score":645,"play_id":"57c286b3-145a-43ec-9703-b3af5abc83c7","local_time":"20181025112426","is_ascension_mode":false,"campfire_choices":[{"data":"Loop","floor":6.0,"key":"SMITH"},{"data":"White Noise","floor":8.0,"key":"SMITH"},{"data":"Zap","floor":13.0,"key":"SMITH"},{"data":"Dualcast","floor":15.0,"key":"SMITH"},{"data":"Defragment","floor":23.0,"key":"SMITH"},{"data":"Biased Cognition","floor":25.0,"key":"SMITH"},{"data":"Creative AI","floor":27.0,"key":"SMITH"},{"data":"Biased Cognition","floor":32.0,"key":"SMITH"},{"floor":40,"key":"REST"},{"data":"Capacitor","floor":42,"key":"SMITH"},{"data":"Seek","floor":44,"key":"SMITH"}],"neow_cost":"NONE","seed_source_timestamp":4406640304696,"circlet_count":0,"master_deck":["Defend_B","Defend_B","Defend_B","Defend_B","Zap+1","Dualcast+1","White Noise+1","Doom and Gloom","Loop+1","Coolheaded","Leap","Creative AI+1","Defragment+1","Auto Shields","Undo","Biased Cognition+1","Clumsy","Capacitor+1","Go for the Eyes+1","Leap","Biased Cognition+1","Seek+1","Coolheaded","Go for the Eyes+1","Go for the Eyes+1","Doubt","Glacier"],"special_seed":0,"relics":["Cracked Core","Bronze Scales","DataDisk","Cursed Key","Nloth\u0027s Gift","Question Card","Busted Crown","Kunai"],"potions_floor_usage":[35,35,41,47],"damage_taken":[{"damage":2.0,"enemies":"Small Slimes","floor":1.0,"turns":4.0},{"damage":1.0,"enemies":"Jaw Worm","floor":2.0,"turns":3.0},{"damage":0.0,"enemies":"Cultist","floor":10.0,"turns":4.0},{"damage":7.0,"enemies":"2 Fungi Beasts","floor":11.0,"turns":3.0},{"damage":5.0,"enemies":"Gremlin Gang","floor":14.0,"turns":2.0},{"damage":37.0,"enemies":"Hexaghost","floor":16.0,"turns":6.0},{"damage":8.0,"enemies":"Shell Parasite","floor":18.0,"turns":4.0},{"damage":5.0,"enemies":"Chosen","floor":21.0,"turns":5.0},{"damage":9.0,"enemies":"Snecko","floor":22.0,"turns":7.0},{"damage":0.0,"enemies":"3 Cultists","floor":29.0,"turns":4.0},{"damage":11.0,"enemies":"Shelled Parasite and Fungi","floor":30.0,"turns":4.0},{"damage":6.0,"enemies":"Cultist and Chosen","floor":31.0,"turns":5.0},{"damage":11.0,"enemies":"Automaton","floor":33.0,"turns":9.0},{"damage":32,"enemies":"3 Darklings","floor":35,"turns":4},{"damage":3,"enemies":"Orb Walker","floor":37,"turns":5},{"damage":0,"enemies":"3 Darklings","floor":41,"turns":9},{"damage":0,"enemies":"Spire Growth","floor":45,"turns":5},{"damage":21,"enemies":"Time Eater","floor":47,"turns":10}],"seed_played":"-6572667356815004834","potions_obtained":[{"floor":1.0,"key":"SkillPotion"},{"floor":14.0,"key":"Dexterity Potion"},{"floor":16.0,"key":"AttackPotion"},{"floor":21.0,"key":"FearPotion"},{"floor":22.0,"key":"Dexterity Potion"},{"floor":30.0,"key":"Ancient Potion"},{"floor":35,"key":"Swift Potion"},{"floor":45,"key":"FocusPotion"}],"is_trial":false,"path_per_floor":["M","M","?","?","$","R","?","R","T","M","M","$","R","M","R","B",null,"M","?","$","M","M","R","?","R","T","R","$","M","M","M","R","B",null,"M","$","M","?","?","R","M","R","T","R","M","?","B"],"character_chosen":"DEFECT","items_purchased":["Loop","DataDisk","Defragment","Capacitor","Coolheaded"],"campfire_rested":1,"item_purchase_floors":[5,12,20,28,36],"current_hp_per_floor":[73,72,72,72,72,72,72,72,72,72,65,65,65,60,60,38,75,67,67,67,62,53,53,53,53,53,53,53,53,42,36,36,25,75,43,43,40,40,40,62,62,62,62,62,62,62,41],"gold":145,"neow_bonus":"HUNDRED_GOLD","is_prod":false,"is_daily":false,"chose_seed":false,"campfire_upgraded":10,"win_rate":0,"timestamp":1540437866,"path_taken":["M","M","?","?","$","R","?","R","T","M","M","?","R","?","R","BOSS","M","?","$","M","M","R","?","R","T","R","$","?","?","M","R","BOSS","M","$","M","?","?","R","M","R","T","R","?","?","BOSS"],"build_version":"2018-10-18","purchased_purges":3,"victory":true,"max_hp_per_floor":[75,75,75,75,75,75,75,75,75,75,75,75,75,75,75,75,75,75,75,75,75,75,75,75,75,75,75,75,75,75,75,75,75,75,75,75,75,75,75,75,75,75,75,75,75,75,75],"card_choices":[{"not_picked":["Coolheaded","Barrage"],"picked":"White Noise","floor":1.0},{"not_picked":["Turbo","Blizzard"],"picked":"Doom and Gloom","floor":2.0},{"not_picked":["Compile Driver","Static Discharge"],"picked":"Coolheaded","floor":10.0},{"not_picked":["Double Energy","Stack","Steam"],"picked":"SKIP","floor":11.0},{"not_picked":["Hello World","Heatsinks"],"picked":"Leap","floor":14.0},{"not_picked":["Fission","Buffer"],"picked":"Creative AI","floor":16.0},{"not_picked":["Sweeping Beam","Gash+1","Fusion"],"picked":"SKIP","floor":18.0},{"not_picked":["Blizzard","Cold Snap"],"picked":"Auto Shields","floor":21.0},{"not_picked":["Turbo+1","BootSequence"],"picked":"Undo","floor":22.0},{"not_picked":["Cold Snap","Compile Driver","Barrage"],"picked":"Go for the Eyes+1","floor":29.0},{"not_picked":["Steam Power","Rebound","Beam Cell"],"picked":"Leap","floor":30.0},{"not_picked":["Steam+1","Go for the Eyes","Cold Snap+1"],"picked":"Biased Cognition","floor":31.0},{"not_picked":["Meteor Strike","Amplify","Hyperbeam"],"picked":"Seek","floor":33.0},{"not_picked":["Beam Cell","Rip and Tear+1"],"picked":"SKIP","floor":35},{"not_picked":["Redo+1"],"picked":"Go for the Eyes+1","floor":37},{"not_picked":["Beam Cell+1"],"picked":"Go for the Eyes+1","floor":41},{"not_picked":["Skim+1"],"picked":"Glacier","floor":45}],"player_experience":627682,"relics_obtained":[{"floor":9.0,"key":"Pantograph"},{"floor":26.0,"key":"Question Card"},{"floor":43,"key":"Kunai"}],"event_choices":[{"damage_healed":0.0,"max_hp_gain":0.0,"max_hp_loss":0.0,"gold_gain":175.0,"event_name":"Liars Game","player_choice":"AGREE","floor":3.0,"gold_loss":0.0,"damage_taken":0.0,"cards_obtained":["Doubt"]},{"damage_healed":0.0,"max_hp_gain":0.0,"max_hp_loss":0.0,"gold_gain":0.0,"event_name":"WeMeetAgain","player_choice":"Gave Potion","floor":4.0,"gold_loss":0.0,"damage_taken":0.0,"relics_obtained":["Bronze Scales"]},{"cards_removed":["Strike_B"],"damage_healed":0.0,"max_hp_gain":0.0,"max_hp_loss":0.0,"gold_gain":0.0,"event_name":"The Cleric","player_choice":"Card Removal","floor":7.0,"gold_loss":50.0,"damage_taken":0.0},{"damage_healed":0.0,"max_hp_gain":0.0,"max_hp_loss":0.0,"gold_gain":0.0,"event_name":"N\u0027loth","player_choice":"Traded Relic","floor":19.0,"relics_lost":["Pantograph"],"gold_loss":0.0,"damage_taken":0.0,"relics_obtained":["Nloth\u0027s Gift"]},{"damage_healed":0.0,"max_hp_gain":0.0,"max_hp_loss":0.0,"gold_gain":0.0,"event_name":"The Library","player_choice":"Read","floor":24.0,"gold_loss":0.0,"damage_taken":0.0,"cards_obtained":["Biased Cognition"]},{"damage_healed":0,"gold_gain":0,"player_choice":"Ignored","damage_taken":0,"max_hp_gain":0,"max_hp_loss":0,"event_name":"Mysterious Sphere","floor":38,"gold_loss":0},{"cards_removed":["Strike_B"],"damage_healed":0,"gold_gain":0,"player_choice":"Removed Attack","damage_taken":0,"max_hp_gain":0,"max_hp_loss":0,"event_name":"Falling","floor":39,"gold_loss":0},{"damage_healed":0,"gold_gain":0,"player_choice":"Took Portal","damage_taken":0,"max_hp_gain":0,"max_hp_loss":0,"event_name":"SecretPortal","floor":46,"gold_loss":0}],"is_beta":false,"boss_relics":[{"not_picked":["Nuclear Battery","Runic Dome"],"picked":"Cursed Key"},{"not_picked":["Calling Bell","Sozu"],"picked":"Busted Crown"}],"items_purged_floors":[5,28,36],"is_endless":false,"potions_floor_spawned":[1,14,16,21,22,30,31,35,45],"ascension_level":0}