{"path_per_floor":["M","M","$","M","M","R","E","R","T","M","?","M","M","T","R","B",null,"M","M","?","$","M","E","M","?","T","R","M","M","R","?","R","B",null,"M","?","M","M","M","E","T","?","T","$","R","M","R","M","R","B"],"character_chosen":"IRONCLAD","items_purchased":["True Grit","Shrug It Off","Mummified Hand","Medical Kit"],"gold_per_floor":[114,129,83,98,113,113,143,143,168,183,133,148,163,163,163,263,263,278,293,208,109,124,154,169,169,194,194,209,224,224,224,224,324,324,339,339,354,369,384,414,414,514,539,59,59,74,74,89,89,89],"floor_reached":51,"campfire_rested":0,"playtime":2246,"current_hp_per_floor":[80,68,68,59,69,69,62,62,62,64,64,74,92,92,92,70,105,105,87,87,87,87,71,53,53,53,53,62,64,64,64,64,26,113,113,113,113,103,103,80,80,80,80,80,80,114,114,125,125,125],"items_purged":["Juggernaut","Berserk"],"gold":89,"score":828,"play_id":"3a1ff21b-952c-4655-9386-e7bae2425a9f","local_time":"20180416135657","daily_mods":["Shiny","Time Dilation","Uncertain Future"],"is_prod":false,"is_daily":true,"chose_seed":false,"is_ascension_mode":false,"campfire_upgraded":9,"timestamp":1523858217,"path_taken":["M","M","$","M","M","R","E","R","T","M","?","?","M","?","R","BOSS","M","M","?","$","M","E","M","?","T","R","M","M","R","?","R","BOSS","M","?","M","M","M","E","?","?","T","$","R","M","R","M","R","BOSS"],"build_version":"2018-04-12","seed_source_timestamp":0,"purchased_purges":3,"victory":true,"master_deck":["Demon Form+1","Bludgeon+1","Impervious","Feed+1","Limit Break","Reaper","Exhume","Barricade+1","Offering+1","Fiend Fire","Dark Embrace+1","Immolate","Battle Trance","Cleave","True Grit+1","Clash","Carnage","Whirlwind+1","Intimidate","Limit Break+1","Ghostly Armor+1","Shrug It Off","Rage+1","Entrench+1","Body Slam+1","Sword Boomerang+1","Corruption+1","Iron Wave+1","Havoc","Headbutt+1","Uppercut+1","Exhume","Second Wind+1","Pommel Strike+1"],"max_hp_per_floor":[80,80,80,80,80,80,93,93,93,93,93,97,101,101,101,105,105,105,105,105,105,105,105,109,109,109,109,113,113,113,113,113,113,113,113,113,113,113,117,117,117,117,117,117,117,121,121,125,125,125],"relics":["Burning Blood","Strawberry","Oddly Smooth Stone","Mercury Hourglass","Black Star","Molten Egg 2","Frozen Egg 2","Bottled Lightning","Juzu Bracelet","Orrery","Ancient Tea Set","Bag of Marbles","The Courier","Anchor","Mummified Hand","Medical Kit"],"card_choices":[{"not_picked":["Flame Barrier","Reckless Charge"],"picked":"Battle Trance","floor":1},{"not_picked":["Metallicize","Blood for Blood"],"picked":"Cleave","floor":2},{"not_picked":["Battle Trance","Uppercut"],"picked":"Clash","floor":7},{"not_picked":["Warcry","Uppercut"],"picked":"Carnage","floor":10},{"not_picked":["Sentinel","Combust"],"picked":"Whirlwind","floor":12},{"not_picked":["Cleave","Metallicize"],"picked":"Intimidate","floor":13},{"not_picked":["Demon Form","Impervious"],"picked":"Limit Break","floor":16},{"not_picked":["Pommel Strike","Intimidate"],"picked":"Ghostly Armor","floor":19},{"not_picked":["Perfected Strike","Body Slam"],"picked":"Rage","floor":22},{"not_picked":["Twin Strike","Clothesline"],"picked":"Entrench","floor":23},{"not_picked":["Warcry","Armaments"],"picked":"Body Slam","floor":24},{"not_picked":["Searing Blow","True Grit"],"picked":"Corruption","floor":34},{"not_picked":["Twin Strike","True Grit"],"picked":"Iron Wave","floor":34},{"not_picked":["Armaments","Corruption"],"picked":"Havoc","floor":34},{"not_picked":["Cleave","Flex"],"picked":"Headbutt","floor":34},{"not_picked":["Flex","Armaments"],"picked":"Uppercut","floor":34},{"not_picked":["Clothesline","Flex"],"picked":"Exhume","floor":35},{"not_picked":["Whirlwind","Fiend Fire"],"picked":"Second Wind","floor":40},{"not_picked":["Reckless Charge","Headbutt"],"picked":"Pommel Strike","floor":46}],"player_experience":409302,"potions_floor_usage":[2,5,23,24,28,40],"damage_taken":[{"damage":4,"enemies":"Cultist","floor":1,"turns":2},{"damage":26,"enemies":"Small Slimes","floor":2,"turns":5},{"damage":15,"enemies":"Jaw Worm","floor":4,"turns":2},{"damage":0,"enemies":"2 Fungi Beasts","floor":5,"turns":2},{"damage":26,"enemies":"3 Sentries","floor":7,"turns":5},{"damage":4,"enemies":"Looter","floor":10,"turns":3},{"damage":0,"enemies":"Blue Slaver","floor":12,"turns":3},{"damage":0,"enemies":"3 Louse","floor":13,"turns":2},{"damage":50,"enemies":"The Guardian","floor":16,"turns":9},{"damage":4,"enemies":"Spheric Guardian","floor":18,"turns":1},{"damage":24,"enemies":"Shell Parasite","floor":19,"turns":4},{"damage":14,"enemies":"Centurion and Healer","floor":22,"turns":8},{"damage":22,"enemies":"Book of Stabbing","floor":23,"turns":3},{"damage":34,"enemies":"Chosen and Byrds","floor":24,"turns":7},{"damage":7,"enemies":"Snake Plant","floor":28,"turns":4},{"damage":4,"enemies":"Slaver and Parasite","floor":29,"turns":1},{"damage":48,"enemies":"Automaton","floor":33,"turns":7},{"damage":4,"enemies":"3 Shapes","floor":35,"turns":2},{"damage":10,"enemies":"Orb Walker","floor":37,"turns":2},{"damage":16,"enemies":"3 Darklings","floor":38,"turns":5},{"damage":10,"enemies":"Maw","floor":39,"turns":7},{"damage":47,"enemies":"2 Orb Walkers","floor":40,"turns":5},{"damage":22,"enemies":"4 Shapes","floor":46,"turns":4},{"damage":8,"enemies":"Sphere and 2 Shapes","floor":48,"turns":1},{"damage":4,"enemies":"Awakened One","floor":50,"turns":5}],"event_choices":[{"event_name":"The Cleric","player_choice":"Card Removal","floor":11,"damage_taken":0},{"event_name":"Addict","player_choice":"Obtained Relic","floor":20,"damage_taken":0},{"event_name":"Drug Dealer","player_choice":"Ignored","floor":25,"damage_taken":0},{"event_name":"The Library","player_choice":"Read","floor":31,"damage_taken":0},{"event_name":"Golden Shrine","player_choice":"Pray","floor":42,"damage_taken":0}],"boss_relics":[{"not_picked":["Tiny House","White Beast Statue"],"picked":"Black Star"},{"not_picked":["Snecko Eye","Mark of Pain"],"picked":"Orrery"}],"potions_floor_spawned":[1,2,7,12,13,18,19,33,37,39,40,46],"seed_played":"-1844585125611022648","ascension_level":0,"is_trial":false}