{"gold_per_floor":[111,128,128,141,157,157,157,184,208,208,47,76,88,98,98,175,175,189,216,216],"floor_reached":20,"playtime":480,"items_purged":["Strike_B"],"score":368,"play_id":"d990ab77-06e0-4979-bf5c-426ffde17571","local_time":"20190202170100","is_ascension_mode":true,"campfire_choices":[{"data":"Dualcast","floor":6.0,"key":"SMITH"},{"data":"Zap","floor":10.0,"key":"SMITH"},{"data":"Defragment","floor":15.0,"key":"SMITH"}],"neow_cost":"NONE","seed_source_timestamp":16343269057555,"circlet_count":0,"master_deck":["AscendersBane","Strike_B+1","Strike_B","Strike_B","Defend_B","Defend_B","Defend_B","Defend_B","Zap+1","Dualcast+1","White Noise","FTL+1","Electrodynamics","Self Repair","Defragment+1","Loop","Core Surge"],"special_seed":0,"relics":["Cracked Core","NeowsBlessing","CultistMask","Bag of Preparation","Whetstone","Blood Vial","Busted Crown","Red Mask"],"potions_floor_usage":[16,16,19],"damage_taken":[{"damage":0.0,"enemies":"Cultist","floor":1.0,"turns":1.0},{"damage":0.0,"enemies":"Jaw Worm","floor":2.0,"turns":1.0},{"damage":0.0,"enemies":"Small Slimes","floor":4.0,"turns":1.0},{"damage":9.0,"enemies":"2 Fungi Beasts","floor":5.0,"turns":4.0},{"damage":32.0,"enemies":"Gremlin Nob","floor":8.0,"turns":4.0},{"damage":5.0,"enemies":"3 Sentries","floor":12.0,"turns":2.0},{"damage":0.0,"enemies":"Blue Slaver","floor":13.0,"turns":2.0},{"damage":0.0,"enemies":"3 Louse","floor":14.0,"turns":3.0},{"damage":34,"enemies":"Hexaghost","floor":16,"turns":8},{"damage":29,"enemies":"2 Thieves","floor":18,"turns":4},{"damage":7,"enemies":"Masked Bandits","floor":19,"turns":3},{"damage":45,"enemies":"Colosseum Slavers","floor":20,"turns":3}],"seed_played":"-6317311212991924069","potions_obtained":[{"floor":4.0,"key":"EssenceOfSteel"},{"floor":5.0,"key":"AttackPotion"},{"floor":12.0,"key":"LiquidBronze"},{"floor":16,"key":"Explosive Potion"}],"is_trial":false,"path_per_floor":["M","M","?","M","M","R","?","E","T","R","$","E","M","M","R","B",null,"M","?","?"],"character_chosen":"DEFECT","items_purchased":["Defragment"],"campfire_rested":0,"item_purchase_floors":[11],"current_hp_per_floor":[64,64,69,69,60,60,60,28,28,28,28,23,25,34,34,9,59,32,34,0],"gold":216,"neow_bonus":"THREE_ENEMY_KILL","is_prod":false,"is_daily":false,"chose_seed":false,"campfire_upgraded":3,"win_rate":0,"timestamp":1549098060,"path_taken":["M","M","?","M","M","R","?","E","T","R","$","E","?","M","R","BOSS","M","?","?"],"build_version":"2019-01-23","purchased_purges":1,"victory":false,"max_hp_per_floor":[71,71,76,76,76,76,76,76,76,76,76,76,76,76,76,76,76,76,76,76],"card_choices":[{"not_picked":["Go for the Eyes","Conserve Battery"],"picked":"White Noise","floor":1.0},{"not_picked":["Conserve Battery","Turbo"],"picked":"FTL","floor":2.0},{"not_picked":["Conserve Battery","Redo","Beam Cell"],"picked":"SKIP","floor":4.0},{"not_picked":["Auto Shields","Compile Driver"],"picked":"Electrodynamics","floor":5.0},{"not_picked":["Conserve Battery","Sunder"],"picked":"Self Repair","floor":8.0},{"not_picked":["Rip and Tear","Turbo"],"picked":"Loop","floor":12.0},{"not_picked":["Rip and Tear","Steam Power","Rebound"],"picked":"SKIP","floor":13.0},{"not_picked":["Turbo","Rebound","Barrage"],"picked":"SKIP","floor":14.0},{"not_picked":["Reboot","Fission"],"picked":"Core Surge","floor":16},{"not_picked":["Double Energy"],"picked":"SKIP","floor":18}],"player_experience":2459392,"relics_obtained":[{"floor":8.0,"key":"Bag of Preparation"},{"floor":9.0,"key":"Whetstone"},{"floor":12.0,"key":"Blood Vial"},{"floor":19,"key":"Red Mask"}],"event_choices":[{"damage_healed":0.0,"max_hp_gain":5.0,"max_hp_loss":0.0,"gold_gain":0.0,"event_name":"Big Fish","player_choice":"Donut","floor":3.0,"gold_loss":0.0,"damage_taken":0.0},{"damage_healed":0.0,"max_hp_gain":0.0,"max_hp_loss":0.0,"gold_gain":0.0,"event_name":"FaceTrader","player_choice":"Trade","floor":7.0,"gold_loss":0.0,"damage_taken":0.0,"relics_obtained":["CultistMask"]},{"damage_healed":0,"gold_gain":0,"player_choice":"Fought Bandits","damage_taken":0,"max_hp_gain":0,"max_hp_loss":0,"event_name":"Masked Bandits","floor":19,"gold_loss":0},{"damage_healed":0,"gold_gain":0,"player_choice":"Fight","damage_taken":0,"max_hp_gain":0,"max_hp_loss":0,"event_name":"Colosseum","floor":20,"gold_loss":0}],"is_beta":false,"boss_relics":[{"not_picked":["Snecko Eye","Fusion Hammer"],"picked":"Busted Crown"}],"items_purged_floors":[11],"is_endless":false,"potions_floor_spawned":[4,5,12,14,16],"killed_by":"Colosseum Slavers","ascension_level":20}