{"gold_per_floor":[128,140,170,197,209,221,233,420,456,315,327,341,341,356,356,457,457,475,76,36,56,68,68,82,82,82,110,122,137,137,167,167,262,312,329,34,34,54,54,54,54,54,54,54,64,81,81,96,96,96],"floor_reached":51,"playtime":1387,"items_purged":["Doubt","Meteor Strike"],"score":704,"play_id":"71fd17b9-fd60-444d-a309-dfa615877a62","local_time":"20190807005541","is_ascension_mode":false,"campfire_choices":[{"data":"Defragment","floor":6.0,"key":"SMITH"},{"data":"Zap","floor":13,"key":"SMITH"},{"data":"Dualcast","floor":15,"key":"SMITH"},{"data":"Heatsinks","floor":23,"key":"SMITH"},{"data":"Fission","floor":25,"key":"SMITH"},{"data":"White Noise","floor":30,"key":"SMITH"},{"data":"White Noise","floor":32,"key":"SMITH"},{"data":"Turbo","floor":40,"key":"SMITH"},{"data":"Seek","floor":42,"key":"SMITH"},{"data":"Fission","floor":47,"key":"SMITH"},{"floor":49,"key":"REST"}],"neow_cost":"NONE","seed_source_timestamp":2029405495756,"circlet_count":0,"master_deck":["Zap+1","Dualcast+1","Storm","Defragment+1","Storm+1","Consume","White Noise+1","Hello World","Fission+1","Conserve Battery","Machine Learning+1","Heatsinks+1","Tempest+1","Turbo+1","Chaos","Hello World","White Noise+1","Static Discharge","Chaos+1","Heatsinks","Heatsinks","Fission+1","Conserve Battery","Seek+1","Turbo","Panache","Bandage Up","Jack Of All Trades","Rebound+1","Steam+1"],"special_seed":0,"relics":["Cracked Core","MawBank","Omamori","Pandora\u0027s Box","Meat on the Bone","Blood Vial","Mercury Hourglass","Molten Egg 2","Tiny House","Membership Card","DataDisk","Kunai"],"potions_floor_usage":[16,27,33,33,33,50,50,50],"damage_taken":[{"damage":0.0,"enemies":"Small Slimes","floor":1.0,"turns":4.0},{"damage":2.0,"enemies":"Cultist","floor":3.0,"turns":4.0},{"damage":3.0,"enemies":"2 Louse","floor":4.0,"turns":3.0},{"damage":0,"enemies":"Large Slime","floor":11,"turns":3},{"damage":18,"enemies":"Exordium Wildlife","floor":12,"turns":3},{"damage":11,"enemies":"Red Slaver","floor":14,"turns":3},{"damage":11,"enemies":"Slime Boss","floor":16,"turns":4},{"damage":3,"enemies":"Shell Parasite","floor":18,"turns":2},{"damage":0,"enemies":"Spheric Guardian","floor":21,"turns":2},{"damage":0,"enemies":"Snake Plant","floor":22,"turns":2},{"damage":1,"enemies":"Centurion and Healer","floor":24,"turns":3},{"damage":33,"enemies":"Book of Stabbing","floor":27,"turns":3},{"damage":0,"enemies":"Snecko","floor":28,"turns":4},{"damage":0,"enemies":"Sentry and Sphere","floor":29,"turns":2},{"damage":24,"enemies":"Gremlin Leader","floor":31,"turns":3},{"damage":5,"enemies":"Automaton","floor":33,"turns":4},{"damage":18,"enemies":"3 Darklings","floor":35,"turns":2},{"damage":13,"enemies":"3 Shapes","floor":38,"turns":2},{"damage":0,"enemies":"Sphere and 2 Shapes","floor":45,"turns":2},{"damage":16,"enemies":"Spire Growth","floor":46,"turns":2},{"damage":10,"enemies":"Writhing Mass","floor":48,"turns":2},{"damage":33,"enemies":"Donu and Deca","floor":50,"turns":4}],"seed_played":"-1026347619577940944","potions_obtained":[{"floor":14,"key":"Fire Potion"},{"floor":16,"key":"Poison Potion"},{"floor":21,"key":"Dexterity Potion"},{"floor":28,"key":"Regen Potion"},{"floor":29,"key":"Ancient Potion"},{"floor":34,"key":"SpeedPotion"},{"floor":45,"key":"Fire Potion"},{"floor":46,"key":"Strength Potion"}],"is_trial":false,"path_per_floor":["M","?","M","M","?","R","?","?","T","$","M","M","R","M","R","B",null,"M","$","?","M","M","R","M","R","T","E","M","M","R","E","R","B",null,"M","$","?","M","?","R","?","R","T","?","M","M","R","M","R","B",null],"character_chosen":"DEFECT","items_purchased":["Storm","Hello World","Meat on the Bone","Membership Card","DataDisk","Turbo"],"campfire_rested":1,"item_purchase_floors":[10,19,19,36,36,36],"current_hp_per_floor":[75,75,73,70,63,63,63,63,63,63,63,45,45,34,34,23,75,72,72,72,72,72,72,71,71,71,40,42,44,44,34,34,43,80,62,62,62,51,41,41,41,41,41,34,40,42,42,50,72,45],"gold":96,"neow_bonus":"RANDOM_COMMON_RELIC","is_prod":false,"is_daily":false,"chose_seed":false,"campfire_upgraded":10,"win_rate":0,"timestamp":1565160941,"path_taken":["M","?","?","M","?","R","?","?","T","$","M","M","R","M","R","BOSS","M","$","?","M","?","R","M","R","T","E","M","M","R","E","R","BOSS","M","$","?","M","?","R","?","R","T","?","M","M","R","M","R","BOSS"],"build_version":"2019-07-17","purchased_purges":2,"victory":true,"max_hp_per_floor":[75,75,75,75,75,75,75,75,75,75,75,75,75,75,75,75,75,75,75,75,75,75,75,75,75,75,75,75,75,75,75,75,75,80,80,80,76,76,76,76,76,76,76,76,76,76,76,76,76,76],"card_choices":[{"not_picked":["Steam","Streamline"],"picked":"Storm","floor":1.0},{"not_picked":["Barrage","Lockon"],"picked":"Defragment","floor":3.0},{"not_picked":["Recycle","Beam Cell","Stack"],"picked":"SKIP","floor":4.0},{"not_picked":["Hologram","Conserve Battery"],"picked":"Consume","floor":11},{"not_picked":["Lockon","Compile Driver"],"picked":"White Noise","floor":12},{"not_picked":["Hologram","Streamline"],"picked":"Hello World","floor":14},{"not_picked":["All For One","Seek"],"picked":"Fission","floor":16},{"not_picked":["Coolheaded","Melter","Go for the Eyes"],"picked":"SKIP","floor":18},{"not_picked":["BootSequence","Sweeping Beam+1"],"picked":"White Noise","floor":21},{"not_picked":["Ball Lightning","Beam Cell"],"picked":"Static Discharge","floor":22},{"not_picked":["Fusion","Skim"],"picked":"Chaos+1","floor":24},{"not_picked":["Leap","Redo"],"picked":"Heatsinks","floor":27},{"not_picked":["Cold Snap","Scrape+1"],"picked":"Heatsinks","floor":28},{"not_picked":["Steam","Glacier","Genetic Algorithm"],"picked":"SKIP","floor":29},{"not_picked":["Hologram","Stack","Coolheaded"],"picked":"SKIP","floor":31},{"not_picked":["Machine Learning","Rainbow"],"picked":"Fission","floor":33},{"not_picked":["Hologram","Streamline+1"],"picked":"Conserve Battery","floor":34},{"not_picked":["Go for the Eyes+1","Barrage+1"],"picked":"Seek","floor":35},{"not_picked":["Go for the Eyes+1","Rebound+1","Sweeping Beam+1"],"picked":"SKIP","floor":38},{"not_picked":["Violence","Chrysalis"],"picked":"Panache","floor":39},{"not_picked":["PanicButton","Trip"],"picked":"Bandage Up","floor":39},{"not_picked":["Dark Shackles","Trip"],"picked":"Jack Of All Trades","floor":39},{"not_picked":["Conserve Battery","Beam Cell+1","Lockon+1"],"picked":"SKIP","floor":45},{"not_picked":["Go for the Eyes+1","Cold Snap+1"],"picked":"Rebound+1","floor":46},{"not_picked":["Sweeping Beam+1","Redo+1"],"picked":"Steam+1","floor":48}],"player_experience":1645064,"relics_obtained":[{"floor":9,"key":"Omamori"},{"floor":26,"key":"Blood Vial"},{"floor":27,"key":"Mercury Hourglass"},{"floor":31,"key":"Molten Egg 2"},{"floor":43,"key":"Kunai"}],"event_choices":[{"damage_healed":0.0,"max_hp_gain":0.0,"max_hp_loss":0.0,"gold_gain":0.0,"event_name":"Wheel of Change","player_choice":"Cursed","floor":2.0,"gold_loss":0.0,"damage_taken":0.0,"cards_obtained":["Decay"]},{"cards_removed":["Decay"],"damage_healed":0.0,"max_hp_gain":0.0,"max_hp_loss":0.0,"gold_gain":0.0,"event_name":"Golden Wing","player_choice":"Card Removal","floor":5.0,"gold_loss":0.0,"damage_taken":7.0},{"damage_healed":0,"gold_gain":0,"player_choice":"Searched \u00270\u0027 times","damage_taken":0,"max_hp_gain":0,"max_hp_loss":0,"event_name":"Dead Adventurer","floor":7,"gold_loss":0},{"damage_healed":0,"gold_gain":175,"player_choice":"AGREE","damage_taken":0,"max_hp_gain":0,"max_hp_loss":0,"event_name":"Liars Game","floor":8,"gold_loss":0,"cards_obtained":["Doubt"]},{"damage_healed":0,"gold_gain":0,"player_choice":"Upgraded Two","damage_taken":0,"max_hp_gain":0,"max_hp_loss":0,"event_name":"Designer","floor":20,"gold_loss":40,"cards_upgraded":["Tempest","Machine Learning"]},{"damage_healed":0,"gold_gain":0,"player_choice":"Max HP","damage_taken":0,"max_hp_gain":0,"max_hp_loss":4,"event_name":"Winding Halls","floor":37,"gold_loss":0},{"damage_healed":0,"gold_gain":0,"player_choice":"Memory 3","damage_taken":10,"max_hp_gain":0,"max_hp_loss":0,"event_name":"SensoryStone","floor":39,"gold_loss":0},{"cards_removed":["Compile Driver"],"damage_healed":0,"gold_gain":0,"player_choice":"Removed Attack","damage_taken":0,"max_hp_gain":0,"max_hp_loss":0,"event_name":"Falling","floor":41,"gold_loss":0},{"damage_healed":0,"gold_gain":0,"player_choice":"Damaged","damage_taken":7,"max_hp_gain":0,"max_hp_loss":0,"event_name":"Wheel of Change","floor":44,"gold_loss":0}],"is_beta":false,"boss_relics":[{"not_picked":["Inserter","White Beast Statue"],"picked":"Pandora\u0027s Box"},{"not_picked":["Lizard Tail","FrozenCore"],"picked":"Tiny House"}],"items_purged_floors":[10,19],"is_endless":false,"potions_floor_spawned":[14,16,21,28,29,31,45,46,48],"ascension_level":0}