{"gold_per_floor":[114,132,132,60,60,60,135,135,159,184,184,203,219,237,237,367,430,455,380,295,220,238,238,258,277,323,342,342,342,342,194,194,317,317,340,320,335,356,379,379,379,379,379,429,442,442,20,45,45,45],"floor_reached":51,"playtime":1541,"items_purged":["Strike_G","Strike_G","Strike_G"],"score":712,"play_id":"31c2d964-b882-4e0f-9bb2-a71d5d06d29b","local_time":"20181015234251","is_ascension_mode":false,"campfire_choices":[{"data":"Noxious Fumes","floor":6,"key":"SMITH"},{"data":"Neutralize","floor":8,"key":"SMITH"},{"data":"Backflip","floor":11,"key":"SMITH"},{"data":"Deadly Poison","floor":15,"key":"SMITH"},{"data":"Glass Knife","floor":23,"key":"SMITH"},{"data":"Deadly Poison","floor":28,"key":"SMITH"},{"data":"Backflip","floor":32,"key":"SMITH"},{"data":"Night Terror","floor":40,"key":"SMITH"},{"data":"Survivor","floor":42,"key":"SMITH"},{"data":"Defend_G","floor":46,"key":"SMITH"},{"data":"Bouncing Flask","floor":49,"key":"SMITH"}],"neow_cost":"NONE","seed_source_timestamp":47193232164311,"circlet_count":0,"master_deck":["Defend_G+1","Defend_G","Defend_G","Defend_G","Strike_G","Survivor+1","Neutralize+1","Die Die Die","Backflip+1","Noxious Fumes+1","Backflip+1","Well Laid Plans+1","Deadly Poison+1","Glass Knife+1","Escape Plan","Deadly Poison+1","Escape Plan+1","Night Terror+1","Bouncing Flask+1"],"relics":["Ring of the Snake","Golden Idol","Potion Belt","Odd Mushroom","Tiny House","Mercury Hourglass","Pen Nib","PreservedInsect","Busted Crown","SsserpentHead","Anchor","Snake Skull"],"potions_floor_usage":[18,22,35,38,50,50,50,50,50,50,50],"damage_taken":[{"damage":0,"enemies":"2 Louse","floor":1,"turns":1},{"damage":0,"enemies":"Small Slimes","floor":2,"turns":2},{"damage":7,"enemies":"The Mushroom Lair","floor":10,"turns":4},{"damage":0,"enemies":"Cultist","floor":12,"turns":3},{"damage":0,"enemies":"3 Louse","floor":13,"turns":1},{"damage":1,"enemies":"Exordium Wildlife","floor":14,"turns":5},{"damage":8,"enemies":"The Guardian","floor":16,"turns":11},{"damage":2,"enemies":"Spheric Guardian","floor":18,"turns":5},{"damage":8,"enemies":"2 Thieves","floor":22,"turns":4},{"damage":12,"enemies":"Sentry and Sphere","floor":24,"turns":5},{"damage":3,"enemies":"Snake Plant","floor":25,"turns":5},{"damage":2,"enemies":"Shelled Parasite and Fungi","floor":27,"turns":6},{"damage":44,"enemies":"Collector","floor":33,"turns":8},{"damage":0,"enemies":"3 Shapes","floor":35,"turns":5},{"damage":0,"enemies":"3 Darklings","floor":37,"turns":4},{"damage":7,"enemies":"Spire Growth","floor":38,"turns":6},{"damage":0,"enemies":"4 Shapes","floor":39,"turns":2},{"damage":0,"enemies":"Sphere and 2 Shapes","floor":45,"turns":2},{"damage":0,"enemies":"Transient","floor":48,"turns":5},{"damage":0,"enemies":"Donu and Deca","floor":50,"turns":8}],"seed_played":"-8758964638517796819","potions_obtained":[{"floor":1,"key":"GamblersBrew"},{"floor":2,"key":"FearPotion"},{"floor":10,"key":"SpeedPotion"},{"floor":17,"key":"Strength Potion"},{"floor":22,"key":"FairyPotion"},{"floor":25,"key":"PowerPotion"},{"floor":36,"key":"EntropicBrew"},{"floor":37,"key":"Dexterity Potion"},{"floor":39,"key":"Explosive Potion"}],"is_trial":false,"path_per_floor":["M","M","?","$","?","R","?","R","T","?","R","M","M","M","R","B",null,"M","?","?","$","M","R","M","M","T","M","R","?","?","$","R","B",null,"M","?","M","M","M","R","?","R","T","?","M","R","$","M","R","B"],"character_chosen":"THE_SILENT","items_purchased":["Noxious Fumes","Energy Potion","Snake Skull","Bouncing Flask","GhostInAJar"],"campfire_rested":0,"item_purchase_floors":[4,31,47,47,47],"current_hp_per_floor":[70,70,53,53,53,53,42,42,42,35,35,35,35,34,34,26,75,73,73,73,73,65,65,53,50,50,48,48,48,48,48,48,4,75,75,75,75,68,68,68,68,68,68,68,68,68,68,68,68,68],"gold":45,"neow_bonus":"ONE_RANDOM_RARE_CARD","is_prod":false,"is_daily":false,"chose_seed":false,"campfire_upgraded":11,"win_rate":0,"timestamp":1539618171,"path_taken":["M","M","?","$","?","R","?","R","T","?","R","?","?","M","R","BOSS","M","?","?","$","M","R","M","M","T","?","R","?","?","$","R","BOSS","M","?","?","M","M","R","?","R","T","?","M","R","$","M","R","BOSS"],"build_version":"2018-10-11","purchased_purges":3,"victory":true,"max_hp_per_floor":[70,70,70,70,70,70,70,70,70,70,70,70,70,70,70,70,75,75,75,75,75,75,75,75,75,75,75,75,75,75,75,75,75,75,75,75,75,75,75,75,75,75,75,75,75,75,75,75,75,75],"card_choices":[{"not_picked":["Setup","Prepared"],"picked":"Backflip","floor":1},{"not_picked":["Sucker Punch","Heel Hook"],"picked":"Dash","floor":2},{"not_picked":["Skewer","Dodge and Roll"],"picked":"Backflip","floor":10},{"not_picked":["Noxious Fumes","Blade Dance"],"picked":"Well Laid Plans","floor":12},{"not_picked":["Underhanded Strike","Storm of Steel"],"picked":"Deadly Poison","floor":13},{"not_picked":["Choke","Concentrate","Poisoned Stab"],"picked":"SKIP","floor":14},{"not_picked":["Bullet Time","Phantasmal Killer"],"picked":"Glass Knife","floor":16},{"not_picked":["Flying Knee","Slice"],"picked":"Escape Plan","floor":17},{"not_picked":["Flying Knee","Setup","Acrobatics+1"],"picked":"SKIP","floor":18},{"not_picked":["Flying Knee","Slice"],"picked":"Deadly Poison","floor":22},{"not_picked":["Eviscerate+1","Bane","Endless Agony"],"picked":"SKIP","floor":24},{"not_picked":["Tactician","Masterful Stab","Choke"],"picked":"SKIP","floor":25},{"not_picked":["Slice","Eviscerate"],"picked":"Escape Plan+1","floor":27},{"not_picked":["A Thousand Cuts","Bullet Time"],"picked":"Night Terror","floor":33},{"not_picked":["Prepared"],"picked":"SKIP","floor":35},{"not_picked":["Poisoned Stab+1"],"picked":"SKIP","floor":37},{"not_picked":["Backstab"],"picked":"SKIP","floor":38},{"not_picked":["Underhanded Strike+1"],"picked":"SKIP","floor":39},{"not_picked":["Outmaneuver+1"],"picked":"SKIP","floor":45},{"not_picked":["Caltrops+1"],"picked":"SKIP","floor":48}],"player_experience":234112,"relics_obtained":[{"floor":9,"key":"Potion Belt"},{"floor":10,"key":"Odd Mushroom"},{"floor":26,"key":"Pen Nib"},{"floor":43,"key":"Anchor"}],"event_choices":[{"event_name":"Golden Idol","player_choice":"Take Damage","floor":3,"damage_taken":0},{"event_name":"Liars Game","player_choice":"disagreed","floor":5,"damage_taken":0},{"event_name":"World of Goop","player_choice":"Gather Gold","floor":7,"damage_taken":0},{"event_name":"Mushrooms","player_choice":"Fought Mushrooms","floor":10,"damage_taken":0},{"event_name":"Beggar","player_choice":"Gave Gold","floor":19,"damage_taken":0},{"event_name":"Addict","player_choice":"Obtained Relic","floor":20,"damage_taken":0},{"event_name":"WeMeetAgain","player_choice":"Card","floor":29,"damage_taken":0},{"event_name":"Cursed Tome","player_choice":"Ignored","floor":30,"damage_taken":0},{"event_name":"The Woman in Blue","player_choice":"Bought 1 Potion","floor":36,"damage_taken":0},{"event_name":"FaceTrader","player_choice":"Trade","floor":41,"damage_taken":0},{"event_name":"Falling","player_choice":"Removed Skill","floor":44,"damage_taken":0}],"is_beta":false,"boss_relics":[{"not_picked":["White Beast Statue","Eternal Feather"],"picked":"Tiny House"},{"not_picked":["Black Star","Pandora\u0027s Box"],"picked":"Busted Crown"}],"items_purged_floors":[21,31,47],"is_endless":false,"potions_floor_spawned":[1,2,10,22,25,33,37,39],"ascension_level":0}