{"gold_per_floor":[113,124,140,10,30,30,57,72,72,85,102,121,41,41,41,115,115,131,56,56,56,56,56,76,96,122,153,169,169,76,88,88,166,166,179,191,191,52,152,215,165,165,165,193,193,193,193,143,143,143,143,143,143,10,35,35],"floor_reached":57,"playtime":2687,"items_purged":["Strike_B","Defend_B","Defend_B","Defend_B","Defend_B"],"score":2935,"play_id":"d99f1142-bb15-4a7f-bce9-bf9c27203e1d","local_time":"20190224181659","is_ascension_mode":true,"campfire_choices":[{"data":"Defragment","floor":6.0,"key":"SMITH"},{"floor":15.0,"key":"REST"},{"data":"Defragment","floor":23.0,"key":"SMITH"},{"data":"Heatsinks","floor":29.0,"key":"SMITH"},{"data":"Consume","floor":32.0,"key":"SMITH"},{"data":"Defragment","floor":42.0,"key":"SMITH"},{"data":"Creative AI","floor":47.0,"key":"SMITH"},{"floor":49.0,"key":"RECALL"},{"data":"Hologram","floor":53.0,"key":"SMITH"}],"neow_cost":"NONE","seed_source_timestamp":595130189303090,"circlet_count":0,"master_deck":["AscendersBane","Zap","Dualcast","Gash","Coolheaded","Capacitor","Defragment+1","Turbo","Defragment+1","Skim","Cold Snap","Heatsinks+1","Hologram+1","Creative AI","Defragment+1","Creative AI+1","Turbo","Biased Cognition","Glacier","Self Repair","Steam+1","Redo+1","Chill","Consume+1","Recycle","Skim","Defragment","Heatsinks","Storm"],"special_seed":0,"relics":["Cracked Core","NeowsBlessing","Juzu Bracelet","Mummified Hand","Lizard Tail","Smiling Mask","Meat on the Bone","Coffee Dripper","WingedGreaves","Tiny Chest","Potion Belt","Toxic Egg 2","Sundial","Letter Opener"],"potions_floor_usage":[56],"damage_taken":[{"damage":0.0,"enemies":"2 Louse","floor":1.0,"turns":1.0},{"damage":0.0,"enemies":"Small Slimes","floor":2.0,"turns":1.0},{"damage":0.0,"enemies":"Jaw Worm","floor":3.0,"turns":1.0},{"damage":12.0,"enemies":"Exordium Wildlife","floor":5.0,"turns":4.0},{"damage":5.0,"enemies":"Lagavulin","floor":7.0,"turns":9.0},{"damage":21.0,"enemies":"Lots of Slimes","floor":8.0,"turns":4.0},{"damage":6.0,"enemies":"2 Fungi Beasts","floor":10.0,"turns":4.0},{"damage":8.0,"enemies":"Exordium Wildlife","floor":11.0,"turns":4.0},{"damage":4.0,"enemies":"Blue Slaver","floor":12.0,"turns":4.0},{"damage":22.0,"enemies":"Slime Boss","floor":16.0,"turns":8.0},{"damage":13.0,"enemies":"3 Byrds","floor":18.0,"turns":3.0},{"damage":16.0,"enemies":"Shell Parasite","floor":24.0,"turns":7.0},{"damage":0.0,"enemies":"Snake Plant","floor":25.0,"turns":3.0},{"damage":7.0,"enemies":"Book of Stabbing","floor":27.0,"turns":6.0},{"damage":1.0,"enemies":"Cultist and Chosen","floor":28.0,"turns":6.0},{"damage":0.0,"enemies":"Snecko","floor":31.0,"turns":7.0},{"damage":0.0,"enemies":"Automaton","floor":33.0,"turns":12.0},{"damage":21.0,"enemies":"3 Darklings","floor":35.0,"turns":7.0},{"damage":0.0,"enemies":"Orb Walker","floor":36.0,"turns":4.0},{"damage":0.0,"enemies":"Mind Bloom Boss Battle","floor":39.0,"turns":8.0},{"damage":12.0,"enemies":"Nemesis","floor":40.0,"turns":13.0},{"damage":0.0,"enemies":"Reptomancer","floor":44.0,"turns":6.0},{"damage":36.0,"enemies":"Time Eater","floor":50.0,"turns":10.0},{"damage":0.0,"enemies":"Donu and Deca","floor":51.0,"turns":6.0},{"damage":14.0,"enemies":"Shield and Spear","floor":55.0,"turns":8.0},{"damage":30,"enemies":"The Heart","floor":56,"turns":6}],"seed_played":"6530906906832697910","potions_obtained":[{"floor":2.0,"key":"SpeedPotion"},{"floor":5.0,"key":"EntropicBrew"},{"floor":7.0,"key":"Swift Potion"},{"floor":10.0,"key":"AttackPotion"},{"floor":25.0,"key":"Poison Potion"},{"floor":27.0,"key":"SkillPotion"},{"floor":35.0,"key":"Swift Potion"},{"floor":36.0,"key":"Ancient Potion"}],"is_trial":false,"path_per_floor":["M","M","M","$","M","R","E","M","T","M","M","M","$","?","R","B",null,"M","?","?","$","?","R","M","M","T","E","M","R","$","M","R","B",null,"M","M","?","$","?","E","$","R","T","E","T","T","R","$","R","B","B",null,"R","$","E","B",null],"character_chosen":"DEFECT","items_purchased":["Defragment","Turbo","Defragment","Chill","Defragment","Heatsinks"],"campfire_rested":1,"item_purchase_floors":[4,4,13,30,38,54],"current_hp_per_floor":[64,64,64,64,52,52,47,26,26,20,12,8,8,8,29,7,55,42,42,42,42,42,42,26,26,26,26,44,44,44,51,51,58,68,54,61,61,61,68,63,63,63,63,70,70,70,70,70,70,53,60,68,68,68,61,50],"gold":35,"neow_bonus":"THREE_ENEMY_KILL","is_prod":false,"is_daily":false,"chose_seed":false,"campfire_upgraded":7,"win_rate":0,"timestamp":1551003419,"path_taken":["M","M","M","$","M","R","E","M","T","M","M","M","$","?","R","BOSS","M","?","?","?","?","R","M","M","T","E","M","R","$","M","R","BOSS","M","M","?","$","?","E","$","R","T","E","?","?","R","$","R","BOSS","BOSS","R","$","E","BOSS"],"build_version":"2019-01-23","purchased_purges":5,"victory":true,"max_hp_per_floor":[71,71,71,71,71,71,71,71,71,71,71,71,71,71,71,71,71,71,71,71,71,71,71,71,71,71,71,71,71,71,71,71,71,71,71,71,71,71,71,71,71,71,71,71,71,71,71,71,71,71,71,71,71,71,71,71],"card_choices":[{"not_picked":["Sweeping Beam","Barrage"],"picked":"Gash","floor":1.0},{"not_picked":["Tempest","Leap"],"picked":"Coolheaded","floor":2.0},{"not_picked":["Beam Cell","Rebound"],"picked":"Capacitor","floor":3.0},{"not_picked":["Sweeping Beam","Leap"],"picked":"Defragment","floor":5.0},{"not_picked":["Hyperbeam","Turbo"],"picked":"Skim","floor":7.0},{"not_picked":["Sunder","Compile Driver"],"picked":"Cold Snap","floor":8.0},{"not_picked":["Streamline","BootSequence"],"picked":"Heatsinks","floor":10.0},{"not_picked":["Reprogram","Steam"],"picked":"Hologram","floor":11.0},{"not_picked":["Steam","Leap"],"picked":"Creative AI","floor":12.0},{"not_picked":["Rainbow","Meteor Strike"],"picked":"Creative AI","floor":16.0},{"not_picked":["Steam+1","Stack"],"picked":"Turbo","floor":18.0},{"not_picked":["Conserve Battery","Rebound","Ball Lightning"],"picked":"SKIP","floor":24.0},{"not_picked":["Conserve Battery","Rebound"],"picked":"Self Repair","floor":25.0},{"not_picked":["Beam Cell","Meteor Strike"],"picked":"Steam+1","floor":27.0},{"not_picked":["Genetic Algorithm","Stack"],"picked":"Redo+1","floor":28.0},{"not_picked":["Chill","Leap"],"picked":"Consume","floor":31.0},{"not_picked":["Reboot","Meteor Strike"],"picked":"Thunder Strike","floor":33.0},{"not_picked":["Compile Driver","Beam Cell"],"picked":"Recycle","floor":35.0},{"not_picked":["Streamline","Barrage"],"picked":"Skim","floor":36.0},{"not_picked":["Lockon","Cold Snap","Streamline"],"picked":"SKIP","floor":40.0},{"not_picked":["Go for the Eyes","Steam","Sweeping Beam"],"picked":"SKIP","floor":44.0},{"not_picked":["Stack+1","Rip and Tear"],"picked":"Storm","floor":55.0}],"player_experience":973400,"relics_obtained":[{"floor":7.0,"key":"Juzu Bracelet"},{"floor":9.0,"key":"Mummified Hand"},{"floor":26.0,"key":"Smiling Mask"},{"floor":27.0,"key":"Meat on the Bone"},{"floor":39.0,"key":"WingedGreaves"},{"floor":40.0,"key":"Tiny Chest"},{"floor":44.0,"key":"Potion Belt"},{"floor":45.0,"key":"Toxic Egg 2"},{"floor":46.0,"key":"Sundial"},{"floor":55.0,"key":"Letter Opener"}],"event_choices":[{"damage_healed":0.0,"max_hp_gain":0.0,"max_hp_loss":0.0,"gold_gain":0.0,"event_name":"Liars Game","player_choice":"Ignored","floor":14.0,"gold_loss":0.0,"damage_taken":0.0},{"cards_removed":["Strike_B"],"damage_healed":0.0,"max_hp_gain":0.0,"max_hp_loss":0.0,"gold_gain":0.0,"event_name":"Beggar","player_choice":"Gave Gold","floor":19.0,"gold_loss":75.0,"damage_taken":0.0},{"damage_healed":0.0,"max_hp_gain":0.0,"max_hp_loss":0.0,"gold_gain":0.0,"cards_transformed":["Strike_B","Strike_B"],"event_name":"Drug Dealer","player_choice":"Became Test Subject","floor":20.0,"gold_loss":0.0,"damage_taken":0.0,"cards_obtained":["Biased Cognition","Glacier"]},{"cards_removed":["Thunder Strike"],"damage_healed":0.0,"max_hp_gain":0.0,"max_hp_loss":0.0,"gold_gain":0.0,"event_name":"Falling","player_choice":"Removed Attack","floor":37.0,"gold_loss":0.0,"damage_taken":0.0},{"damage_healed":0.0,"max_hp_gain":0.0,"max_hp_loss":0.0,"gold_gain":0.0,"event_name":"MindBloom","player_choice":"Fight","floor":39.0,"gold_loss":0.0,"damage_taken":0.0}],"is_beta":false,"boss_relics":[{"not_picked":["Calling Bell","Velvet Choker"],"picked":"Lizard Tail"},{"not_picked":["Sozu","Busted Crown"],"picked":"Coffee Dripper"}],"items_purged_floors":[30,38,41,48,54],"is_endless":false,"potions_floor_spawned":[2,5,7,10,25,27,35,36],"ascension_level":20}