{"gold_per_floor":[116,41,61,61,73,73,105,105,105,167,184,204,204,8,8,107,107,122,122,122,122,136,136,136,51,78,96,106,106,116,116,116,211,211,228,247,293,304,319,319,336,336,336,347,347,347,367,0,0,0],"floor_reached":51,"playtime":1948,"items_purged":["Strike_R","Strike_R","Bash"],"score":724,"play_id":"c076b90f-4a3d-4e4d-b257-3fc1133965f8","local_time":"20190704000013","is_ascension_mode":false,"campfire_choices":[{"data":"Bludgeon","floor":6.0,"key":"SMITH"},{"data":"Armaments","floor":8.0,"key":"SMITH"},{"data":"True Grit","floor":15.0,"key":"SMITH"},{"data":"Battle Trance","floor":23.0,"key":"SMITH"},{"data":"Madness","floor":32.0,"key":"SMITH"},{"data":"Fire Breathing","floor":40,"key":"SMITH"},{"data":"Burning Pact","floor":42,"key":"SMITH"},{"data":"Offering","floor":46,"key":"SMITH"},{"data":"Offering","floor":49,"key":"SMITH"}],"neow_cost":"NONE","seed_source_timestamp":34814157362111,"circlet_count":0,"master_deck":["Defend_R","Defend_R","Defend_R","Defend_R","Bludgeon+1","Armaments+1","True Grit+1","Madness+1","Offering+1","Battle Trance+1","Fire Breathing+1","Burning Pact+1","Dual Wield+1","Offering+1","Feel No Pain+1"],"special_seed":0,"relics":["Black Blood","Gambling Chip","Mango","PreservedInsect","Philosopher\u0027s Stone","Mercury Hourglass","Bag of Preparation","Enchiridion","Bird Faced Urn","Juzu Bracelet","Mummified Hand"],"potions_floor_usage":[37,38,50,50,50],"damage_taken":[{"damage":6.0,"enemies":"Cultist","floor":1.0,"turns":3.0},{"damage":5.0,"enemies":"2 Louse","floor":3.0,"turns":4.0},{"damage":3.0,"enemies":"Small Slimes","floor":5.0,"turns":3.0},{"damage":9.0,"enemies":"3 Sentries","floor":7.0,"turns":7.0},{"damage":32.0,"enemies":"Lagavulin Event","floor":10.0,"turns":5.0},{"damage":9.0,"enemies":"Gremlin Gang","floor":11.0,"turns":5.0},{"damage":0.0,"enemies":"2 Fungi Beasts","floor":12.0,"turns":3.0},{"damage":19.0,"enemies":"Slime Boss","floor":16.0,"turns":9.0},{"damage":6.0,"enemies":"Shell Parasite","floor":18.0,"turns":2.0},{"damage":6.0,"enemies":"Chosen","floor":22.0,"turns":2.0},{"damage":7.0,"enemies":"3 Cultists","floor":27.0,"turns":4.0},{"damage":0.0,"enemies":"Centurion and Healer","floor":28.0,"turns":2.0},{"damage":6.0,"enemies":"Snecko","floor":30.0,"turns":2.0},{"damage":6,"enemies":"Collector","floor":33,"turns":3},{"damage":6,"enemies":"Orb Walker","floor":35,"turns":1},{"damage":12,"enemies":"3 Shapes","floor":36,"turns":2},{"damage":6,"enemies":"2 Orb Walkers","floor":37,"turns":3},{"damage":12,"enemies":"3 Darklings","floor":38,"turns":7},{"damage":12,"enemies":"Jaw Worm Horde","floor":39,"turns":1},{"damage":12,"enemies":"Spire Growth","floor":41,"turns":1},{"damage":27,"enemies":"Sphere and 2 Shapes","floor":44,"turns":2},{"damage":27,"enemies":"4 Shapes","floor":47,"turns":10},{"damage":58,"enemies":"Awakened One","floor":50,"turns":5}],"seed_played":"-1559127891723200912","potions_obtained":[{"floor":1.0,"key":"SpeedPotion"},{"floor":3.0,"key":"FairyPotion"},{"floor":11.0,"key":"Poison Potion"},{"floor":16.0,"key":"GamblersBrew"},{"floor":44,"key":"Dexterity Potion"},{"floor":47,"key":"Dexterity Potion"}],"is_trial":false,"path_per_floor":["M","$","M","?","M","R","E","R","T","?","M","M","?","$","R","B",null,"M","?","$","?","M","R","?","?","T","M","M","$","M","?","R","B",null,"M","M","?","M","M","R","M","R","T","M","?","R","M","$","R","B",null],"character_chosen":"IRONCLAD","items_purchased":["Madness","Mummified Hand"],"campfire_rested":0,"item_purchase_floors":[14,48],"current_hp_per_floor":[80,80,80,73,76,76,73,73,87,61,58,64,64,64,64,51,94,94,94,94,94,94,94,94,94,94,93,94,94,94,78,78,78,94,94,92,94,94,92,92,94,94,94,93,83,83,94,94,94,48],"gold":0,"neow_bonus":"ONE_RANDOM_RARE_CARD","is_prod":false,"is_daily":false,"chose_seed":false,"campfire_upgraded":9,"win_rate":0,"timestamp":1562169613,"path_taken":["M","?","M","?","M","R","E","R","T","?","M","M","?","$","R","BOSS","M","?","$","?","?","R","?","?","T","M","M","$","M","?","R","BOSS","M","M","?","M","M","R","M","R","T","M","?","R","M","$","R","BOSS"],"build_version":"2019-07-01","purchased_purges":3,"victory":true,"max_hp_per_floor":[80,80,80,80,80,80,80,80,94,94,94,94,94,94,94,94,94,94,94,94,94,94,94,94,94,94,94,94,94,94,94,94,94,94,94,94,94,94,94,94,94,94,94,94,94,94,94,94,94,94],"card_choices":[{"not_picked":["Intimidate","Flex"],"picked":"Armaments","floor":1.0},{"not_picked":["Sever Soul","Perfected Strike","Headbutt"],"picked":"SKIP","floor":3.0},{"not_picked":["Corruption","Havoc","Anger"],"picked":"SKIP","floor":5.0},{"not_picked":["Flex","Infernal Blade","Cleave"],"picked":"SKIP","floor":7.0},{"not_picked":["Hemokinesis","Barricade"],"picked":"True Grit","floor":11.0},{"not_picked":["Bloodletting","Thunderclap","Perfected Strike"],"picked":"SKIP","floor":12.0},{"not_picked":["Feed","Limit Break"],"picked":"Offering","floor":16.0},{"not_picked":["Flame Barrier","Whirlwind","Armaments"],"picked":"SKIP","floor":18.0},{"not_picked":["Armaments","Heavy Blade","Intimidate"],"picked":"SKIP","floor":22.0},{"not_picked":["Perfected Strike","Flex","Burning Pact"],"picked":"SKIP","floor":27.0},{"not_picked":["Whirlwind","Shrug It Off","Dual Wield+1"],"picked":"SKIP","floor":28.0},{"not_picked":["Whirlwind","Shrug It Off"],"picked":"Dual Wield+1","floor":28.0},{"not_picked":["Havoc","Armaments","Double Tap"],"picked":"SKIP","floor":30.0},{"not_picked":["Reaper","Impervious"],"picked":"Offering","floor":33},{"not_picked":["Cleave+1","Armaments","Thunderclap"],"picked":"SKIP","floor":35},{"not_picked":["Cleave+1","Feel No Pain+1","Pummel"],"picked":"SKIP","floor":36},{"not_picked":["Cleave+1","Pummel"],"picked":"Feel No Pain+1","floor":36},{"not_picked":["Twin Strike","Uppercut","Metallicize"],"picked":"SKIP","floor":38},{"not_picked":["Cleave+1","Whirlwind+1","Ghostly Armor"],"picked":"SKIP","floor":39},{"not_picked":["Combust","Pommel Strike+1","True Grit"],"picked":"SKIP","floor":41},{"not_picked":["True Grit+1","Impervious","Clothesline+1"],"picked":"SKIP","floor":44},{"not_picked":["Iron Wave+1","Clothesline","Twin Strike"],"picked":"SKIP","floor":47}],"player_experience":5644231,"relics_obtained":[{"floor":7.0,"key":"Gambling Chip"},{"floor":9.0,"key":"Mango"},{"floor":10.0,"key":"PreservedInsect"},{"floor":26.0,"key":"Bag of Preparation"},{"floor":31.0,"key":"Enchiridion"},{"floor":37,"key":"Bird Faced Urn"},{"floor":43,"key":"Juzu Bracelet"}],"event_choices":[{"cards_removed":["Strike_R"],"damage_healed":0.0,"max_hp_gain":0.0,"max_hp_loss":0.0,"gold_gain":0.0,"event_name":"Golden Wing","player_choice":"Card Removal","floor":4.0,"gold_loss":0.0,"damage_taken":7.0},{"damage_healed":0.0,"max_hp_gain":0.0,"max_hp_loss":0.0,"gold_gain":30.0,"event_name":"Dead Adventurer","player_choice":"Searched \u00273\u0027 times","floor":10.0,"gold_loss":0.0,"damage_taken":0.0},{"damage_healed":0.0,"max_hp_gain":0.0,"max_hp_loss":0.0,"gold_gain":0.0,"event_name":"NoteForYourself","player_choice":"Ignored","floor":13.0,"gold_loss":0.0,"damage_taken":0.0},{"damage_healed":0.0,"max_hp_gain":0.0,"max_hp_loss":0.0,"gold_gain":0.0,"event_name":"The Library","player_choice":"Read","floor":19.0,"gold_loss":0.0,"damage_taken":0.0,"cards_obtained":["Battle Trance"]},{"damage_healed":0.0,"max_hp_gain":0.0,"max_hp_loss":0.0,"gold_gain":0.0,"event_name":"The Woman in Blue","player_choice":"Bought 0 Potions","floor":21.0,"gold_loss":0.0,"damage_taken":0.0},{"damage_healed":0.0,"max_hp_gain":0.0,"max_hp_loss":0.0,"gold_gain":0.0,"cards_transformed":["Strike_R","Strike_R"],"event_name":"Drug Dealer","player_choice":"Became Test Subject","floor":24.0,"gold_loss":0.0,"damage_taken":0.0,"cards_obtained":["Fire Breathing","Burning Pact"]},{"damage_healed":0.0,"max_hp_gain":0.0,"max_hp_loss":0.0,"gold_gain":0.0,"event_name":"Addict","player_choice":"Obtained Relic","floor":25.0,"gold_loss":85.0,"damage_taken":0.0,"relics_obtained":["Mercury Hourglass"]},{"damage_healed":0.0,"max_hp_gain":0.0,"max_hp_loss":0.0,"gold_gain":0.0,"event_name":"Cursed Tome","player_choice":"Obtained Book","floor":31.0,"gold_loss":0.0,"damage_taken":16.0},{"damage_healed":0,"gold_gain":0,"player_choice":"Fight","damage_taken":0,"max_hp_gain":0,"max_hp_loss":0,"event_name":"Mysterious Sphere","floor":37,"gold_loss":0},{"damage_healed":0,"gold_gain":0,"player_choice":"Memory 3","damage_taken":10,"max_hp_gain":0,"max_hp_loss":0,"event_name":"SensoryStone","floor":45,"gold_loss":0}],"is_beta":false,"boss_relics":[{"not_picked":["Tiny House","Mark of Pain"],"picked":"Philosopher\u0027s Stone"},{"not_picked":["Calling Bell","White Beast Statue"],"picked":"Black Blood"}],"items_purged_floors":[2,14,48],"is_endless":false,"potions_floor_spawned":[1,3,11,16,18,27,30,36,44,47],"ascension_level":0}