{"gold_per_floor":[109,34,34,44,44,69,81,108,108,108,30,41,41,53,53,127,127,138,138,188,103,103,114,14,14,14,14,45,45,45],"floor_reached":30,"playtime":534,"items_purged":["Strike_B","Strike_B"],"score":488,"play_id":"9a5fa768-6d0e-4db1-b49f-c375d66f2f1e","local_time":"20190306165105","is_ascension_mode":true,"campfire_choices":[{"data":"Zap","floor":10,"key":"SMITH"},{"data":"Sunder","floor":13,"key":"SMITH"},{"data":"Dualcast","floor":15,"key":"SMITH"},{"data":"Turbo","floor":25,"key":"SMITH"},{"data":"Hologram","floor":27,"key":"SMITH"},{"data":"Coolheaded","floor":29,"key":"SMITH"}],"neow_cost":"NONE","seed_source_timestamp":338464860962485,"circlet_count":0,"master_deck":["AscendersBane","Strike_B","Defend_B","Defend_B","Defend_B","Defend_B","Zap+1","Dualcast+1","Cold Snap","Ball Lightning","Sunder+1","Hologram+1","Heatsinks","All For One","Coolheaded+1","Electrodynamics","Skim","Turbo+1","Loop","Turbo"],"relics":["Cracked Core","NeowsBlessing","Shovel","Girya","Incense Burner","Inserter","Orichalcum","Bag of Marbles"],"potions_floor_usage":[16,28],"damage_taken":[{"damage":0,"enemies":"Small Slimes","floor":1,"turns":1},{"damage":0,"enemies":"Jaw Worm","floor":4,"turns":1},{"damage":0,"enemies":"3 Sentries","floor":6,"turns":1},{"damage":4,"enemies":"2 Louse","floor":7,"turns":2},{"damage":24,"enemies":"Gremlin Nob","floor":8,"turns":4},{"damage":6,"enemies":"Looter","floor":12,"turns":3},{"damage":0,"enemies":"2 Fungi Beasts","floor":14,"turns":2},{"damage":19,"enemies":"The Guardian","floor":16,"turns":10},{"damage":2,"enemies":"Chosen","floor":18,"turns":5},{"damage":0,"enemies":"Spheric Guardian","floor":23,"turns":2},{"damage":19,"enemies":"Slavers","floor":28,"turns":3},{"damage":36,"enemies":"Snake Plant","floor":30,"turns":2}],"seed_played":"5945681965275985051","potions_obtained":[{"floor":7,"key":"SpeedPotion"},{"floor":8,"key":"Strength Potion"},{"floor":14,"key":"PowerPotion"},{"floor":23,"key":"FearPotion"}],"is_trial":false,"path_per_floor":["M","$","?","M","?","E","M","E","T","R","$","M","R","M","R","B",null,"M","?","?","?","?","M","$","R","T","R","E","R","M"],"character_chosen":"DEFECT","items_purchased":["Heatsinks"],"campfire_rested":0,"item_purchase_floors":[11],"current_hp_per_floor":[64,64,57,57,57,57,53,29,29,29,29,23,23,23,23,4,54,52,52,52,52,52,52,52,52,52,52,33,33,0],"gold":45,"neow_bonus":"THREE_ENEMY_KILL","is_prod":false,"is_daily":false,"chose_seed":false,"campfire_upgraded":6,"win_rate":0,"timestamp":1551862265,"path_taken":["M","$","?","M","?","E","M","E","T","R","$","M","R","M","R","BOSS","M","?","?","?","?","M","?","R","T","R","E","R","M"],"build_version":"2019-01-23","purchased_purges":2,"victory":false,"max_hp_per_floor":[71,71,71,71,71,71,71,71,71,71,71,71,71,71,71,71,71,71,71,71,71,71,71,71,71,71,71,71,71,71],"card_choices":[{"not_picked":["Steam","Leap"],"picked":"Cold Snap","floor":1},{"not_picked":["Gash","Redo","Rebound"],"picked":"SKIP","floor":4},{"not_picked":["Leap","Hello World"],"picked":"Ball Lightning","floor":6},{"not_picked":["Compile Driver","Beam Cell"],"picked":"Sunder","floor":7},{"not_picked":["Melter","Fusion"],"picked":"Hologram","floor":8},{"not_picked":["Lockon","Steam"],"picked":"All For One","floor":12},{"not_picked":["Fusion","Cold Snap"],"picked":"Coolheaded","floor":14},{"not_picked":["Fission","Thunder Strike"],"picked":"Electrodynamics","floor":16},{"not_picked":["Hologram","Compile Driver"],"picked":"Skim","floor":18},{"not_picked":["Chill","Coolheaded"],"picked":"Loop","floor":23},{"not_picked":["Tempest","Sunder"],"picked":"Turbo","floor":28}],"player_experience":1137622,"relics_obtained":[{"floor":6,"key":"Shovel"},{"floor":8,"key":"Girya"},{"floor":9,"key":"Incense Burner"},{"floor":28,"key":"Bag of Marbles"}],"event_choices":[{"cards_removed":["Strike_B"],"damage_healed":0,"gold_gain":0,"player_choice":"Card Removal","damage_taken":7,"max_hp_gain":0,"max_hp_loss":0,"event_name":"Golden Wing","floor":3,"gold_loss":0},{"damage_healed":0,"gold_gain":0,"player_choice":"Ignored","damage_taken":0,"max_hp_gain":0,"max_hp_loss":0,"event_name":"Liars Game","floor":5,"gold_loss":0},{"damage_healed":0,"gold_gain":0,"player_choice":"Read","damage_taken":0,"max_hp_gain":0,"max_hp_loss":0,"event_name":"The Library","floor":19,"gold_loss":0,"cards_obtained":["Turbo"]},{"damage_healed":0,"gold_gain":50,"player_choice":"Stole From Cult","damage_taken":0,"max_hp_gain":0,"max_hp_loss":0,"event_name":"Nest","floor":20,"gold_loss":0},{"damage_healed":0,"gold_gain":0,"player_choice":"Obtained Relic","damage_taken":0,"relics_obtained":["Orichalcum"],"max_hp_gain":0,"max_hp_loss":0,"event_name":"Addict","floor":21,"gold_loss":85},{"damage_healed":0,"gold_gain":0,"player_choice":"Ignored","damage_taken":0,"max_hp_gain":0,"max_hp_loss":0,"event_name":"The Mausoleum","floor":22,"gold_loss":0}],"is_beta":false,"boss_relics":[{"not_picked":["Nuclear Battery","Eternal Feather"],"picked":"Inserter"}],"items_purged_floors":[2,24],"is_endless":false,"potions_floor_spawned":[7,8,12,14,23],"killed_by":"Snake Plant","ascension_level":15}