{"gold_per_floor":[10,10,10,10,20,51,51,65,65,85,85,140,160,171,171,242,242,256,256,256,270,195,195],"floor_reached":23,"playtime":1033,"items_purged":["Strike_B"],"score":482,"play_id":"d61c743d-7b1e-423a-9524-ea9b1902b51c","local_time":"20190614222023","is_ascension_mode":true,"campfire_choices":[{"data":"Recycle","floor":7.0,"key":"SMITH"},{"data":"Coolheaded","floor":11.0,"key":"SMITH"},{"data":"Darkness","floor":15.0,"key":"SMITH"}],"neow_cost":"NO_GOLD","seed_source_timestamp":46454215994004,"circlet_count":0,"master_deck":["AscendersBane","Strike_B","Defend_B","Defend_B","Defend_B","Defend_B+1","Zap","Dualcast","Go for the Eyes+1","Cold Snap","Recycle+1","Coolheaded+1","Darkness+1","Turbo","Self Repair","Hologram","Echo Form","Double Energy","Streamline"],"special_seed":0,"relics":["Cracked Core","Pocketwatch","Kunai","DataDisk","Runic Dome"],"potions_floor_usage":[23,23],"damage_taken":[{"damage":1.0,"enemies":"2 Louse","floor":1.0,"turns":3.0},{"damage":1.0,"enemies":"Small Slimes","floor":5.0,"turns":4.0},{"damage":8.0,"enemies":"Lagavulin","floor":6.0,"turns":10.0},{"damage":0.0,"enemies":"Jaw Worm","floor":8.0,"turns":5.0},{"damage":0.0,"enemies":"2 Fungi Beasts","floor":10.0,"turns":4.0},{"damage":15.0,"enemies":"3 Sentries","floor":12.0,"turns":8.0},{"damage":0.0,"enemies":"Large Slime","floor":13.0,"turns":5.0},{"damage":2.0,"enemies":"Blue Slaver","floor":14.0,"turns":4.0},{"damage":0.0,"enemies":"Hexaghost","floor":16.0,"turns":8.0},{"damage":34.0,"enemies":"Chosen","floor":18.0,"turns":8.0},{"damage":7.0,"enemies":"Colosseum Slavers","floor":20.0,"turns":4.0},{"damage":10.0,"enemies":"2 Thieves","floor":21.0,"turns":5.0},{"damage":48,"enemies":"Slavers","floor":23,"turns":3}],"seed_played":"1427431316158543842","potions_obtained":[{"floor":1.0,"key":"SkillPotion"},{"floor":8.0,"key":"Ancient Potion"},{"floor":12.0,"key":"Fire Potion"}],"is_trial":false,"path_per_floor":["M","?","?","$","M","E","R","M","T","M","R","?","M","M","R","B",null,"M","?","?","M","$","E"],"character_chosen":"DEFECT","items_purchased":[],"campfire_rested":0,"item_purchase_floors":[],"current_hp_per_floor":[63,42,42,42,41,33,33,33,33,33,33,18,18,23,23,30,61,41,41,48,45,45,0],"gold":195,"neow_bonus":"TRANSFORM_TWO_CARDS","is_prod":false,"is_daily":false,"chose_seed":false,"campfire_upgraded":3,"win_rate":0,"timestamp":1560518423,"path_taken":["M","?","?","?","M","E","R","M","T","M","R","?","M","M","R","BOSS","M","?","?","M","$","E"],"build_version":"2019-01-23","purchased_purges":1,"victory":false,"max_hp_per_floor":[71,71,71,71,71,71,71,71,71,71,71,71,71,71,71,71,71,71,71,71,71,71,71],"card_choices":[{"not_picked":["FTL","Sweeping Beam"],"picked":"Cold Snap","floor":1.0},{"not_picked":["Fusion","Leap"],"picked":"Coolheaded","floor":5.0},{"not_picked":["Rebound","Gash"],"picked":"Darkness","floor":6.0},{"not_picked":["Cold Snap","Ball Lightning","Go for the Eyes"],"picked":"SKIP","floor":8.0},{"not_picked":["Reprogram","Compile Driver","Beam Cell"],"picked":"SKIP","floor":10.0},{"not_picked":["Heatsinks","Consume"],"picked":"Turbo","floor":12.0},{"not_picked":["Coolheaded","Turbo"],"picked":"Self Repair","floor":13.0},{"not_picked":["Rebound","Chill"],"picked":"Hologram","floor":14.0},{"not_picked":["Reboot","All For One"],"picked":"Echo Form","floor":16.0},{"not_picked":["Force Field","Rebound"],"picked":"Double Energy","floor":18.0},{"not_picked":["Gash","Leap"],"picked":"Streamline","floor":21.0}],"player_experience":597553,"relics_obtained":[{"floor":6.0,"key":"Pocketwatch"},{"floor":9.0,"key":"Kunai"}],"event_choices":[{"damage_healed":0.0,"max_hp_gain":0.0,"max_hp_loss":0.0,"gold_gain":0.0,"event_name":"Shining Light","player_choice":"Entered Light","floor":2.0,"gold_loss":0.0,"damage_taken":21.0,"cards_upgraded":["Go for the Eyes","Defend_B"]},{"damage_healed":0.0,"max_hp_gain":0.0,"max_hp_loss":0.0,"gold_gain":0.0,"cards_transformed":["Static Discharge"],"event_name":"Living Wall","player_choice":"Change","floor":3.0,"gold_loss":0.0,"damage_taken":0.0,"cards_obtained":["Recycle"]},{"damage_healed":0.0,"max_hp_gain":0.0,"max_hp_loss":0.0,"gold_gain":0.0,"event_name":"Dead Adventurer","player_choice":"Searched \u00273\u0027 times","floor":12.0,"gold_loss":0.0,"damage_taken":0.0,"relics_obtained":["DataDisk"]},{"damage_healed":0.0,"max_hp_gain":0.0,"max_hp_loss":0.0,"gold_gain":0.0,"event_name":"Cursed Tome","player_choice":"Ignored","floor":19.0,"gold_loss":0.0,"damage_taken":0.0},{"damage_healed":0.0,"max_hp_gain":0.0,"max_hp_loss":0.0,"gold_gain":0.0,"event_name":"Colosseum","player_choice":"Fight","floor":20.0,"gold_loss":0.0,"damage_taken":0.0},{"damage_healed":0.0,"max_hp_gain":0.0,"max_hp_loss":0.0,"gold_gain":0.0,"event_name":"Colosseum","player_choice":"Fled From Nobs","floor":20.0,"gold_loss":0.0,"damage_taken":0.0}],"is_beta":false,"boss_relics":[{"not_picked":["Velvet Choker","Orrery"],"picked":"Runic Dome"}],"items_purged_floors":[22],"is_endless":false,"potions_floor_spawned":[1,8,12,14,18,20],"killed_by":"Slavers","ascension_level":20}