{"gold_per_floor":[118,118,393,406,331,343,343,356,386,7,78,78,94,110,110,181,181,153,171,61,77,96,144,168,180],"floor_reached":25,"playtime":701,"items_purged":["Strike_B"],"score":390,"play_id":"a7a0351b-b3d4-433b-a1e9-11cb18e6eec1","local_time":"20190227025145","is_ascension_mode":true,"campfire_choices":[{"data":"Coolheaded","floor":12.0,"key":"SMITH"},{"data":"Coolheaded","floor":15.0,"key":"SMITH"}],"neow_cost":"NONE","seed_source_timestamp":802252740082261,"circlet_count":0,"master_deck":["AscendersBane","Defend_B","Defend_B","Defend_B+1","Zap","Dualcast","Loop","Hologram","Gash","Coolheaded+1","Coolheaded+1","Self Repair","Ball Lightning","Undo","Buffer","Consume+1","Reprogram+1","Lockon+1","Go for the Eyes","Compile Driver+1","Heatsinks+1","Cold Snap"],"special_seed":0,"relics":["Cracked Core","NeowsBlessing","Shuriken","Tiny Chest","DataDisk","Meat on the Bone","Astrolabe","MawBank"],"potions_floor_usage":[],"damage_taken":[{"damage":0.0,"enemies":"Jaw Worm","floor":1.0,"turns":1.0},{"damage":0.0,"enemies":"Cultist","floor":4.0,"turns":1.0},{"damage":0.0,"enemies":"Small Slimes","floor":6.0,"turns":1.0},{"damage":8.0,"enemies":"Looter","floor":8.0,"turns":4.0},{"damage":3.0,"enemies":"Blue Slaver","floor":13.0,"turns":4.0},{"damage":19.0,"enemies":"Lots of Slimes","floor":14.0,"turns":5.0},{"damage":47.0,"enemies":"The Guardian","floor":16.0,"turns":14.0},{"damage":25,"enemies":"2 Thieves","floor":18,"turns":4},{"damage":17,"enemies":"Spheric Guardian","floor":19,"turns":6},{"damage":0,"enemies":"Snecko","floor":21,"turns":5},{"damage":34,"enemies":"Centurion and Healer","floor":22,"turns":11},{"damage":0,"enemies":"Gremlin Leader","floor":25,"turns":1}],"seed_played":"5636043548331685698","potions_obtained":[{"floor":4.0,"key":"Ancient Potion"},{"floor":14.0,"key":"SteroidPotion"}],"is_trial":false,"path_per_floor":["M","?","?","M","?","M","?","M","T","$","T","R","M","M","R","B",null,"M","M","?","M","M","T","T","E"],"character_chosen":"DEFECT","items_purchased":["DataDisk","Coolheaded","Self Repair"],"campfire_rested":0,"item_purchase_floors":[10,10,10],"current_hp_per_floor":[64,38,38,38,38,38,43,35,35,35,35,35,51,51,51,23,63,50,52,52,59,44,44,44,44],"gold":180,"neow_bonus":"THREE_ENEMY_KILL","is_prod":false,"is_daily":false,"chose_seed":false,"campfire_upgraded":2,"win_rate":0,"timestamp":1551207105,"path_taken":["M","?","?","?","?","M","?","M","T","$","?","R","M","M","R","BOSS","M","M","?","M","?","?","?","E"],"build_version":"2019-01-23","purchased_purges":1,"victory":false,"max_hp_per_floor":[71,71,71,71,71,71,76,76,76,76,76,76,76,76,76,76,76,76,76,76,76,76,76,76,76],"card_choices":[{"not_picked":["Sweeping Beam","Rebound"],"picked":"Loop","floor":1.0},{"not_picked":["Auto Shields","Steam"],"picked":"Hologram","floor":4.0},{"not_picked":["Darkness","Chill"],"picked":"Gash","floor":6.0},{"not_picked":["Auto Shields","Static Discharge"],"picked":"Coolheaded","floor":8.0},{"not_picked":["Sweeping Beam","Steam"],"picked":"Ball Lightning","floor":13.0},{"not_picked":["Conserve Battery","Steam"],"picked":"Undo","floor":14.0},{"not_picked":["Thunder Strike","Creative AI"],"picked":"Buffer","floor":16.0},{"not_picked":["Compile Driver","Ball Lightning"],"picked":"Go for the Eyes","floor":18},{"not_picked":["Stack","Go for the Eyes"],"picked":"Compile Driver+1","floor":19},{"not_picked":["Redo","Sweeping Beam"],"picked":"Heatsinks+1","floor":21},{"not_picked":["Go for the Eyes","Hyperbeam"],"picked":"Cold Snap","floor":22}],"player_experience":1020684,"relics_obtained":[{"floor":9.0,"key":"Tiny Chest"},{"floor":11.0,"key":"Meat on the Bone"},{"floor":24,"key":"MawBank"}],"event_choices":[{"damage_healed":0.0,"max_hp_gain":0.0,"max_hp_loss":0.0,"gold_gain":0.0,"event_name":"Scrap Ooze","player_choice":"Success","floor":2.0,"gold_loss":0.0,"damage_taken":26.0,"relics_obtained":["Shuriken"]},{"damage_healed":0.0,"max_hp_gain":0.0,"max_hp_loss":0.0,"gold_gain":275.0,"event_name":"Golden Shrine","player_choice":"Desecrate","floor":3.0,"gold_loss":0.0,"damage_taken":0.0,"cards_obtained":["Regret"]},{"cards_removed":["Regret"],"damage_healed":0.0,"max_hp_gain":0.0,"max_hp_loss":0.0,"gold_gain":0.0,"event_name":"The Cleric","player_choice":"Card Removal","floor":5.0,"gold_loss":75.0,"damage_taken":0.0},{"damage_healed":0.0,"max_hp_gain":5.0,"max_hp_loss":0.0,"gold_gain":0.0,"event_name":"Big Fish","player_choice":"Donut","floor":7.0,"gold_loss":0.0,"damage_taken":0.0},{"cards_removed":["Defend_B"],"damage_healed":0,"gold_gain":0,"player_choice":"Upgrade and Remove","damage_taken":0,"max_hp_gain":0,"max_hp_loss":0,"event_name":"Designer","floor":20,"gold_loss":110,"cards_upgraded":["Defend_B"]}],"is_beta":false,"boss_relics":[{"not_picked":["Black Star","Snecko Eye"],"picked":"Astrolabe"}],"items_purged_floors":[10],"is_endless":false,"potions_floor_spawned":[4,14,16,19,22],"killed_by":"Gremlin Leader","ascension_level":20}