{"gold_per_floor":[116,116,29,29,43,84,84,100,100,100,113,149,149,164,164,258,258,279,303,228,228,241,241,274,274,301,301,301,314,334,354,354,445,445,461,480,495,215,215,256,268,23,47,80,95,136,136,151,151,151,151,151,151,66,106,106],"floor_reached":57,"playtime":3709,"items_purged":["Strike_G","Strike_G"],"score":3029,"play_id":"3ce8565a-7672-4b97-82b5-efeff4c51298","local_time":"20190309133544","is_ascension_mode":true,"campfire_choices":[{"data":"Well Laid Plans","floor":7.0,"key":"SMITH"},{"data":"Neutralize","floor":10.0,"key":"SMITH"},{"data":"Leg Sweep","floor":13.0,"key":"SMITH"},{"data":"Defend_G","floor":15.0,"key":"SMITH"},{"data":"Blade Dance","floor":23.0,"key":"SMITH"},{"data":"Catalyst","floor":25.0,"key":"SMITH"},{"data":"Malaise","floor":27.0,"key":"SMITH"},{"floor":32.0,"key":"RECALL"},{"data":"Expertise","floor":41.0,"key":"SMITH"},{"data":"Footwork","floor":47.0,"key":"SMITH"},{"data":"Backflip","floor":49.0,"key":"SMITH"},{"data":"Corpse Explosion","floor":53.0,"key":"SMITH"}],"neow_cost":"NONE","seed_source_timestamp":1520452866261,"circlet_count":0,"master_deck":["AscendersBane","Defend_G+1","Defend_G","Defend_G","Defend_G","Defend_G+1","Survivor+1","Neutralize+1","Leg Sweep+1","Well Laid Plans+1","Die Die Die","Infinite Blades","Infinite Blades","Malaise+1","Blade Dance+1","Backstab+1","Infinite Blades","Poisoned Stab+1","Catalyst+1","Storm of Steel","Backflip+1","After Image","Venomology+1","Dagger Throw+1","Tactician+1","Backflip+1","Expertise+1","Footwork+1","Backflip+1","Adrenaline","Leg Sweep+1","Corpse Explosion+1","Footwork+1","Tools of the Trade","Adrenaline","Concentrate","Deflect+1"],"special_seed":0,"relics":["Ring of the Snake","NeowsBlessing","Golden Idol","Gremlin Horn","Shuriken","Ice Cream","Coffee Dripper","Red Mask","Astrolabe","MawBank","Happy Flower","Pear","Oddly Smooth Stone","Centennial Puzzle"],"potions_floor_usage":[55,56,56],"damage_taken":[{"damage":0.0,"enemies":"2 Louse","floor":1.0,"turns":1.0},{"damage":0.0,"enemies":"Jaw Worm","floor":5.0,"turns":1.0},{"damage":0.0,"enemies":"3 Sentries","floor":6.0,"turns":2.0},{"damage":0.0,"enemies":"Small Slimes","floor":8.0,"turns":4.0},{"damage":2.0,"enemies":"Exordium Thugs","floor":11.0,"turns":4.0},{"damage":6.0,"enemies":"Lagavulin","floor":12.0,"turns":10.0},{"damage":0.0,"enemies":"Blue Slaver","floor":14.0,"turns":5.0},{"damage":19.0,"enemies":"The Guardian","floor":16.0,"turns":11.0},{"damage":0.0,"enemies":"Chosen","floor":18.0,"turns":6.0},{"damage":2.0,"enemies":"2 Thieves","floor":19.0,"turns":4.0},{"damage":7.0,"enemies":"Chosen and Byrds","floor":22.0,"turns":7.0},{"damage":0.0,"enemies":"Masked Bandits","floor":24.0,"turns":3.0},{"damage":3.0,"enemies":"Snecko","floor":29.0,"turns":6.0},{"damage":14.0,"enemies":"Cultist and Chosen","floor":30.0,"turns":7.0},{"damage":11.0,"enemies":"Sentry and Sphere","floor":31.0,"turns":5.0},{"damage":9.0,"enemies":"Champ","floor":33.0,"turns":11.0},{"damage":0.0,"enemies":"3 Shapes","floor":35.0,"turns":6.0},{"damage":2.0,"enemies":"Orb Walker","floor":36.0,"turns":4.0},{"damage":0.0,"enemies":"4 Shapes","floor":37.0,"turns":5.0},{"damage":0.0,"enemies":"Nemesis","floor":40.0,"turns":7.0},{"damage":0.0,"enemies":"Reptomancer","floor":44.0,"turns":6.0},{"damage":3.0,"enemies":"3 Darklings","floor":45.0,"turns":6.0},{"damage":1.0,"enemies":"Giant Head","floor":46.0,"turns":8.0},{"damage":0.0,"enemies":"Transient","floor":48.0,"turns":6.0},{"damage":1.0,"enemies":"Awakened One","floor":50.0,"turns":13.0},{"damage":0.0,"enemies":"Donu and Deca","floor":51.0,"turns":9.0},{"damage":12,"enemies":"Shield and Spear","floor":55,"turns":7},{"damage":0,"enemies":"The Heart","floor":56,"turns":13}],"seed_played":"-3519789051973255032","potions_obtained":[{"floor":1.0,"key":"LiquidBronze"},{"floor":5.0,"key":"Strength Potion"},{"floor":16.0,"key":"AttackPotion"},{"floor":19.0,"key":"FearPotion"},{"floor":22.0,"key":"Block Potion"},{"floor":30.0,"key":"SkillPotion"},{"floor":31.0,"key":"Block Potion"},{"floor":37.0,"key":"SkillPotion"},{"floor":40.0,"key":"LiquidBronze"},{"floor":46.0,"key":"GhostInAJar"}],"is_trial":false,"path_per_floor":["M","?","$","?","M","E","R","M","T","R","M","E","R","M","R","B",null,"M","M","$","?","M","R","?","R","T","R","?","M","M","M","R","B",null,"M","M","M","$","?","E","R","$","T","E","M","E","R","M","R","B","B",null,"R","$","E","B",null],"character_chosen":"THE_SILENT","items_purchased":["Well Laid Plans","Backflip","Adrenaline","Corpse Explosion","GhostInAJar","Concentrate"],"campfire_rested":0,"item_purchase_floors":[3,38,38,42,42,54],"current_hp_per_floor":[59,39,39,39,39,39,39,39,39,39,37,31,31,31,31,12,48,48,46,46,46,39,39,39,39,39,39,39,36,22,11,11,2,46,46,44,44,44,44,44,44,44,44,54,51,50,50,50,50,49,49,65,65,65,53,53],"gold":106,"neow_bonus":"THREE_ENEMY_KILL","is_prod":false,"is_daily":false,"chose_seed":false,"campfire_upgraded":11,"win_rate":0,"timestamp":1552109744,"path_taken":["M","?","$","?","M","E","R","M","T","R","M","E","R","M","R","BOSS","M","M","$","?","M","R","?","R","T","R","?","M","M","M","R","BOSS","M","M","M","$","?","E","R","?","T","E","M","E","R","M","R","BOSS","BOSS","R","$","E","BOSS"],"build_version":"2019-01-23","purchased_purges":2,"victory":true,"max_hp_per_floor":[66,66,66,60,60,60,60,60,60,60,60,60,60,60,60,60,60,60,60,60,60,60,60,60,60,60,60,60,60,60,60,60,60,60,60,60,60,60,60,60,60,60,60,70,70,70,70,70,70,70,70,70,70,70,70,70],"card_choices":[{"not_picked":["Poisoned Stab","Outmaneuver"],"picked":"Leg Sweep","floor":1.0},{"not_picked":["Cloak And Dagger","Blade Dance","Dagger Spray"],"picked":"SKIP","floor":5.0},{"not_picked":["Skewer","Dagger Spray"],"picked":"Die Die Die","floor":6.0},{"not_picked":["Prepared","Skewer"],"picked":"Infinite Blades","floor":8.0},{"not_picked":["Flying Knee","Skewer","Deadly Poison"],"picked":"SKIP","floor":11.0},{"not_picked":["Flying Knee","Skewer","Deadly Poison"],"picked":"SKIP","floor":11.0},{"not_picked":["Accuracy","Sucker Punch","Dagger Throw"],"picked":"SKIP","floor":12.0},{"not_picked":["Caltrops","Blur"],"picked":"Infinite Blades","floor":14.0},{"not_picked":["Burst","Wraith Form v2"],"picked":"Malaise","floor":16.0},{"not_picked":["Flying Knee+1","All Out Attack"],"picked":"Blade Dance","floor":18.0},{"not_picked":["Dodge and Roll","Distraction"],"picked":"Backstab+1","floor":19.0},{"not_picked":["Sucker Punch","Quick Slash"],"picked":"Poisoned Stab+1","floor":22.0},{"not_picked":["Dagger Throw","Blade Dance"],"picked":"Catalyst","floor":24.0},{"not_picked":["Bane","Leg Sweep"],"picked":"Storm of Steel","floor":29.0},{"not_picked":["Endless Agony","Reflex","Dodge and Roll"],"picked":"SKIP","floor":30.0},{"not_picked":["PiercingWail","Tactician"],"picked":"Backflip+1","floor":31.0},{"not_picked":["Glass Knife","Burst"],"picked":"After Image","floor":33.0},{"not_picked":["Flying Knee","Cloak And Dagger"],"picked":"Backflip+1","floor":35.0},{"not_picked":["Prepared","Caltrops"],"picked":"Expertise","floor":36.0},{"not_picked":["Reflex","Outmaneuver"],"picked":"Footwork","floor":37.0},{"not_picked":["Prepared","PiercingWail"],"picked":"Leg Sweep+1","floor":40.0},{"not_picked":["Dagger Spray","All Out Attack+1"],"picked":"Footwork","floor":44.0},{"not_picked":["Bane","Prepared+1"],"picked":"Tools of the Trade","floor":45.0},{"not_picked":["Deadly Poison","Expertise"],"picked":"Adrenaline","floor":46.0},{"not_picked":["Poisoned Stab","Dagger Throw","Flying Knee"],"picked":"SKIP","floor":48.0},{"not_picked":["Accuracy+1","Masterful Stab"],"picked":"Deflect+1","floor":55}],"player_experience":3425978,"relics_obtained":[{"floor":6.0,"key":"Gremlin Horn"},{"floor":9.0,"key":"Shuriken"},{"floor":12.0,"key":"Ice Cream"},{"floor":24.0,"key":"Red Mask"},{"floor":40.0,"key":"MawBank"},{"floor":43.0,"key":"Happy Flower"},{"floor":44.0,"key":"Pear"},{"floor":46.0,"key":"Oddly Smooth Stone"},{"floor":55,"key":"Centennial Puzzle"}],"event_choices":[{"damage_healed":0.0,"max_hp_gain":0.0,"max_hp_loss":0.0,"gold_gain":0.0,"event_name":"Shining Light","player_choice":"Entered Light","floor":2.0,"gold_loss":0.0,"damage_taken":20.0,"cards_upgraded":["Survivor","Defend_G"]},{"damage_healed":0.0,"max_hp_gain":0.0,"max_hp_loss":6.0,"gold_gain":0.0,"event_name":"Golden Idol","player_choice":"Lose Max HP","floor":4.0,"gold_loss":0.0,"damage_taken":0.0,"relics_obtained":["Golden Idol"]},{"damage_healed":0.0,"max_hp_gain":0.0,"max_hp_loss":0.0,"gold_gain":0.0,"event_name":"The Library","player_choice":"Read","floor":21.0,"gold_loss":0.0,"damage_taken":0.0,"cards_obtained":["Infinite Blades"]},{"damage_healed":0.0,"max_hp_gain":0.0,"max_hp_loss":0.0,"gold_gain":0.0,"event_name":"Masked Bandits","player_choice":"Fought Bandits","floor":24.0,"gold_loss":0.0,"damage_taken":0.0},{"damage_healed":0.0,"max_hp_gain":0.0,"max_hp_loss":0.0,"gold_gain":0.0,"event_name":"N\u0027loth","player_choice":"Ignored","floor":28.0,"gold_loss":0.0,"damage_taken":0.0},{"damage_healed":0.0,"max_hp_gain":0.0,"max_hp_loss":0.0,"gold_gain":0.0,"event_name":"Accursed Blacksmith","player_choice":"Forge","floor":39.0,"gold_loss":0.0,"damage_taken":0.0,"cards_upgraded":["Footwork"]}],"is_beta":false,"boss_relics":[{"not_picked":["Sozu","HoveringKite"],"picked":"Coffee Dripper"},{"not_picked":["Velvet Choker","White Beast Statue"],"picked":"Astrolabe"}],"items_purged_floors":[20,38],"is_endless":false,"potions_floor_spawned":[1,5,16,19,22,30,31,37,40,46,55],"ascension_level":20}