{"gold_per_floor":[17,17,17,36,36,36,56,92,143,143,143,177,177,192,192,287,287,305,8,33,33,83,83,127,127,152,171,192,192,154,175,175,273,273,297,322,165,181,195,195,231,255,255,255,288,157,171,190,190,190,190,190,190,7,46,46],"floor_reached":56,"playtime":5972,"items_purged":["Zap","Reprogram","Coolheaded","Hologram"],"score":2174,"play_id":"4b511fb1-bfc8-4785-add9-53a7b782a7a8","local_time":"20190110204714","is_ascension_mode":true,"campfire_choices":[{"data":"Dualcast","floor":6.0,"key":"SMITH"},{"floor":11.0,"key":"REST"},{"data":"Coolheaded","floor":13.0,"key":"SMITH"},{"data":"Coolheaded","floor":15.0,"key":"SMITH"},{"data":"Fission","floor":23.0,"key":"SMITH"},{"data":"Loop","floor":32.0,"key":"SMITH"},{"data":"Buffer","floor":40.0,"key":"SMITH"},{"data":"Capacitor","floor":44.0,"key":"SMITH"},{"floor":49.0,"key":"RECALL"},{"data":"Multi-Cast","floor":53.0,"key":"SMITH"}],"neow_cost":"NO_GOLD","seed_source_timestamp":25155168083977,"circlet_count":0,"master_deck":["AscendersBane","Dualcast+1","Electrodynamics+1","Coolheaded+1","Glacier+1","Defragment+1","Chill","Coolheaded+1","Echo Form","Capacitor+1","BootSequence","Multi-Cast+1","Fission+1","Doom and Gloom","Loop+1","Go for the Eyes","Redo+1","Undo+1","Buffer+1","Hologram","Undo+1","Coolheaded+1","Capacitor"],"special_seed":0,"relics":["Golden Idol","Orichalcum","Ornamental Fan","Pandora\u0027s Box","Membership Card","Happy Flower","Anchor","Boot","Nloth\u0027s Gift","Cursed Key","ClockworkSouvenir","Bag of Marbles","Omamori","War Paint","Unceasing Top"],"potions_floor_usage":[56],"damage_taken":[{"damage":7.0,"enemies":"Jaw Worm","floor":1.0,"turns":3.0},{"damage":6.0,"enemies":"Small Slimes","floor":4.0,"turns":3.0},{"damage":0.0,"enemies":"Cultist","floor":7.0,"turns":2.0},{"damage":15.0,"enemies":"3 Sentries","floor":8.0,"turns":3.0},{"damage":15.0,"enemies":"Lagavulin","floor":12.0,"turns":4.0},{"damage":6.0,"enemies":"Exordium Wildlife","floor":14.0,"turns":6.0},{"damage":6.0,"enemies":"The Guardian","floor":16.0,"turns":17.0},{"damage":8.0,"enemies":"3 Byrds","floor":18.0,"turns":3.0},{"damage":9.0,"enemies":"Shell Parasite","floor":20.0,"turns":6.0},{"damage":25.0,"enemies":"Book of Stabbing","floor":24.0,"turns":5.0},{"damage":0.0,"enemies":"Centurion and Healer","floor":27.0,"turns":7.0},{"damage":1.0,"enemies":"Sentry and Sphere","floor":28.0,"turns":4.0},{"damage":0.0,"enemies":"Shelled Parasite and Fungi","floor":31.0,"turns":10.0},{"damage":0.0,"enemies":"Automaton","floor":33.0,"turns":10.0},{"damage":0.0,"enemies":"Orb Walker","floor":35.0,"turns":7.0},{"damage":0.0,"enemies":"3 Darklings","floor":36.0,"turns":4.0},{"damage":20.0,"enemies":"Transient","floor":38.0,"turns":6.0},{"damage":0.0,"enemies":"Writhing Mass","floor":39.0,"turns":7.0},{"damage":0.0,"enemies":"Giant Head","floor":41.0,"turns":11.0},{"damage":0.0,"enemies":"Maw","floor":42.0,"turns":9.0},{"damage":0.0,"enemies":"Reptomancer","floor":45.0,"turns":6.0},{"damage":0.0,"enemies":"Sphere and 2 Shapes","floor":47.0,"turns":5.0},{"damage":0.0,"enemies":"Spire Growth","floor":48.0,"turns":6.0},{"damage":3.0,"enemies":"Donu and Deca","floor":50.0,"turns":18.0},{"damage":0.0,"enemies":"Awakened One","floor":51.0,"turns":19.0},{"damage":6.0,"enemies":"Shield and Spear","floor":55.0,"turns":9.0},{"damage":58,"enemies":"The Heart","floor":56,"turns":11}],"seed_played":"6090407835757121984","potions_obtained":[{"floor":7.0,"key":"PowerPotion"},{"floor":8.0,"key":"AttackPotion"},{"floor":14.0,"key":"Energy Potion"},{"floor":18.0,"key":"FearPotion"},{"floor":36.0,"key":"Energy Potion"},{"floor":47.0,"key":"FocusPotion"}],"is_trial":false,"path_per_floor":["M","?","?","M","?","R","M","E","T","?","R","E","R","M","R","B",null,"M","$","M","?","?","R","E","?","T","M","M","?","$","M","R","B",null,"M","M","$","M","M","R","E","M","T","R","E","$","M","M","R","B","B",null,"R","$","E","B"],"character_chosen":"DEFECT","items_purchased":["Membership Card","Happy Flower","ClockworkSouvenir","Block Potion","FocusPotion","War Paint","SkillPotion"],"campfire_rested":1,"item_purchase_floors":[19,19,37,46,46,54,54],"current_hp_per_floor":[57,36,41,35,35,35,35,20,20,20,40,25,25,19,19,13,55,47,47,38,38,38,38,13,13,13,13,12,12,12,12,12,12,55,55,55,55,35,35,35,35,35,35,35,35,35,35,35,35,32,32,60,60,60,54,0],"gold":46,"neow_bonus":"THREE_RARE_CARDS","is_prod":false,"is_daily":false,"chose_seed":false,"campfire_upgraded":8,"win_rate":0,"timestamp":1547124434,"path_taken":["M","?","?","M","?","R","M","E","T","?","R","E","R","?","R","BOSS","M","$","M","?","?","R","E","?","T","?","M","?","$","?","R","BOSS","M","M","$","M","M","R","E","M","T","R","E","$","M","?","R","BOSS","BOSS","R","$","E","BOSS"],"build_version":"2019-01-03v4","purchased_purges":4,"victory":false,"max_hp_per_floor":[71,71,76,76,69,69,69,69,69,69,69,69,69,69,69,69,69,69,69,69,69,69,69,69,69,69,69,69,69,69,69,69,69,69,69,69,69,69,69,69,69,69,69,69,69,69,69,69,69,69,69,69,69,69,69,69],"card_choices":[{"not_picked":["Hyperbeam","Multi-Cast"],"picked":"Electrodynamics","floor":0.0},{"not_picked":["Force Field","Compile Driver"],"picked":"Coolheaded","floor":1.0},{"not_picked":["Heatsinks","White Noise"],"picked":"Glacier","floor":4.0},{"not_picked":["Steam Power","Streamline","Skim"],"picked":"SKIP","floor":7.0},{"not_picked":["Meteor Strike","Steam"],"picked":"Defragment","floor":8.0},{"not_picked":["Rebound","Gash"],"picked":"Chill","floor":12.0},{"not_picked":["Go for the Eyes","Conserve Battery"],"picked":"Coolheaded","floor":14.0},{"not_picked":["Fission","Creative AI"],"picked":"Echo Form","floor":16.0},{"not_picked":["Rip and Tear","Hello World"],"picked":"Go for the Eyes","floor":18.0},{"not_picked":["White Noise","Cold Snap"],"picked":"Redo+1","floor":20.0},{"not_picked":["Go for the Eyes","Scrape+1"],"picked":"Coolheaded","floor":24.0},{"not_picked":["Gash","Melter"],"picked":"Hologram","floor":27.0},{"not_picked":["Stack","Redo"],"picked":"Undo+1","floor":28.0},{"not_picked":["Hello World","Sweeping Beam","Go for the Eyes"],"picked":"SKIP","floor":31.0},{"not_picked":["Echo Form","Electrodynamics"],"picked":"Buffer","floor":33.0},{"not_picked":["Hello World","Gash"],"picked":"Hologram","floor":35.0},{"not_picked":["Rebound","Conserve Battery","Redo+1"],"picked":"SKIP","floor":36.0},{"not_picked":["Hologram+1","Rainbow"],"picked":"Undo","floor":38.0},{"not_picked":["Cold Snap","Tempest","Auto Shields"],"picked":"SKIP","floor":39.0},{"not_picked":["Double Energy","Doom and Gloom+1","Coolheaded"],"picked":"SKIP","floor":41.0},{"not_picked":["Stack+1","Conserve Battery","Turbo"],"picked":"SKIP","floor":42.0},{"not_picked":["Barrage","Sweeping Beam","Compile Driver"],"picked":"SKIP","floor":45.0},{"not_picked":["Storm","Conserve Battery","Streamline"],"picked":"SKIP","floor":47.0},{"not_picked":["Chill","Aggregate"],"picked":"Coolheaded+1","floor":48.0},{"not_picked":["Streamline","Gash"],"picked":"Capacitor","floor":55.0}],"player_experience":1919724,"relics_obtained":[{"floor":8.0,"key":"Orichalcum"},{"floor":12.0,"key":"Ornamental Fan"},{"floor":24.0,"key":"Anchor"},{"floor":26.0,"key":"Boot"},{"floor":41.0,"key":"Bag of Marbles"},{"floor":45.0,"key":"Omamori"},{"floor":55.0,"key":"Unceasing Top"}],"event_choices":[{"damage_healed":0.0,"max_hp_gain":0.0,"max_hp_loss":0.0,"gold_gain":0.0,"event_name":"Shining Light","player_choice":"Entered Light","floor":2.0,"gold_loss":0.0,"damage_taken":21.0,"cards_upgraded":["Electrodynamics","Strike_B"]},{"damage_healed":0.0,"max_hp_gain":5.0,"max_hp_loss":0.0,"gold_gain":0.0,"event_name":"Big Fish","player_choice":"Donut","floor":3.0,"gold_loss":0.0,"damage_taken":0.0},{"damage_healed":0.0,"max_hp_gain":0.0,"max_hp_loss":7.0,"gold_gain":0.0,"event_name":"Golden Idol","player_choice":"Lose Max HP","floor":5.0,"gold_loss":0.0,"damage_taken":0.0,"relics_obtained":["Golden Idol"]},{"damage_healed":0.0,"max_hp_gain":0.0,"max_hp_loss":0.0,"gold_gain":0.0,"event_name":"Upgrade Shrine","player_choice":"Upgraded","floor":10.0,"gold_loss":0.0,"damage_taken":0.0,"cards_upgraded":["Defragment"]},{"damage_healed":0.0,"max_hp_gain":0.0,"max_hp_loss":0.0,"gold_gain":0.0,"event_name":"Cursed Tome","player_choice":"Ignored","floor":21.0,"gold_loss":0.0,"damage_taken":0.0},{"damage_healed":0.0,"max_hp_gain":0.0,"max_hp_loss":0.0,"gold_gain":50.0,"event_name":"Nest","player_choice":"Stole From Cult","floor":22.0,"gold_loss":0.0,"damage_taken":0.0},{"cards_removed":["Sweeping Beam"],"damage_healed":0.0,"max_hp_gain":0.0,"max_hp_loss":0.0,"gold_gain":0.0,"event_name":"Purifier","player_choice":"Purged","floor":25.0,"gold_loss":0.0,"damage_taken":0.0},{"damage_healed":0.0,"max_hp_gain":0.0,"max_hp_loss":0.0,"gold_gain":0.0,"event_name":"N\u0027loth","player_choice":"Traded Relic","floor":29.0,"relics_lost":["Cracked Core"],"gold_loss":0.0,"damage_taken":0.0,"relics_obtained":["Nloth\u0027s Gift"]}],"is_beta":false,"boss_relics":[{"not_picked":["Sozu","Lizard Tail"],"picked":"Pandora\u0027s Box"},{"not_picked":["Philosopher\u0027s Stone","Tiny House"],"picked":"Cursed Key"}],"items_purged_floors":[30,37,46,54],"is_endless":false,"potions_floor_spawned":[7,8,14,18,20,36,39,42,47,48],"killed_by":"The Heart","ascension_level":20}