{"gold_per_floor":[10,29,45,45,56,89,118,118,144,144,172,182,182,193,193,193],"floor_reached":16,"playtime":790,"items_purged":[],"score":224,"play_id":"831607f7-66cf-4abf-a788-fae85a961ec0","local_time":"20190213210149","is_ascension_mode":true,"campfire_choices":[{"floor":8.0,"key":"REST"},{"data":"Footwork","floor":10.0,"key":"SMITH"},{"floor":15.0,"key":"REST"}],"neow_cost":"NO_GOLD","seed_source_timestamp":46261975613670,"circlet_count":0,"master_deck":["AscendersBane","Defend_G","Defend_G","Defend_G","Defend_G","Defend_G","Strike_G","Strike_G","Strike_G","Strike_G","Strike_G","Survivor","Neutralize","After Image","Backstab","Footwork+1","Dagger Throw","Pain","Backflip","Catalyst","Leg Sweep","Catalyst","Dagger Throw"],"special_seed":0,"relics":["Ring of the Snake","WarpedTongs","Regal Pillow","Odd Mushroom","Oddly Smooth Stone","Omamori","Boot"],"potions_floor_usage":[16],"damage_taken":[{"damage":0.0,"enemies":"Small Slimes","floor":1.0,"turns":4.0},{"damage":0.0,"enemies":"Cultist","floor":2.0,"turns":4.0},{"damage":5.0,"enemies":"Jaw Worm","floor":3.0,"turns":6.0},{"damage":1.0,"enemies":"Blue Slaver","floor":5.0,"turns":4.0},{"damage":26.0,"enemies":"Gremlin Nob","floor":6.0,"turns":4.0},{"damage":10.0,"enemies":"The Mushroom Lair","floor":7.0,"turns":9.0},{"damage":15.0,"enemies":"Lagavulin","floor":11.0,"turns":11.0},{"damage":4.0,"enemies":"3 Louse","floor":12.0,"turns":3.0},{"damage":13.0,"enemies":"Large Slime","floor":14.0,"turns":7.0},{"damage":21,"enemies":"Hexaghost","floor":16,"turns":10}],"seed_played":"7014113439184108525","potions_obtained":[{"floor":2.0,"key":"SteroidPotion"},{"floor":5.0,"key":"SpeedPotion"},{"floor":11.0,"key":"FearPotion"}],"is_trial":false,"path_per_floor":["M","M","M","?","M","E","?","R","T","R","E","M","?","M","R","B"],"character_chosen":"THE_SILENT","items_purchased":[],"campfire_rested":2,"item_purchase_floors":[],"current_hp_per_floor":[59,59,54,54,53,27,17,51,51,51,36,32,32,19,53,32],"gold":193,"neow_bonus":"THREE_RARE_CARDS","is_prod":false,"is_daily":false,"chose_seed":false,"campfire_upgraded":1,"win_rate":0,"timestamp":1550062909,"path_taken":["M","M","M","?","?","E","?","R","T","R","E","M","?","M","R","BOSS"],"build_version":"2019-01-23","purchased_purges":0,"victory":false,"max_hp_per_floor":[66,66,66,66,66,66,66,66,66,66,66,66,66,66,66,66],"card_choices":[{"not_picked":["Glass Knife","Die Die Die"],"picked":"After Image","floor":0.0},{"not_picked":["Blade Dance","Deflect"],"picked":"Backstab","floor":1.0},{"not_picked":["Prepared","Bane"],"picked":"Footwork","floor":2.0},{"not_picked":["Deflect","Flying Knee"],"picked":"Dagger Throw","floor":3.0},{"not_picked":["Outmaneuver","Deflect","Skewer"],"picked":"SKIP","floor":5.0},{"not_picked":["All Out Attack","Masterful Stab"],"picked":"Backflip","floor":6.0},{"not_picked":["Dodge and Roll","Slice"],"picked":"Catalyst","floor":7.0},{"not_picked":["Bane","Dodge and Roll"],"picked":"Leg Sweep","floor":11.0},{"not_picked":["Masterful Stab","Dagger Spray"],"picked":"Catalyst","floor":12.0},{"not_picked":["Bullet Time","Setup"],"picked":"Dagger Throw","floor":14.0}],"player_experience":2698139,"relics_obtained":[{"floor":6.0,"key":"Regal Pillow"},{"floor":7.0,"key":"Odd Mushroom"},{"floor":9.0,"key":"Oddly Smooth Stone"},{"floor":11.0,"key":"Omamori"}],"event_choices":[{"damage_healed":0.0,"max_hp_gain":0.0,"max_hp_loss":0.0,"gold_gain":0.0,"event_name":"Accursed Blacksmith","player_choice":"Rummage","floor":4.0,"gold_loss":0.0,"damage_taken":0.0,"relics_obtained":["WarpedTongs"],"cards_obtained":["Pain"]},{"damage_healed":0.0,"max_hp_gain":0.0,"max_hp_loss":0.0,"gold_gain":0.0,"event_name":"Mushrooms","player_choice":"Fought Mushrooms","floor":7.0,"gold_loss":0.0,"damage_taken":0.0},{"damage_healed":0.0,"max_hp_gain":0.0,"max_hp_loss":0.0,"gold_gain":0.0,"event_name":"Big Fish","player_choice":"Box","floor":13.0,"gold_loss":0.0,"damage_taken":0.0,"relics_obtained":["Boot"],"cards_obtained":["Regret"]}],"is_beta":false,"boss_relics":[],"items_purged_floors":[],"is_endless":false,"potions_floor_spawned":[2,5,11,14],"killed_by":"Hexaghost","ascension_level":20}