{"gold_per_floor":[114,114,264,264,281,281,291,291,291,311,311,342,342,99,99,173,173,193,193,193,207,227,327,327,327,352,352,366,366,391,408,408,487,487,503,520,567,581,593,593,95,95,95,195,195,225,238,257,257,257,257,257,257,76,102,102],"floor_reached":57,"playtime":3313,"items_purged":["Strike_G","Writhe"],"score":2725,"play_id":"92a6b9e8-dcd2-408b-807f-0aa2f4ca11d0","local_time":"20190215203711","is_ascension_mode":true,"campfire_choices":[{"data":"Crippling Poison","floor":6.0,"key":"SMITH"},{"data":"Deadly Poison","floor":8.0,"key":"SMITH"},{"data":"Neutralize","floor":11.0,"key":"SMITH"},{"data":"Venomology","floor":15.0,"key":"SMITH"},{"data":"Wraith Form v2","floor":25.0,"key":"SMITH"},{"data":"Well Laid Plans","floor":27.0,"key":"SMITH"},{"data":"Calculated Gamble","floor":29.0,"key":"SMITH"},{"data":"Grand Finale","floor":32.0,"key":"SMITH"},{"data":"Venomology","floor":40,"key":"SMITH"},{"floor":42,"key":"RECALL"},{"data":"Catalyst","floor":49,"key":"SMITH"},{"data":"Backflip","floor":53,"key":"SMITH"}],"neow_cost":"TEN_PERCENT_HP_LOSS","seed_source_timestamp":42325464658870,"circlet_count":0,"master_deck":["AscendersBane","Defend_G+1","Defend_G","Defend_G","Defend_G","Defend_G","Strike_G","Strike_G","Strike_G","Strike_G","Survivor","Neutralize+1","Burst+1","Crippling Poison+1","Deadly Poison+1","Venomology+1","Wraith Form v2+1","Well Laid Plans+1","Calculated Gamble+1","Grand Finale+1","Venomology+1","Backflip+1","Reflex+1","Acrobatics+1","Catalyst+1","Caltrops+1"],"special_seed":0,"relics":["Ring of the Serpent","Blood Vial","Mercury Hourglass","Bag of Marbles","Art of War","Coffee Dripper","Mango","Frozen Egg 2","Gambling Chip","Bag of Preparation","War Paint","The Specimen","Sundial","TheAbacus","Prayer Wheel","Omamori","Centennial Puzzle"],"potions_floor_usage":[35,35,36,36,37,37,38,38,39,39,44,44,44,46,46,46,47,47,48,50,50,50,50,51,51,55,55,56,56,56],"damage_taken":[{"damage":19.0,"enemies":"Jaw Worm","floor":1.0,"turns":8.0},{"damage":2.0,"enemies":"Small Slimes","floor":5.0,"turns":5.0},{"damage":6.0,"enemies":"2 Louse","floor":7.0,"turns":3.0},{"damage":5.0,"enemies":"Red Slaver","floor":10.0,"turns":3.0},{"damage":10.0,"enemies":"Lagavulin","floor":12.0,"turns":5.0},{"damage":16.0,"enemies":"Hexaghost","floor":16.0,"turns":8.0},{"damage":2.0,"enemies":"Spheric Guardian","floor":18.0,"turns":5.0},{"damage":4.0,"enemies":"Chosen","floor":21.0,"turns":5.0},{"damage":7.0,"enemies":"Snake Plant","floor":22.0,"turns":5.0},{"damage":2.0,"enemies":"Colosseum Slavers","floor":23.0,"turns":4.0},{"damage":45.0,"enemies":"Colosseum Nobs","floor":23.0,"turns":4.0},{"damage":5.0,"enemies":"Centurion and Healer","floor":28.0,"turns":6.0},{"damage":0.0,"enemies":"Slavers","floor":30.0,"turns":4.0},{"damage":0.0,"enemies":"Cultist and Chosen","floor":31.0,"turns":2.0},{"damage":11.0,"enemies":"Champ","floor":33.0,"turns":12.0},{"damage":2,"enemies":"3 Shapes","floor":35,"turns":5},{"damage":0,"enemies":"3 Darklings","floor":36,"turns":3},{"damage":0,"enemies":"2 Orb Walkers","floor":37,"turns":2},{"damage":1,"enemies":"Transient","floor":38,"turns":6},{"damage":0,"enemies":"Jaw Worm Horde","floor":39,"turns":3},{"damage":0,"enemies":"Mind Bloom Boss Battle","floor":44,"turns":7},{"damage":12,"enemies":"Giant Head","floor":46,"turns":8},{"damage":0,"enemies":"Spire Growth","floor":47,"turns":4},{"damage":0,"enemies":"Sphere and 2 Shapes","floor":48,"turns":1},{"damage":0,"enemies":"Time Eater","floor":50,"turns":6},{"damage":1,"enemies":"Awakened One","floor":51,"turns":12},{"damage":4,"enemies":"Shield and Spear","floor":55,"turns":3},{"damage":44,"enemies":"The Heart","floor":56,"turns":5}],"seed_played":"-6393565660445360895","potions_obtained":[{"floor":5.0,"key":"Poison Potion"},{"floor":7.0,"key":"FairyPotion"},{"floor":10.0,"key":"PowerPotion"},{"floor":16.0,"key":"Ancient Potion"},{"floor":21.0,"key":"Explosive Potion"},{"floor":28.0,"key":"PowerPotion"},{"floor":31.0,"key":"SpeedPotion"},{"floor":35,"key":"Poison Potion"},{"floor":37,"key":"Poison Potion"},{"floor":46,"key":"AttackPotion"}],"is_trial":false,"path_per_floor":["M","?","?","?","M","R","M","R","T","M","R","E","?","$","R","B",null,"M","?","?","M","M","?","?","R","T","R","M","R","E","M","R","B",null,"M","M","?","M","M","R","$","R","T","?","?","E","M","M","R","B","B",null,"R","$","E","B",null],"character_chosen":"THE_SILENT","items_purchased":["Art of War","Sundial","TheAbacus","GhostInAJar"],"campfire_rested":0,"item_purchase_floors":[14,41,41,54],"current_hp_per_floor":[40,60,60,60,58,58,52,52,52,49,49,41,36,36,36,22,51,60,60,60,56,51,22,22,22,22,22,19,19,21,23,23,14,59,59,61,63,64,66,66,66,66,66,68,68,58,60,62,62,64,65,69,69,69,66,24],"gold":102,"neow_bonus":"THREE_RARE_CARDS","is_prod":false,"is_daily":false,"chose_seed":false,"campfire_upgraded":11,"win_rate":0,"timestamp":1550234231,"path_taken":["M","?","?","?","?","R","M","R","T","?","R","E","?","$","R","BOSS","M","?","?","?","M","?","?","R","T","R","M","R","E","M","R","BOSS","M","M","?","M","M","R","$","R","T","?","?","E","M","M","R","BOSS","BOSS","R","$","E","BOSS"],"build_version":"2019-01-23","purchased_purges":2,"victory":true,"max_hp_per_floor":[60,60,60,60,60,60,60,60,60,60,60,60,60,60,60,60,60,60,60,60,60,60,74,74,74,74,74,74,74,74,74,74,74,74,74,74,74,74,74,74,74,74,74,74,70,70,70,70,70,70,70,70,70,70,70,70],"card_choices":[{"not_picked":["Phantasmal Killer","Tools of the Trade"],"picked":"Burst","floor":0.0},{"not_picked":["Dodge and Roll","Choke","PiercingWail"],"picked":"SKIP","floor":1.0},{"not_picked":["Dagger Throw","Underhanded Strike"],"picked":"Crippling Poison","floor":5.0},{"not_picked":["Prepared","PiercingWail"],"picked":"Deadly Poison","floor":7.0},{"not_picked":["Infinite Blades","Bane","Flying Knee"],"picked":"SKIP","floor":10.0},{"not_picked":["Doppelganger","Underhanded Strike"],"picked":"Venomology","floor":12.0},{"not_picked":["Tools of the Trade","Storm of Steel"],"picked":"Wraith Form v2","floor":16.0},{"not_picked":["Caltrops","Flechettes","Bane"],"picked":"SKIP","floor":18.0},{"not_picked":["Distraction","Masterful Stab"],"picked":"Calculated Gamble","floor":21.0},{"not_picked":["Outmaneuver","Concentrate","Sucker Punch"],"picked":"SKIP","floor":22.0},{"not_picked":["Masterful Stab","Slice+1","Expertise"],"picked":"SKIP","floor":28.0},{"not_picked":["Acrobatics","Footwork+1"],"picked":"Grand Finale","floor":30.0},{"not_picked":["Prepared","Choke","Poisoned Stab"],"picked":"SKIP","floor":31.0},{"not_picked":["Prepared","Choke","Poisoned Stab"],"picked":"SKIP","floor":31.0},{"not_picked":["Doppelganger","Grand Finale"],"picked":"Venomology","floor":33.0},{"not_picked":["PiercingWail","Finisher","Flying Knee"],"picked":"SKIP","floor":35},{"not_picked":["Blade Dance","Sucker Punch"],"picked":"Backflip","floor":36},{"not_picked":["Leg Sweep","All Out Attack","Quick Slash"],"picked":"SKIP","floor":38},{"not_picked":["Dagger Spray+1","Poisoned Stab"],"picked":"Reflex+1","floor":39},{"not_picked":["Poisoned Stab","Blur+1","Sucker Punch+1"],"picked":"SKIP","floor":46},{"not_picked":["Catalyst","Noxious Fumes+1"],"picked":"Acrobatics+1","floor":47},{"not_picked":["Dodge and Roll","Endless Agony"],"picked":"Catalyst","floor":47},{"not_picked":["Outmaneuver","Grand Finale","Slice+1"],"picked":"SKIP","floor":48},{"not_picked":["Reflex","Heel Hook","Dodge and Roll"],"picked":"SKIP","floor":48},{"not_picked":["Caltrops+1","Expertise","Heel Hook"],"picked":"SKIP","floor":55},{"not_picked":["Expertise","Heel Hook"],"picked":"Caltrops+1","floor":55}],"player_experience":2787995,"relics_obtained":[{"floor":9.0,"key":"Blood Vial"},{"floor":12.0,"key":"Mercury Hourglass"},{"floor":23.0,"key":"Mango"},{"floor":23.0,"key":"Frozen Egg 2"},{"floor":26.0,"key":"Bag of Preparation"},{"floor":30.0,"key":"War Paint"},{"floor":37,"key":"The Specimen"},{"floor":44,"key":"Prayer Wheel"},{"floor":46,"key":"Omamori"},{"floor":55,"key":"Centennial Puzzle"}],"event_choices":[{"damage_healed":20.0,"max_hp_gain":0.0,"max_hp_loss":0.0,"gold_gain":0.0,"event_name":"Big Fish","player_choice":"Banana","floor":2.0,"gold_loss":0.0,"damage_taken":0.0},{"damage_healed":0.0,"max_hp_gain":0.0,"max_hp_loss":0.0,"gold_gain":150.0,"event_name":"Liars Game","player_choice":"AGREE","floor":3.0,"gold_loss":0.0,"damage_taken":0.0,"cards_obtained":["Doubt"]},{"cards_removed":["Doubt"],"damage_healed":0.0,"max_hp_gain":0.0,"max_hp_loss":0.0,"gold_gain":0.0,"event_name":"Fountain of Cleansing","player_choice":"Removed Curses","floor":4.0,"gold_loss":0.0,"damage_taken":0.0},{"damage_healed":0.0,"max_hp_gain":0.0,"max_hp_loss":0.0,"gold_gain":0.0,"event_name":"Scrap Ooze","player_choice":"Success","floor":13.0,"gold_loss":0.0,"damage_taken":5.0,"relics_obtained":["Bag of Marbles"]},{"damage_healed":0.0,"max_hp_gain":0.0,"max_hp_loss":0.0,"gold_gain":0.0,"event_name":"The Library","player_choice":"Read","floor":19.0,"gold_loss":0.0,"damage_taken":0.0,"cards_obtained":["Well Laid Plans"]},{"damage_healed":0.0,"max_hp_gain":0.0,"max_hp_loss":0.0,"gold_gain":0.0,"event_name":"Match and Keep!","player_choice":"0 cards matched","floor":20.0,"gold_loss":0.0,"damage_taken":0.0,"cards_obtained":[]},{"damage_healed":0.0,"max_hp_gain":0.0,"max_hp_loss":0.0,"gold_gain":0.0,"event_name":"Colosseum","player_choice":"Fight","floor":23.0,"gold_loss":0.0,"damage_taken":0.0},{"damage_healed":0.0,"max_hp_gain":0.0,"max_hp_loss":0.0,"gold_gain":0.0,"event_name":"Colosseum","player_choice":"Fought Nobs","floor":23.0,"gold_loss":0.0,"damage_taken":0.0},{"damage_healed":0.0,"max_hp_gain":0.0,"max_hp_loss":0.0,"gold_gain":0.0,"event_name":"The Mausoleum","player_choice":"Opened","floor":24.0,"gold_loss":0.0,"damage_taken":0.0,"relics_obtained":["Gambling Chip"],"cards_obtained":["Writhe"]},{"damage_healed":0,"gold_gain":0,"player_choice":"Fight","damage_taken":0,"max_hp_gain":0,"max_hp_loss":0,"event_name":"Mysterious Sphere","floor":37,"gold_loss":0},{"damage_healed":0,"gold_gain":0,"player_choice":"Fight","damage_taken":0,"max_hp_gain":0,"max_hp_loss":0,"event_name":"MindBloom","floor":44,"gold_loss":0},{"damage_healed":0,"gold_gain":0,"player_choice":"Max HP","damage_taken":0,"max_hp_gain":0,"max_hp_loss":4,"event_name":"Winding Halls","floor":45,"gold_loss":0}],"is_beta":false,"boss_relics":[{"not_picked":["HoveringKite","Empty Cage"],"picked":"Coffee Dripper"},{"not_picked":["Sozu","Fusion Hammer"],"picked":"Ring of the Serpent"}],"items_purged_floors":[14,54],"is_endless":false,"potions_floor_spawned":[5,7,10,16,21,23,28,30,31,35,37,38,44,46],"ascension_level":20}