{"gold_per_floor":[115,135,135,55,74,74,107,107,107,124,153,153,168,185,185,262,262,282,301,318,318,318,318,318,380,380,380,405,405,455,466,466,540,540,556,566,616,348,298,298,332,332,332,431,462,462,462,512,512,512,512,512,512,130,164,164],"floor_reached":57,"playtime":4756,"items_purged":["All Out Attack","Blur","Deflect"],"score":2851,"play_id":"b7b2b887-0d54-4996-809c-d297dc9b8bc5","local_time":"20190128193343","is_ascension_mode":true,"campfire_choices":[{"data":"Catalyst","floor":6.0,"key":"SMITH"},{"data":"Noxious Fumes","floor":8.0,"key":"SMITH"},{"data":"Deadly Poison","floor":12.0,"key":"SMITH"},{"data":"Neutralize","floor":15.0,"key":"SMITH"},{"data":"Calculated Gamble","floor":23.0,"key":"SMITH"},{"data":"Reflex","floor":27.0,"key":"SMITH"},{"data":"Concentrate","floor":29.0,"key":"SMITH"},{"data":"Acrobatics","floor":32.0,"key":"SMITH"},{"data":"Acrobatics","floor":40.0,"key":"SMITH"},{"data":"Wraith Form v2","floor":42.0,"key":"SMITH"},{"data":"Wraith Form v2","floor":46,"key":"SMITH"},{"floor":47,"key":"RECALL"},{"data":"A Thousand Cuts","floor":49,"key":"SMITH"},{"data":"Adrenaline","floor":53,"key":"SMITH"}],"neow_cost":"NONE","seed_source_timestamp":26841885038331,"circlet_count":0,"master_deck":["AscendersBane","Survivor","Neutralize+1","Catalyst+1","Noxious Fumes+1","Deadly Poison+1","Concentrate+1","PiercingWail","Calculated Gamble+1","Wraith Form v2+1","Acrobatics+1","Tools of the Trade","Reflex+1","Wraith Form v2+1","Escape Plan","Quick Slash","Envenom","Acrobatics+1","Escape Plan","Adrenaline+1","A Thousand Cuts+1","Adrenaline+1"],"special_seed":0,"relics":["Runic Pyramid","Incense Burner","Ninja Scroll","Blue Candle","Pandora\u0027s Box","SsserpentHead","WingedGreaves","Meat on the Bone","theJungle:WildMango","Orrery","Membership Card","Blood Vial","Bird Faced Urn","Dream Catcher","DollysMirror","Happy Flower","Boot","Bottled Lightning"],"potions_floor_usage":[56,56],"damage_taken":[{"damage":0.0,"enemies":"Jaw Worm","floor":1.0,"turns":6.0},{"damage":0.0,"enemies":"Cultist","floor":2.0,"turns":5.0},{"damage":0.0,"enemies":"Small Slimes","floor":5.0,"turns":5.0},{"damage":29.0,"enemies":"Gremlin Nob","floor":7.0,"turns":4.0},{"damage":3.0,"enemies":"3 Louse","floor":10.0,"turns":4.0},{"damage":8.0,"enemies":"3 Sentries","floor":11.0,"turns":9.0},{"damage":0.0,"enemies":"2 Fungi Beasts","floor":13.0,"turns":2.0},{"damage":0.0,"enemies":"Lots of Slimes","floor":14.0,"turns":6.0},{"damage":0.0,"enemies":"Slime Boss","floor":16.0,"turns":6.0},{"damage":3.0,"enemies":"theJungle:Flameango_and_Byrd","floor":18.0,"turns":5.0},{"damage":0.0,"enemies":"theJungle:GiantWrat","floor":19.0,"turns":4.0},{"damage":4.0,"enemies":"theJungle:SlimyTreeVines","floor":20.0,"turns":6.0},{"damage":1.0,"enemies":"theJungle:Snecko_Cultist_And_Trap","floor":22.0,"turns":6.0},{"damage":15.0,"enemies":"theJungle:2_Snecko_Cultists","floor":25.0,"turns":5.0},{"damage":0.0,"enemies":"theJungle:MamaSnecko","floor":28.0,"turns":5.0},{"damage":0.0,"enemies":"theJungle:Lyon","floor":31.0,"turns":4.0},{"damage":1.0,"enemies":"theJungle:QueenSpyder","floor":33.0,"turns":6.0},{"damage":2.0,"enemies":"Orb Walker","floor":35.0,"turns":6.0},{"damage":12.0,"enemies":"3 Shapes","floor":36.0,"turns":4.0},{"damage":3.0,"enemies":"Reptomancer","floor":41.0,"turns":5.0},{"damage":8.0,"enemies":"2 Orb Walkers","floor":44.0,"turns":6.0},{"damage":5,"enemies":"Giant Head","floor":45,"turns":8},{"damage":4,"enemies":"Donu and Deca","floor":50,"turns":5},{"damage":10,"enemies":"Time Eater","floor":51,"turns":8},{"damage":7,"enemies":"Shield and Spear","floor":55,"turns":3},{"damage":58,"enemies":"The Heart","floor":56,"turns":7}],"seed_played":"-6273856460666249150","potions_obtained":[{"floor":7.0,"key":"EssenceOfSteel"},{"floor":10.0,"key":"SpeedPotion"},{"floor":13.0,"key":"SpeedPotion"},{"floor":16.0,"key":"PowerPotion"},{"floor":41.0,"key":"Weak Potion"}],"is_trial":false,"path_per_floor":["M","M","?","$","M","R","E","R","T","M","E","R","M","M","R","B",null,"M","M","M","?","M","R","?","M","T","R","E","R","?","M","R","B",null,"M","M","?","$","$","R","E","R","T","?","E","R","R","?","R","B","B",null,"R","$","E","B",null],"character_chosen":"THE_SILENT","items_purchased":["Noxious Fumes","Membership Card","DollysMirror","Happy Flower","Boot","Ancient Potion"],"campfire_rested":0,"item_purchase_floors":[4,38,54,54,54,54],"current_hp_per_floor":[59,59,59,59,59,59,30,30,30,27,19,19,19,19,19,19,54,51,51,53,43,42,42,42,27,27,27,27,27,41,53,53,52,77,75,63,63,63,63,63,60,60,60,54,61,61,61,61,61,71,75,83,83,83,84,50],"gold":164,"neow_bonus":"BOSS_RELIC","is_prod":false,"is_daily":false,"chose_seed":false,"campfire_upgraded":13,"win_rate":0,"timestamp":1548675223,"path_taken":["M","M","?","?","?","R","E","R","T","M","E","R","M","M","R","BOSS","M","M","M","?","M","R","?","?","T","R","E","R","?","M","R","BOSS","M","M","?","$","$","R","E","R","T","?","E","R","R","?","R","BOSS","BOSS","R","$","E","BOSS"],"build_version":"2019-01-23","purchased_purges":3,"victory":true,"max_hp_per_floor":[66,66,66,66,66,66,66,66,66,66,66,66,66,66,66,66,66,66,66,66,71,71,71,71,71,71,71,71,71,85,85,85,85,85,85,85,85,85,85,85,85,85,85,85,85,85,85,85,85,85,85,85,85,85,85,85],"card_choices":[{"not_picked":["Flying Knee","Cloak And Dagger"],"picked":"All Out Attack","floor":1.0},{"not_picked":["Noxious Fumes","Slice"],"picked":"Catalyst","floor":2.0},{"not_picked":["Bane","Outmaneuver"],"picked":"Deadly Poison","floor":5.0},{"not_picked":["Slice","Quick Slash","Doppelganger"],"picked":"SKIP","floor":7.0},{"not_picked":["Crippling Poison","Quick Slash"],"picked":"Concentrate","floor":10.0},{"not_picked":["Underhanded Strike","Distraction"],"picked":"PiercingWail","floor":11.0},{"not_picked":["Dagger Throw","PiercingWail"],"picked":"Calculated Gamble","floor":13.0},{"not_picked":["Sucker Punch","Crippling Poison","Bane"],"picked":"SKIP","floor":14.0},{"not_picked":["Doppelganger","Envenom"],"picked":"Wraith Form v2","floor":16.0},{"not_picked":["Poisoned Stab","Eviscerate","Slice"],"picked":"SKIP","floor":18.0},{"not_picked":["Riddle With Holes","Cloak And Dagger"],"picked":"Acrobatics","floor":19.0},{"not_picked":["Backstab","Slice"],"picked":"Escape Plan","floor":20.0},{"not_picked":["Acrobatics","Underhanded Strike+1","Glass Knife"],"picked":"SKIP","floor":22.0},{"not_picked":["Acrobatics","Deflect+1","Flying Knee"],"picked":"SKIP","floor":25.0},{"not_picked":["Outmaneuver","Expertise","Unload"],"picked":"SKIP","floor":28.0},{"not_picked":["PiercingWail","Flying Knee","Acrobatics"],"picked":"SKIP","floor":31.0},{"not_picked":["Corpse Explosion","Envenom"],"picked":"Adrenaline","floor":33.0},{"not_picked":["Blade Dance","Bouncing Flask","Underhanded Strike"],"picked":"SKIP","floor":35.0},{"not_picked":["Crippling Poison","Masterful Stab","PiercingWail+1"],"picked":"SKIP","floor":36.0},{"not_picked":["Dagger Throw","PiercingWail","Blur"],"picked":"SKIP","floor":41.0},{"not_picked":["Terror+1","Footwork","Poisoned Stab+1"],"picked":"SKIP","floor":45},{"not_picked":["Dash+1","Quick Slash","Calculated Gamble+1"],"picked":"SKIP","floor":55}],"player_experience":2353268,"relics_obtained":[{"floor":7.0,"key":"Incense Burner"},{"floor":9.0,"key":"Ninja Scroll"},{"floor":11.0,"key":"Blue Candle"},{"floor":26.0,"key":"WingedGreaves"},{"floor":28.0,"key":"Meat on the Bone"},{"floor":41.0,"key":"Blood Vial"},{"floor":44.0,"key":"Bird Faced Urn"},{"floor":45,"key":"Dream Catcher"},{"floor":55,"key":"Bottled Lightning"}],"event_choices":[{"cards_removed":["Strike_G"],"damage_healed":0.0,"max_hp_gain":0.0,"max_hp_loss":0.0,"gold_gain":0.0,"event_name":"Purifier","player_choice":"Purged","floor":3.0,"gold_loss":0.0,"damage_taken":0.0},{"damage_healed":0.0,"max_hp_gain":0.0,"max_hp_loss":0.0,"gold_gain":0.0,"event_name":"FaceTrader","player_choice":"Trade","floor":24.0,"gold_loss":0.0,"damage_taken":0.0,"relics_obtained":["SsserpentHead"]},{"damage_healed":0.0,"max_hp_gain":0.0,"max_hp_loss":0.0,"gold_gain":0.0,"event_name":"SensoryStone","player_choice":"Memory 1","floor":37.0,"gold_loss":0.0,"damage_taken":0.0},{"damage_healed":0.0,"max_hp_gain":0.0,"max_hp_loss":0.0,"gold_gain":0.0,"event_name":"Mysterious Sphere","player_choice":"Fight","floor":44.0,"gold_loss":0.0,"damage_taken":0.0},{"damage_healed":0,"gold_gain":0,"player_choice":"1 cards matched","damage_taken":0,"max_hp_gain":0,"max_hp_loss":0,"event_name":"Match and Keep!","floor":48,"gold_loss":0,"cards_obtained":["A Thousand Cuts"]}],"is_beta":false,"boss_relics":[{"not_picked":["Tiny House","White Beast Statue"],"picked":"Pandora\u0027s Box"},{"not_picked":["Velvet Choker","Ectoplasm"],"picked":"Orrery"}],"items_purged_floors":[38,39,54],"is_endless":false,"potions_floor_spawned":[7,10,13,16,18,25,28,31,33,35,41,45,55],"ascension_level":20}