{"gold_per_floor":[118,134,134,4,19,19,19,45,45,72,4,37,37,52,52,128,128,147,147,20,55,71,71,71,106,157,192,192,211,211,228,228,303,303,316,316,329,2,17,42,42,42,42,42,67,122,422,455,455,455],"floor_reached":51,"playtime":1389,"items_purged":["Strike_R","Strike_R","Defend_R"],"score":1472,"play_id":"601f46ad-4cc6-4812-8071-732977a6f6bb","local_time":"20180923142828","is_ascension_mode":true,"campfire_choices":[{"data":"Inflame","floor":6.0,"key":"SMITH"},{"data":"Inflame","floor":13.0,"key":"SMITH"},{"floor":15.0,"key":"REST"},{"data":"Limit Break","floor":23.0,"key":"SMITH"},{"floor":28,"key":"REST"},{"data":"Heavy Blade","floor":32,"key":"SMITH"},{"data":"Flex","floor":42,"key":"SMITH"},{"data":"Whirlwind","floor":44,"key":"SMITH"},{"data":"Shrug It Off","floor":49,"key":"SMITH"}],"neow_cost":"NONE","seed_source_timestamp":178772254829966,"circlet_count":0,"master_deck":["Strike_R","Strike_R","Strike_R","Defend_R","Defend_R","Defend_R","Bash","AscendersBane","Inflame+1","Thunderclap","Reaper","Cleave","Inflame+1","Shrug It Off+1","Limit Break+1","Heavy Blade+1","Whirlwind+1","Secret Weapon","Flex+1"],"special_seed":0,"relics":["Burning Blood","NeowsBlessing","WingedGreaves","The Courier","Pear","Bag of Marbles","Busted Crown","Red Mask","Frozen Egg 2","Vajra","Red Skull","Sozu","Chemical X","Gambling Chip","Unceasing Top","Sundial","FossilizedHelix","Old Coin","Toxic Egg 2"],"potions_floor_usage":[27,31,33],"damage_taken":[{"damage":0.0,"enemies":"Cultist","floor":1.0,"turns":1.0},{"damage":0.0,"enemies":"Small Slimes","floor":2.0,"turns":1.0},{"damage":0.0,"enemies":"Jaw Worm","floor":5.0,"turns":1.0},{"damage":30.0,"enemies":"3 Sentries","floor":8.0,"turns":6.0},{"damage":32.0,"enemies":"Gremlin Nob","floor":10.0,"turns":4.0},{"damage":35.0,"enemies":"Lagavulin","floor":12.0,"turns":8.0},{"damage":18.0,"enemies":"Looter","floor":14.0,"turns":4.0},{"damage":39.0,"enemies":"Slime Boss","floor":16.0,"turns":9.0},{"damage":38.0,"enemies":"Shell Parasite","floor":18.0,"turns":6.0},{"damage":24.0,"enemies":"Masked Bandits","floor":21.0,"turns":3.0},{"damage":22.0,"enemies":"Spheric Guardian","floor":22.0,"turns":4.0},{"damage":36.0,"enemies":"Slavers","floor":25.0,"turns":5.0},{"damage":40,"enemies":"Book of Stabbing","floor":27,"turns":4},{"damage":0,"enemies":"Centurion and Healer","floor":29,"turns":3},{"damage":18,"enemies":"Shelled Parasite and Fungi","floor":31,"turns":3},{"damage":54,"enemies":"Champ","floor":33,"turns":6},{"damage":20,"enemies":"3 Darklings","floor":35,"turns":3},{"damage":4,"enemies":"Orb Walker","floor":37,"turns":2},{"damage":6,"enemies":"3 Darklings","floor":39,"turns":3},{"damage":39,"enemies":"2 Orb Walkers","floor":40,"turns":3},{"damage":11,"enemies":"Giant Head","floor":45,"turns":4},{"damage":40,"enemies":"Mysterious Sphere","floor":46,"turns":3},{"damage":19,"enemies":"Mind Bloom Boss Battle","floor":47,"turns":4},{"damage":8,"enemies":"2 Orb Walkers","floor":48,"turns":2},{"damage":51,"enemies":"Donu and Deca","floor":50,"turns":4}],"seed_played":"4057857065358363086","potions_obtained":[{"floor":1.0,"key":"Explosive Potion"},{"floor":2.0,"key":"SteroidPotion"},{"floor":10.0,"key":"SkillPotion"},{"floor":12.0,"key":"Dexterity Potion"},{"floor":22.0,"key":"SkillPotion"},{"floor":27,"key":"SkillPotion"},{"floor":31,"key":"BloodPotion"}],"is_trial":false,"path_per_floor":["M","M","$","$","M","R","?","E","T","E","$","E","R","M","R","B",null,"M","?","$","?","M","R","?","E","T","E","R","M","?","M","R","B",null,"M","?","M","$","M","E","$","R","T","R","E","?","?","E","R","B"],"character_chosen":"IRONCLAD","items_purchased":["Thunderclap","Inflame","Heavy Blade","Flex","Chemical X"],"campfire_rested":2,"item_purchase_floors":[4,11,20,38,38],"current_hp_per_floor":[74,75,75,75,75,75,75,51,51,42,42,25,25,23,48,30,71,63,63,63,45,29,29,46,30,30,8,33,59,59,65,65,36,73,80,80,85,85,85,72,72,72,72,72,80,63,78,76,76,31],"gold":455,"neow_bonus":"THREE_ENEMY_KILL","is_prod":false,"is_daily":false,"chose_seed":false,"campfire_upgraded":7,"win_rate":0,"timestamp":1537684108,"path_taken":["M","M","?","$","?","R","?","E","T","E","?","E","R","M","R","BOSS","M","?","?","?","M","R","?","E","T","E","R","?","?","?","R","BOSS","M","?","M","$","?","E","$","R","T","R","E","?","?","E","R","BOSS"],"build_version":"2018-09-20","purchased_purges":3,"victory":true,"max_hp_per_floor":[75,75,75,75,75,75,75,75,75,85,85,85,85,85,85,85,85,85,85,85,85,85,85,85,85,85,85,85,85,85,85,85,85,85,85,85,85,85,85,85,85,85,85,85,85,85,85,85,85,85],"card_choices":[{"not_picked":["Metallicize","Perfected Strike"],"picked":"Inflame","floor":1.0},{"not_picked":["Bloodletting","Anger","Combust"],"picked":"SKIP","floor":2.0},{"not_picked":["Fire Breathing","Wild Strike","Clothesline"],"picked":"SKIP","floor":5.0},{"not_picked":["Uppercut","Pommel Strike"],"picked":"Reaper","floor":8.0},{"not_picked":["Heavy Blade","Headbutt"],"picked":"Cleave","floor":10.0},{"not_picked":["Wild Strike","Bludgeon"],"picked":"Shrug It Off","floor":12.0},{"not_picked":["Body Slam","Shrug It Off","Warcry"],"picked":"SKIP","floor":14.0},{"not_picked":["Juggernaut","Exhume"],"picked":"Limit Break","floor":16.0},{"not_picked":["Anger"],"picked":"SKIP","floor":18.0},{"not_picked":[],"picked":"Whirlwind","floor":21.0},{"not_picked":["Clash+1"],"picked":"SKIP","floor":22.0},{"not_picked":["Sword Boomerang"],"picked":"SKIP","floor":25.0},{"not_picked":["Exhume"],"picked":"SKIP","floor":27},{"not_picked":["Clothesline"],"picked":"SKIP","floor":29},{"not_picked":["Power Through"],"picked":"SKIP","floor":31},{"not_picked":["Anger"],"picked":"SKIP","floor":35},{"not_picked":[],"picked":"Secret Weapon","floor":36},{"not_picked":["Anger"],"picked":"SKIP","floor":37},{"not_picked":["Perfected Strike"],"picked":"SKIP","floor":39},{"not_picked":["Sever Soul"],"picked":"SKIP","floor":40},{"not_picked":["Blood for Blood"],"picked":"SKIP","floor":45},{"not_picked":["Body Slam"],"picked":"SKIP","floor":48}],"player_experience":100216,"relics_obtained":[{"floor":8.0,"key":"WingedGreaves"},{"floor":9.0,"key":"The Courier"},{"floor":10.0,"key":"Pear"},{"floor":12.0,"key":"Bag of Marbles"},{"floor":21.0,"key":"Red Mask"},{"floor":25.0,"key":"Frozen Egg 2"},{"floor":26.0,"key":"Vajra"},{"floor":27,"key":"Red Skull"},{"floor":40,"key":"Gambling Chip"},{"floor":43,"key":"Unceasing Top"},{"floor":45,"key":"Sundial"},{"floor":46,"key":"FossilizedHelix"},{"floor":47,"key":"Old Coin"},{"floor":48,"key":"Toxic Egg 2"}],"event_choices":[{"event_name":"Liars Game","player_choice":"disagreed","floor":7.0,"damage_taken":0.0},{"event_name":"The Mausoleum","player_choice":"No","floor":19.0,"damage_taken":0.0},{"event_name":"Masked Bandits","player_choice":"Fought Bandits","floor":21.0,"damage_taken":0.0},{"event_name":"The Library","player_choice":"Heal","floor":24.0,"damage_taken":0.0},{"event_name":"Ghosts","player_choice":"Ignored","floor":30,"damage_taken":0},{"event_name":"SensoryStone","player_choice":"Memory 1","floor":36,"damage_taken":0},{"event_name":"Mysterious Sphere","player_choice":"Fight","floor":46,"damage_taken":0},{"event_name":"MindBloom","player_choice":"Fight","floor":47,"damage_taken":0}],"is_beta":false,"boss_relics":[{"not_picked":["Black Star","Tiny House"],"picked":"Busted Crown"},{"not_picked":["Velvet Choker","Fusion Hammer"],"picked":"Sozu"}],"items_purged_floors":[4,20,38],"is_endless":false,"potions_floor_spawned":[1,2,10,12,22,27,31,45,47],"ascension_level":16}