{"gold_per_floor":[117,134,134,146,146,146,161,161,161,161,161,161,161],"floor_reached":13,"playtime":287,"items_purged":[],"score":146,"play_id":"ab690ae6-86f2-4394-8eba-4a9f9c454988","local_time":"20181117115644","is_ascension_mode":true,"campfire_choices":[{"data":"Neutralize","floor":6,"key":"SMITH"},{"data":"Masterful Stab","floor":12,"key":"SMITH"}],"neow_cost":"NONE","seed_source_timestamp":4464758172219,"circlet_count":0,"master_deck":["AscendersBane","Defend_G","Defend_G","Defend_G","Defend_G","Defend_G","Strike_G","Strike_G","Strike_G","Strike_G","Strike_G","Survivor","Neutralize+1","Clumsy","Clumsy","Masterful Stab+1","Dagger Spray","Parasite"],"relics":["Calling Bell","Blood Vial","Pantograph","Torii","Question Card","Toxic Egg 2","Gambling Chip"],"potions_floor_usage":[13],"damage_taken":[{"damage":25,"enemies":"Jaw Worm","floor":1,"turns":9},{"damage":0,"enemies":"2 Louse","floor":2,"turns":3},{"damage":12,"enemies":"Small Slimes","floor":4,"turns":4},{"damage":1,"enemies":"Looter","floor":7,"turns":3},{"damage":24,"enemies":"Gremlin Nob","floor":13,"turns":4}],"seed_played":"-4175178878702629284","potions_obtained":[{"floor":4,"key":"Weak Potion"}],"is_trial":false,"path_per_floor":["M","M","?","M","?","R","M","?","T","T","?","R","E"],"character_chosen":"THE_SILENT","items_purchased":[],"campfire_rested":0,"item_purchase_floors":[],"current_hp_per_floor":[36,38,38,28,28,28,29,11,11,11,27,27,5],"gold":161,"neow_bonus":"BOSS_RELIC","is_prod":false,"is_daily":false,"chose_seed":false,"campfire_upgraded":2,"win_rate":0,"timestamp":1542427004,"path_taken":["M","M","?","M","?","R","M","?","T","?","?","R","E"],"build_version":"2018-11-15","purchased_purges":0,"victory":false,"max_hp_per_floor":[66,66,66,66,66,66,66,66,66,66,66,66,66],"card_choices":[{"not_picked":["Deadly Poison","Dash"],"picked":"Masterful Stab","floor":1},{"not_picked":["Underhanded Strike","Quick Slash","Blade Dance"],"picked":"SKIP","floor":2},{"not_picked":["Eviscerate","Blade Dance","Dodge and Roll"],"picked":"SKIP","floor":4},{"not_picked":["Dodge and Roll","Skewer"],"picked":"Dagger Spray","floor":7}],"player_experience":1089033,"relics_obtained":[{"floor":0,"key":"Blood Vial"},{"floor":0,"key":"Pantograph"},{"floor":0,"key":"Torii"},{"floor":9,"key":"Toxic Egg 2"},{"floor":10,"key":"Gambling Chip"}],"event_choices":[{"cards_removed":["Doubt"],"damage_healed":0,"gold_gain":0,"player_choice":"Forget","damage_taken":0,"max_hp_gain":0,"max_hp_loss":0,"event_name":"Living Wall","floor":3,"gold_loss":0},{"damage_healed":0,"gold_gain":0,"player_choice":"Ignored","damage_taken":0,"max_hp_gain":0,"max_hp_loss":0,"event_name":"Liars Game","floor":5,"gold_loss":0},{"damage_healed":0,"gold_gain":0,"player_choice":"Success","damage_taken":18,"relics_obtained":["Question Card"],"max_hp_gain":0,"max_hp_loss":0,"event_name":"Scrap Ooze","floor":8,"gold_loss":0},{"damage_healed":16,"gold_gain":0,"player_choice":"Healed and dodged fight","damage_taken":0,"max_hp_gain":0,"max_hp_loss":0,"event_name":"Mushrooms","floor":11,"gold_loss":0,"cards_obtained":["Parasite"]}],"is_beta":true,"boss_relics":[],"items_purged_floors":[],"is_endless":false,"potions_floor_spawned":[4],"killed_by":"Gremlin Nob","ascension_level":20}