{"gold_per_floor":[118,43,58,5,21,21,54,54,54,87,111,123,199,286,298,384,396,424,97,97,97,114,147,147,173,196,216,216,141,8,43,43,119,119,136,181,181,181,199,199,211,211,211,246,257,275,275,301,301,301,301,301,301,5,31,31],"floor_reached":56,"playtime":2613,"items_purged":["Strike_B","Defend_B","Strike_B"],"score":2488,"play_id":"8fab71b5-f449-482c-bc13-a1cd9655289e","local_time":"20190215134522","is_ascension_mode":true,"campfire_choices":[{"data":"Sunder","floor":6.0,"key":"SMITH"},{"data":"Darkness","floor":8.0,"key":"SMITH"},{"data":"Hologram","floor":12.0,"key":"SMITH"},{"data":"Dualcast","floor":15.0,"key":"SMITH"},{"data":"Buffer","floor":24.0,"key":"SMITH"},{"data":"Rainbow","floor":28.0,"key":"SMITH"},{"floor":32.0,"key":"RECALL"},{"floor":40.0,"key":"REST"},{"floor":49.0,"key":"REST"},{"floor":53.0,"key":"REST"}],"neow_cost":"NONE","seed_source_timestamp":18787387299338,"circlet_count":0,"master_deck":["AscendersBane","Defend_B","Defend_B","Defend_B","Zap","Dualcast+1","Machine Learning","Hologram+1","Darkness+1","Sunder+1","Coolheaded","Meteor Strike","Redo","Reinforced Body","Buffer+1","Glacier","Undo","Apotheosis","Rainbow","Purity","Consume","Reinforced Body+1","Defragment+1","Capacitor","Echo Form","Double Energy"],"special_seed":0,"relics":["Cracked Core","Gremlin Horn","Letter Opener","MawBank","The Courier","Snecko Eye","Membership Card","DataDisk","Happy Flower","Anchor","Centennial Puzzle","Bronze Scales","Fusion Hammer","Unceasing Top","Pen Nib","Ice Cream","Juzu Bracelet","Torii","Blood Vial"],"potions_floor_usage":[56,56],"damage_taken":[{"damage":2.0,"enemies":"Cultist","floor":1.0,"turns":4.0},{"damage":0.0,"enemies":"2 Louse","floor":3.0,"turns":4.0},{"damage":14.0,"enemies":"Small Slimes","floor":5.0,"turns":4.0},{"damage":15.0,"enemies":"Lagavulin","floor":7.0,"turns":7.0},{"damage":6.0,"enemies":"Gremlin Nob","floor":10.0,"turns":3.0},{"damage":1.0,"enemies":"3 Louse","floor":11.0,"turns":2.0},{"damage":6.0,"enemies":"Gremlin Nob","floor":13.0,"turns":3.0},{"damage":8.0,"enemies":"Hexaghost","floor":16.0,"turns":7.0},{"damage":0.0,"enemies":"Spheric Guardian","floor":18.0,"turns":3.0},{"damage":0.0,"enemies":"3 Byrds","floor":22.0,"turns":2.0},{"damage":0.0,"enemies":"Gremlin Leader","floor":23.0,"turns":3.0},{"damage":0.0,"enemies":"Book of Stabbing","floor":25.0,"turns":4.0},{"damage":0.0,"enemies":"3 Cultists","floor":27.0,"turns":3.0},{"damage":3.0,"enemies":"Slavers","floor":31.0,"turns":6.0},{"damage":0.0,"enemies":"Automaton","floor":33.0,"turns":7.0},{"damage":2.0,"enemies":"3 Darklings","floor":35.0,"turns":3.0},{"damage":0.0,"enemies":"2 Orb Walkers","floor":36.0,"turns":4.0},{"damage":0.0,"enemies":"3 Shapes","floor":39.0,"turns":2.0},{"damage":3.0,"enemies":"3 Darklings","floor":41.0,"turns":4.0},{"damage":0.0,"enemies":"Reptomancer","floor":44.0,"turns":6.0},{"damage":0.0,"enemies":"Writhing Mass","floor":45.0,"turns":4.0},{"damage":31.0,"enemies":"Jaw Worm Horde","floor":46.0,"turns":2.0},{"damage":0.0,"enemies":"Giant Head","floor":48.0,"turns":6.0},{"damage":0.0,"enemies":"Time Eater","floor":50.0,"turns":11.0},{"damage":0.0,"enemies":"Awakened One","floor":51.0,"turns":14.0},{"damage":27.0,"enemies":"Shield and Spear","floor":55.0,"turns":6.0},{"damage":51,"enemies":"The Heart","floor":56,"turns":8}],"seed_played":"-7628017020039599643","potions_obtained":[{"floor":3.0,"key":"Fruit Juice"},{"floor":5.0,"key":"Swift Potion"},{"floor":10.0,"key":"PowerPotion"},{"floor":16.0,"key":"SneckoOil"},{"floor":23.0,"key":"PowerPotion"}],"is_trial":false,"path_per_floor":["M","?","M","$","M","R","E","R","T","E","M","R","?","?","R","B",null,"M","$","?","?","M","E","R","E","T","M","R","?","$","E","R","B",null,"M","?","?","?","M","R","M","?","T","E","M","M","T","E","R","B","B",null,"R","$","E","B"],"character_chosen":"DEFECT","items_purchased":["Fire Potion","Membership Card","DataDisk","Rainbow","Apotheosis","Capacitor","Echo Form","Torii"],"campfire_rested":3,"item_purchase_floors":[4,19,19,19,30,54,54,54],"current_hp_per_floor":[62,62,62,62,53,53,38,38,38,32,31,31,25,14,14,6,59,59,59,59,59,59,59,59,59,59,59,59,59,59,56,56,56,71,69,69,69,69,69,76,73,73,73,73,73,42,42,42,64,64,64,73,76,76,49,0],"gold":31,"neow_bonus":"ONE_RANDOM_RARE_CARD","is_prod":false,"is_daily":false,"chose_seed":false,"campfire_upgraded":6,"win_rate":0,"timestamp":1550209522,"path_taken":["M","?","M","$","M","R","E","R","T","E","M","R","?","?","R","BOSS","M","$","?","?","M","E","R","E","T","M","R","?","?","E","R","BOSS","M","?","?","?","M","R","?","?","T","E","M","M","?","E","R","BOSS","BOSS","R","$","E","BOSS"],"build_version":"2019-01-23","purchased_purges":3,"victory":false,"max_hp_per_floor":[71,71,71,71,76,76,76,76,76,76,76,76,76,76,76,76,76,76,76,76,76,76,76,76,76,76,76,76,76,76,76,76,76,76,76,76,76,76,76,76,76,76,76,76,76,76,76,76,76,76,76,76,76,76,76,76],"card_choices":[{"not_picked":["Compile Driver","Barrage"],"picked":"Hologram","floor":1.0},{"not_picked":["Scrape","Rip and Tear"],"picked":"Darkness","floor":3.0},{"not_picked":["Consume","White Noise"],"picked":"Sunder","floor":5.0},{"not_picked":["Beam Cell","Static Discharge"],"picked":"Coolheaded","floor":7.0},{"not_picked":["Cold Snap","Turbo"],"picked":"Meteor Strike","floor":10.0},{"not_picked":["Sunder","Stack"],"picked":"Redo","floor":11.0},{"not_picked":["Streamline","Beam Cell"],"picked":"Reinforced Body","floor":13.0},{"not_picked":["Amplify","Machine Learning"],"picked":"Buffer","floor":16.0},{"not_picked":["Compile Driver","Coolheaded"],"picked":"Glacier","floor":18.0},{"not_picked":["Steam Power","Rebound","Storm"],"picked":"SKIP","floor":22.0},{"not_picked":["Blizzard","Storm"],"picked":"Undo","floor":23.0},{"not_picked":["Steam","Coolheaded","Sunder"],"picked":"SKIP","floor":25.0},{"not_picked":["Steam","Hologram","Rebound"],"picked":"SKIP","floor":27.0},{"not_picked":["Heatsinks","Turbo","Leap"],"picked":"SKIP","floor":31.0},{"not_picked":["Creative AI","Machine Learning"],"picked":"Rainbow","floor":33.0},{"not_picked":["Cold Snap+1","Chaos","Hologram"],"picked":"SKIP","floor":35.0},{"not_picked":["Mind Blast","Discovery"],"picked":"Purity","floor":38.0},{"not_picked":["Ball Lightning","Beam Cell","Turbo+1"],"picked":"SKIP","floor":39.0},{"not_picked":["Cold Snap","Leap"],"picked":"Consume","floor":41.0},{"not_picked":["Streamline","Undo","Sweeping Beam"],"picked":"SKIP","floor":44.0},{"not_picked":["Force Field","Core Surge"],"picked":"Reinforced Body+1","floor":45.0},{"not_picked":["Rebound","Cold Snap+1","Ball Lightning"],"picked":"SKIP","floor":46.0},{"not_picked":["Streamline","Cold Snap"],"picked":"Defragment+1","floor":48.0},{"not_picked":["Stack+1","Reprogram"],"picked":"Double Energy","floor":55.0}],"player_experience":2769951,"relics_obtained":[{"floor":7.0,"key":"Gremlin Horn"},{"floor":9.0,"key":"Letter Opener"},{"floor":10.0,"key":"MawBank"},{"floor":23.0,"key":"Happy Flower"},{"floor":25.0,"key":"Anchor"},{"floor":26.0,"key":"Centennial Puzzle"},{"floor":31.0,"key":"Bronze Scales"},{"floor":36.0,"key":"Unceasing Top"},{"floor":44.0,"key":"Pen Nib"},{"floor":47.0,"key":"Ice Cream"},{"floor":48.0,"key":"Juzu Bracelet"},{"floor":55.0,"key":"Blood Vial"}],"event_choices":[{"cards_removed":["Strike_B"],"damage_healed":0.0,"max_hp_gain":0.0,"max_hp_loss":0.0,"gold_gain":0.0,"event_name":"The Cleric","player_choice":"Card Removal","floor":2.0,"gold_loss":75.0,"damage_taken":0.0},{"damage_healed":0.0,"max_hp_gain":0.0,"max_hp_loss":0.0,"gold_gain":0.0,"event_name":"Dead Adventurer","player_choice":"Searched \u00272\u0027 times","floor":13.0,"gold_loss":0.0,"damage_taken":0.0,"relics_obtained":["The Courier"]},{"damage_healed":0.0,"max_hp_gain":0.0,"max_hp_loss":0.0,"gold_gain":75.0,"event_name":"World of Goop","player_choice":"Gather Gold","floor":14.0,"gold_loss":0.0,"damage_taken":11.0},{"damage_healed":0.0,"max_hp_gain":0.0,"max_hp_loss":0.0,"gold_gain":0.0,"event_name":"The Mausoleum","player_choice":"Ignored","floor":20.0,"gold_loss":0.0,"damage_taken":0.0},{"damage_healed":0.0,"max_hp_gain":0.0,"max_hp_loss":0.0,"gold_gain":0.0,"event_name":"Ghosts","player_choice":"Ignored","floor":21.0,"gold_loss":0.0,"damage_taken":0.0},{"cards_removed":["Strike_B"],"damage_healed":0.0,"max_hp_gain":0.0,"max_hp_loss":0.0,"gold_gain":0.0,"event_name":"Beggar","player_choice":"Gave Gold","floor":29.0,"gold_loss":75.0,"damage_taken":0.0},{"damage_healed":0.0,"max_hp_gain":0.0,"max_hp_loss":0.0,"gold_gain":0.0,"event_name":"Mysterious Sphere","player_choice":"Fight","floor":36.0,"gold_loss":0.0,"damage_taken":0.0},{"cards_removed":["Rainbow"],"damage_healed":0.0,"max_hp_gain":0.0,"max_hp_loss":0.0,"gold_gain":0.0,"event_name":"Falling","player_choice":"Removed Skill","floor":37.0,"gold_loss":0.0,"damage_taken":0.0},{"damage_healed":0.0,"max_hp_gain":0.0,"max_hp_loss":0.0,"gold_gain":0.0,"event_name":"SensoryStone","player_choice":"Memory 1","floor":38.0,"gold_loss":0.0,"damage_taken":0.0},{"damage_healed":0.0,"max_hp_gain":0.0,"max_hp_loss":0.0,"gold_gain":0.0,"event_name":"Tomb of Lord Red Mask","player_choice":"Ignored","floor":42.0,"gold_loss":0.0,"damage_taken":0.0}],"is_beta":false,"boss_relics":[{"not_picked":["Empty Cage","Velvet Choker"],"picked":"Snecko Eye"},{"not_picked":["Eternal Feather","Lizard Tail"],"picked":"Fusion Hammer"}],"items_purged_floors":[19,30,54],"is_endless":false,"potions_floor_spawned":[3,5,10,16,18,23,27,33,36,39],"killed_by":"The Heart","ascension_level":20}