{"gold_per_floor":[110,110,35,53,65,65,98,115,115,130,143,177,189,222,222,293,293,310,310,43,43,56,56],"floor_reached":23,"playtime":1040,"items_purged":["Pain"],"score":526,"play_id":"b79a83ca-0280-4ac1-bffb-9bbfd408bbb5","local_time":"20190217104341","is_ascension_mode":true,"campfire_choices":[{"data":"Coolheaded","floor":6,"key":"SMITH"},{"data":"Double Energy","floor":15,"key":"SMITH"}],"neow_cost":"NONE","seed_source_timestamp":401158501364625,"circlet_count":0,"master_deck":["AscendersBane","Strike_B+1","Strike_B+1","Defend_B","Defend_B","Defend_B","Defend_B","Zap","Dualcast","Coolheaded+1","Cold Snap","Melter","FTL","Self Repair","Reinforced Body","Double Energy+1","Undo","All For One","Stack","Genetic Algorithm","Melter","Defragment","Master of Strategy","Coolheaded"],"relics":["Cracked Core","NeowsBlessing","WarpedTongs","Whetstone","Sundial","Incense Burner","Cables","Philosopher\u0027s Stone"],"potions_floor_usage":[23],"damage_taken":[{"damage":0,"enemies":"Small Slimes","floor":1,"turns":1},{"damage":0,"enemies":"Cultist","floor":4,"turns":1},{"damage":0,"enemies":"Jaw Worm","floor":5,"turns":1},{"damage":14,"enemies":"Lagavulin","floor":7,"turns":8},{"damage":11,"enemies":"Exordium Thugs","floor":8,"turns":3},{"damage":0,"enemies":"Exordium Wildlife","floor":10,"turns":5},{"damage":0,"enemies":"3 Louse","floor":11,"turns":2},{"damage":26,"enemies":"Gremlin Nob","floor":12,"turns":4},{"damage":0,"enemies":"Looter","floor":13,"turns":4},{"damage":7,"enemies":"3 Sentries","floor":14,"turns":12},{"damage":0,"enemies":"The Guardian","floor":16,"turns":13},{"damage":8,"enemies":"Chosen","floor":18,"turns":4},{"damage":24,"enemies":"2 Thieves","floor":22,"turns":4},{"damage":42,"enemies":"Gremlin Leader","floor":23,"turns":6}],"seed_played":"-2616071446292765952","potions_obtained":[{"floor":5,"key":"PowerPotion"},{"floor":11,"key":"Ancient Potion"}],"is_trial":false,"path_per_floor":["M","?","$","M","M","R","E","M","T","M","M","E","M","E","R","B",null,"M","?","$","?","M","E"],"character_chosen":"DEFECT","items_purchased":["Defragment","Master of Strategy"],"campfire_rested":0,"item_purchase_floors":[20,20],"current_hp_per_floor":[64,64,64,64,64,64,50,39,39,46,46,30,40,43,43,50,66,58,58,58,58,41,0],"gold":56,"neow_bonus":"THREE_ENEMY_KILL","is_prod":false,"is_daily":false,"chose_seed":false,"campfire_upgraded":2,"win_rate":0,"timestamp":1550371421,"path_taken":["M","?","$","M","M","R","E","M","T","M","M","E","M","E","R","BOSS","M","?","$","?","M","E"],"build_version":"2019-01-23","purchased_purges":1,"victory":false,"max_hp_per_floor":[71,71,71,71,71,71,71,71,71,71,71,71,71,71,71,71,71,71,71,71,71,71,71],"card_choices":[{"not_picked":["Barrage","Compile Driver"],"picked":"Coolheaded","floor":1},{"not_picked":["Leap","Sweeping Beam"],"picked":"Cold Snap","floor":4},{"not_picked":["Static Discharge","Lockon"],"picked":"Melter","floor":5},{"not_picked":["Compile Driver","Barrage"],"picked":"FTL","floor":7},{"not_picked":["Stack","Steam"],"picked":"Self Repair","floor":8},{"not_picked":["Self Repair","Scrape","Barrage"],"picked":"SKIP","floor":10},{"not_picked":["Conserve Battery","Sweeping Beam"],"picked":"Reinforced Body","floor":11},{"not_picked":["Reprogram","Tempest"],"picked":"Double Energy","floor":12},{"not_picked":["Beam Cell","Sweeping Beam"],"picked":"Undo","floor":13},{"not_picked":["Steam","Streamline","Ball Lightning"],"picked":"SKIP","floor":14},{"not_picked":["Amplify","Thunder Strike"],"picked":"All For One","floor":16},{"not_picked":["Chaos","Conserve Battery"],"picked":"Stack","floor":18},{"not_picked":["Rebound","Sweeping Beam"],"picked":"Coolheaded","floor":22}],"player_experience":798313,"relics_obtained":[{"floor":7,"key":"Whetstone"},{"floor":9,"key":"Sundial"},{"floor":12,"key":"Incense Burner"},{"floor":14,"key":"Cables"}],"event_choices":[{"damage_healed":0,"gold_gain":0,"player_choice":"Rummage","damage_taken":0,"relics_obtained":["WarpedTongs"],"max_hp_gain":0,"max_hp_loss":0,"event_name":"Accursed Blacksmith","floor":2,"gold_loss":0,"cards_obtained":["Pain"]},{"damage_healed":0,"gold_gain":0,"cards_transformed":["Strike_B","Strike_B"],"player_choice":"Became Test Subject","damage_taken":0,"max_hp_gain":0,"max_hp_loss":0,"event_name":"Drug Dealer","floor":19,"gold_loss":0,"cards_obtained":["Genetic Algorithm","Melter"]},{"damage_healed":0,"gold_gain":0,"player_choice":"Ignored","damage_taken":0,"max_hp_gain":0,"max_hp_loss":0,"event_name":"The Mausoleum","floor":21,"gold_loss":0}],"is_beta":false,"boss_relics":[{"not_picked":["Lizard Tail","Velvet Choker"],"picked":"Philosopher\u0027s Stone"}],"items_purged_floors":[3],"is_endless":false,"potions_floor_spawned":[5,11,12,16],"killed_by":"Gremlin Leader","ascension_level":20}