{"gold_per_floor":[109,109,109,119,44,44,77,89,171,185,185,201,226,126,126,197,197,209,209,222,222,222,254,254,265,265,278,278,310,327,217,217,294,294,309,329,343,343,359,388,388,407,434,434,445,445,445,462,462,462,462,462,55,80,80],"floor_reached":55,"playtime":2110,"items_purged":["Defend_B","Strike_B","Defend_B"],"score":1311,"play_id":"8b51f612-f57a-4eb9-9482-b414059d3d50","local_time":"20190310175810","is_ascension_mode":true,"campfire_choices":[{"data":"Dualcast","floor":6.0,"key":"SMITH"},{"data":"Zap","floor":11.0,"key":"SMITH"},{"data":"Recycle","floor":15.0,"key":"SMITH"},{"data":"Fission","floor":24.0,"key":"SMITH"},{"data":"Coolheaded","floor":28.0,"key":"SMITH"},{"floor":32.0,"key":"REST"},{"data":"Discovery","floor":41.0,"key":"SMITH"},{"floor":46.0,"key":"REST"},{"floor":49,"key":"RECALL"},{"data":"Reinforced Body","floor":52,"key":"SMITH"}],"neow_cost":"NONE","seed_source_timestamp":0,"circlet_count":0,"master_deck":["AscendersBane","Zap+1","Dualcast+1","Cold Snap","Compile Driver","Undo+1","Coolheaded+1","Rebound","Recycle+1","Ball Lightning","Rip and Tear","Fission+1","Cold Snap","Chill","Scrape","Meteor Strike+1","Echo Form","Reinforced Body+1","Ball Lightning+1","Buffer+1","Glacier+1","Discovery+1","Panacea+1","Conserve Battery+1","Creative AI+1","Chill"],"special_seed":0,"relics":["Cracked Core","NeowsBlessing","Centennial Puzzle","Symbiotic Virus","Pear","Inserter","Dream Catcher","Frozen Egg 2","Ancient Tea Set","Runic Pyramid","PreservedInsect","War Paint","Mercury Hourglass"],"potions_floor_usage":[55,55],"damage_taken":[{"damage":0.0,"enemies":"Jaw Worm","floor":1.0,"turns":1.0},{"damage":0.0,"enemies":"2 Louse","floor":4.0,"turns":1.0},{"damage":0.0,"enemies":"3 Sentries","floor":7.0,"turns":1.0},{"damage":0.0,"enemies":"Cultist","floor":8.0,"turns":3.0},{"damage":1.0,"enemies":"Looter","floor":10.0,"turns":3.0},{"damage":0.0,"enemies":"2 Fungi Beasts","floor":12.0,"turns":2.0},{"damage":20.0,"enemies":"Lagavulin","floor":13.0,"turns":4.0},{"damage":6.0,"enemies":"The Guardian","floor":16.0,"turns":9.0},{"damage":2.0,"enemies":"Shell Parasite","floor":18.0,"turns":5.0},{"damage":5.0,"enemies":"2 Thieves","floor":20.0,"turns":2.0},{"damage":16.0,"enemies":"Slavers","floor":23.0,"turns":6.0},{"damage":9.0,"enemies":"Sentry and Sphere","floor":25.0,"turns":4.0},{"damage":0.0,"enemies":"3 Cultists","floor":27.0,"turns":5.0},{"damage":17.0,"enemies":"Book of Stabbing","floor":29.0,"turns":3.0},{"damage":9.0,"enemies":"Snake Plant","floor":30.0,"turns":3.0},{"damage":22.0,"enemies":"Automaton","floor":33.0,"turns":9.0},{"damage":0.0,"enemies":"3 Shapes","floor":35.0,"turns":4.0},{"damage":11.0,"enemies":"3 Darklings","floor":36.0,"turns":5.0},{"damage":0.0,"enemies":"Spire Growth","floor":37.0,"turns":5.0},{"damage":0.0,"enemies":"Transient","floor":39.0,"turns":5.0},{"damage":0.0,"enemies":"Giant Head","floor":40.0,"turns":10.0},{"damage":22.0,"enemies":"Jaw Worm Horde","floor":42.0,"turns":4.0},{"damage":0.0,"enemies":"Spire Growth","floor":45.0,"turns":8.0},{"damage":11,"enemies":"Writhing Mass","floor":48,"turns":6},{"damage":8,"enemies":"Time Eater","floor":50,"turns":15},{"damage":32,"enemies":"Shield and Spear","floor":54,"turns":9},{"damage":33,"enemies":"The Heart","floor":55,"turns":5}],"seed_played":"-3207452403223257756","potions_obtained":[{"floor":1.0,"key":"PowerPotion"},{"floor":10.0,"key":"Dexterity Potion"},{"floor":18.0,"key":"AttackPotion"},{"floor":27.0,"key":"Dexterity Potion"},{"floor":29.0,"key":"Weak Potion"},{"floor":37.0,"key":"FearPotion"}],"is_trial":false,"path_per_floor":["M","?","?","M","$","R","E","M","T","M","R","M","E","$","R","B",null,"M","?","M","?","?","E","R","M","T","M","R","E","M","?","R","B",null,"M","M","M","?","M","E","R","M","T","?","M","R","?","M","R","B",null,"R","$","E","B"],"character_chosen":"DEFECT","items_purchased":["War Paint","Chill","AttackPotion"],"campfire_rested":2,"item_purchase_floors":[53,53,53],"current_hp_per_floor":[64,57,57,57,57,57,57,57,57,56,56,56,46,46,46,40,71,69,69,64,64,64,48,48,39,39,39,39,22,13,13,37,15,65,65,54,54,44,44,44,44,22,22,22,22,46,46,35,35,27,65,65,65,33,0],"gold":80,"neow_bonus":"THREE_ENEMY_KILL","is_prod":false,"is_daily":false,"chose_seed":true,"campfire_upgraded":7,"win_rate":0,"timestamp":1552211890,"path_taken":["M","?","?","M","$","R","E","M","T","M","R","M","E","?","R","BOSS","M","?","?","?","?","E","R","M","T","M","R","E","M","?","R","BOSS","M","M","?","?","M","E","R","M","T","?","?","R","?","M","R","BOSS","R","$","E","BOSS"],"build_version":"2019-01-23","purchased_purges":3,"victory":false,"max_hp_per_floor":[71,71,71,71,71,71,71,71,71,71,71,71,81,81,81,81,81,81,81,81,81,81,81,81,81,81,81,81,81,81,81,81,81,81,81,81,81,81,81,81,81,81,81,81,81,81,77,77,77,77,77,77,77,77,77],"card_choices":[{"not_picked":["Steam Power","Coolheaded"],"picked":"Cold Snap","floor":1.0},{"not_picked":["Leap","Auto Shields"],"picked":"Undo","floor":4.0},{"not_picked":["Melter","Turbo"],"picked":"Coolheaded","floor":7.0},{"not_picked":["Lockon","Reprogram"],"picked":"Rebound","floor":8.0},{"not_picked":["Reboot","Leap"],"picked":"Recycle","floor":10.0},{"not_picked":["Hologram","Coolheaded"],"picked":"Ball Lightning","floor":12.0},{"not_picked":["Undo","Genetic Algorithm"],"picked":"Rip and Tear","floor":13.0},{"not_picked":["Rainbow","All For One"],"picked":"Fission","floor":16.0},{"not_picked":["Sweeping Beam+1","Turbo"],"picked":"Cold Snap","floor":18.0},{"not_picked":["Fusion","Streamline"],"picked":"Chill","floor":20.0},{"not_picked":["Reinforced Body","Ball Lightning"],"picked":"Echo Form","floor":23.0},{"not_picked":["Leap","Go for the Eyes","Sweeping Beam+1"],"picked":"SKIP","floor":25.0},{"not_picked":["Redo","Conserve Battery","Sweeping Beam"],"picked":"SKIP","floor":27.0},{"not_picked":["Rip and Tear","Cold Snap"],"picked":"Reinforced Body","floor":29.0},{"not_picked":["Redo","Leap"],"picked":"Ball Lightning+1","floor":30.0},{"not_picked":["Machine Learning+1","Fission"],"picked":"Buffer+1","floor":33.0},{"not_picked":["Beam Cell+1","Leap","Darkness"],"picked":"SKIP","floor":35.0},{"not_picked":["Redo","Go for the Eyes"],"picked":"Glacier","floor":36.0},{"not_picked":["Coolheaded","Force Field","Melter"],"picked":"SKIP","floor":37.0},{"not_picked":["Dark Shackles","Bandage Up"],"picked":"Discovery","floor":38.0},{"not_picked":["Trip","Good Instincts"],"picked":"Panacea","floor":38.0},{"not_picked":["Chaos","FTL+1"],"picked":"Conserve Battery+1","floor":39.0},{"not_picked":["Turbo","Barrage"],"picked":"Creative AI+1","floor":40.0},{"not_picked":["Conserve Battery","Beam Cell","Coolheaded"],"picked":"SKIP","floor":42.0},{"not_picked":["Leap","Go for the Eyes","Capacitor+1"],"picked":"SKIP","floor":45.0},{"not_picked":["Stack","Beam Cell","Leap"],"picked":"SKIP","floor":48},{"not_picked":["Compile Driver+1","Steam Power","Static Discharge+1"],"picked":"SKIP","floor":54}],"player_experience":3464983,"relics_obtained":[{"floor":7.0,"key":"Centennial Puzzle"},{"floor":9.0,"key":"Symbiotic Virus"},{"floor":13.0,"key":"Pear"},{"floor":23.0,"key":"Dream Catcher"},{"floor":26.0,"key":"Frozen Egg 2"},{"floor":29.0,"key":"Ancient Tea Set"},{"floor":40.0,"key":"PreservedInsect"},{"floor":54,"key":"Mercury Hourglass"}],"event_choices":[{"cards_removed":["Strike_B"],"damage_healed":0.0,"max_hp_gain":0.0,"max_hp_loss":0.0,"gold_gain":0.0,"event_name":"Golden Wing","player_choice":"Card Removal","floor":2.0,"gold_loss":0.0,"damage_taken":7.0},{"damage_healed":0.0,"max_hp_gain":0.0,"max_hp_loss":0.0,"gold_gain":0.0,"cards_transformed":["Strike_B"],"event_name":"Living Wall","player_choice":"Change","floor":3.0,"gold_loss":0.0,"damage_taken":0.0,"cards_obtained":["Compile Driver"]},{"damage_healed":0.0,"max_hp_gain":0.0,"max_hp_loss":0.0,"gold_gain":0.0,"event_name":"Lab","player_choice":"Got Potions","floor":19.0,"gold_loss":0.0,"damage_taken":0.0},{"damage_healed":0.0,"max_hp_gain":0.0,"max_hp_loss":0.0,"gold_gain":0.0,"cards_transformed":["Strike_B","Defend_B"],"event_name":"Drug Dealer","player_choice":"Became Test Subject","floor":21.0,"gold_loss":0.0,"damage_taken":0.0,"cards_obtained":["Scrape","Meteor Strike"]},{"damage_healed":0.0,"max_hp_gain":0.0,"max_hp_loss":0.0,"gold_gain":0.0,"event_name":"Vampires","player_choice":"Ignored","floor":22.0,"gold_loss":0.0,"damage_taken":0.0},{"cards_removed":["Defend_B"],"damage_healed":0.0,"max_hp_gain":0.0,"max_hp_loss":0.0,"gold_gain":0.0,"event_name":"Designer","player_choice":"Upgrade and Remove","floor":31.0,"gold_loss":110.0,"damage_taken":0.0,"cards_upgraded":["Meteor Strike"]},{"damage_healed":0.0,"max_hp_gain":0.0,"max_hp_loss":0.0,"gold_gain":0.0,"event_name":"SensoryStone","player_choice":"Memory 3","floor":38.0,"gold_loss":0.0,"damage_taken":10.0},{"damage_healed":0.0,"max_hp_gain":0.0,"max_hp_loss":0.0,"gold_gain":0.0,"event_name":"Upgrade Shrine","player_choice":"Upgraded","floor":44.0,"gold_loss":0.0,"damage_taken":0.0,"cards_upgraded":["Panacea"]},{"damage_healed":0.0,"max_hp_gain":0.0,"max_hp_loss":4.0,"gold_gain":0.0,"event_name":"Winding Halls","player_choice":"Max HP","floor":47.0,"gold_loss":0.0,"damage_taken":0.0}],"is_beta":false,"boss_relics":[{"not_picked":["Black Star","White Beast Statue"],"picked":"Inserter"},{"not_picked":["FrozenCore","Lizard Tail"],"picked":"Runic Pyramid"}],"items_purged_floors":[5,14,53],"is_endless":false,"potions_floor_spawned":[1,10,12,18,27,29,37,40,45],"killed_by":"The Heart","ascension_level":15}