{"gold_per_floor":[19,19,19,34,34,34,53,53,77,77,97,97,97,133,133,133],"floor_reached":16,"playtime":315,"items_purged":[],"score":196,"play_id":"58bdc5e5-b95c-485f-a268-8c001570c487","local_time":"20181120155556","is_ascension_mode":true,"campfire_choices":[{"data":"Zap","floor":6,"key":"SMITH"},{"data":"Blizzard","floor":12,"key":"SMITH"},{"data":"Recycle","floor":15,"key":"SMITH"}],"neow_cost":"NO_GOLD","seed_source_timestamp":1746213370558158,"circlet_count":0,"master_deck":["AscendersBane","Strike_B","Strike_B","Strike_B","Defend_B","Defend_B","Defend_B","Zap+1","Dualcast","Blizzard+1","Cold Snap","Recycle+1"],"relics":["Cracked Core","Golden Idol","Ancient Tea Set"],"potions_floor_usage":[14,14],"damage_taken":[{"damage":2,"enemies":"2 Louse","floor":1,"turns":2},{"damage":0,"enemies":"Cultist","floor":4,"turns":3},{"damage":12,"enemies":"Jaw Worm","floor":7,"turns":2},{"damage":1,"enemies":"Exordium Wildlife","floor":11,"turns":3},{"damage":19,"enemies":"3 Sentries","floor":14,"turns":9},{"damage":29,"enemies":"The Guardian","floor":16,"turns":4}],"seed_played":"-8056038491514394558","potions_obtained":[{"floor":2,"key":"SpeedPotion"},{"floor":2,"key":"Swift Potion"}],"is_trial":false,"path_per_floor":["M","?","$","M","$","R","M","$","T","?","M","R","?","E","R","B"],"character_chosen":"DEFECT","items_purchased":[],"campfire_rested":0,"item_purchase_floors":[],"current_hp_per_floor":[62,62,62,62,62,62,50,50,50,50,49,49,49,30,30,1],"gold":133,"neow_bonus":"REMOVE_TWO","is_prod":false,"is_daily":false,"chose_seed":false,"campfire_upgraded":3,"win_rate":0,"timestamp":1542700556,"path_taken":["M","?","?","M","$","R","?","$","T","?","M","R","?","E","R","BOSS"],"build_version":"2018-11-15","purchased_purges":0,"victory":false,"max_hp_per_floor":[71,71,71,71,71,71,71,71,71,71,71,71,64,64,64,64],"card_choices":[{"not_picked":["Barrage","Conserve Battery"],"picked":"Blizzard","floor":1},{"not_picked":["Sweeping Beam","Blizzard","Ball Lightning"],"picked":"SKIP","floor":4},{"not_picked":["Amplify","Redo"],"picked":"Cold Snap","floor":7},{"not_picked":["Streamline","Sunder"],"picked":"Recycle","floor":11},{"not_picked":["Conserve Battery","Leap","Undo"],"picked":"SKIP","floor":14}],"player_experience":579419,"relics_obtained":[{"floor":14,"key":"Ancient Tea Set"}],"event_choices":[{"damage_healed":0,"gold_gain":0,"player_choice":"Got Potions","damage_taken":0,"max_hp_gain":0,"max_hp_loss":0,"event_name":"Lab","floor":2,"gold_loss":0},{"damage_healed":0,"gold_gain":0,"player_choice":"Ignored","damage_taken":0,"max_hp_gain":0,"max_hp_loss":0,"event_name":"Liars Game","floor":10,"gold_loss":0},{"damage_healed":0,"gold_gain":0,"player_choice":"Lose Max HP","damage_taken":0,"relics_obtained":["Golden Idol"],"max_hp_gain":0,"max_hp_loss":7,"event_name":"Golden Idol","floor":13,"gold_loss":0}],"is_beta":true,"boss_relics":[],"items_purged_floors":[],"is_endless":false,"potions_floor_spawned":[4,7,11],"killed_by":"The Guardian","ascension_level":20}