{"gold_per_floor":[118,133,150,166,22,22,22,34,34,34,34,61,61,89,89,190,190,203,91,102,122,133,133,143,143,190,170,269,287,287,301,301,404,404,414,192,208,162,37,37,49,49,49,67,87,87,103,103,103,103],"floor_reached":51,"playtime":2340,"items_purged":["Strike_G","Strike_G","Strike_G"],"score":761,"play_id":"5ee61e74-fc16-4596-ab17-b14e2f473197","local_time":"20181022185417","is_ascension_mode":false,"campfire_choices":[{"data":"Noxious Fumes","floor":6.0,"key":"SMITH"},{"data":"Glass Knife","floor":11.0,"key":"SMITH"},{"data":"Bouncing Flask","floor":15.0,"key":"SMITH"},{"data":"Night Terror","floor":25.0,"key":"SMITH"},{"data":"Tactician","floor":30.0,"key":"SMITH"},{"data":"Catalyst","floor":32.0,"key":"SMITH"},{"floor":40.0,"key":"REST"},{"floor":42.0,"key":"REST"},{"floor":49,"key":"REST"}],"neow_cost":"NONE","seed_source_timestamp":38124511417848,"circlet_count":0,"master_deck":["Defend_G+1","Defend_G+1","Defend_G+1","Defend_G+1","Strike_G+1","Survivor+1","Neutralize+1","Tactician+1","Dagger Throw+1","Poisoned Stab+1","Noxious Fumes+1","Glass Knife+1","Dagger Throw+1","Bouncing Flask+1","Tactician+1","Night Terror+1","Acrobatics+1","Catalyst+1","Footwork+1","Backflip+1","Expertise+1","Backflip+1","Acrobatics+1","Escape Plan+1","Acrobatics+1","Dagger Throw+1"],"special_seed":0,"relics":["Ring of the Snake","Meat on the Bone","Mercury Hourglass","Calipers","Philosopher\u0027s Stone","PreservedInsect","Fusion Hammer","Du-Vu Doll","Mark of the Bloom"],"potions_floor_usage":[47],"damage_taken":[{"damage":7.0,"enemies":"Small Slimes","floor":1.0,"turns":7.0},{"damage":4.0,"enemies":"Jaw Worm","floor":2.0,"turns":5.0},{"damage":0.0,"enemies":"2 Louse","floor":3.0,"turns":5.0},{"damage":2.0,"enemies":"Looter","floor":4.0,"turns":4.0},{"damage":3.0,"enemies":"Lots of Slimes","floor":8.0,"turns":5.0},{"damage":19.0,"enemies":"3 Sentries","floor":12.0,"turns":7.0},{"damage":5.0,"enemies":"Lagavulin","floor":14.0,"turns":7.0},{"damage":18.0,"enemies":"The Guardian","floor":16.0,"turns":6.0},{"damage":2.0,"enemies":"Shell Parasite","floor":18.0,"turns":3.0},{"damage":3.0,"enemies":"Chosen","floor":20.0,"turns":5.0},{"damage":0.0,"enemies":"Snecko","floor":21.0,"turns":2.0},{"damage":13.0,"enemies":"Snake Plant","floor":22.0,"turns":3.0},{"damage":18.0,"enemies":"3 Cultists","floor":24.0,"turns":4.0},{"damage":10.0,"enemies":"Shelled Parasite and Fungi","floor":29.0,"turns":4.0},{"damage":15.0,"enemies":"Centurion and Healer","floor":31.0,"turns":7.0},{"damage":30.0,"enemies":"Champ","floor":33.0,"turns":3.0},{"damage":16.0,"enemies":"3 Darklings","floor":35.0,"turns":4.0},{"damage":2.0,"enemies":"Orb Walker","floor":37.0,"turns":4.0},{"damage":8.0,"enemies":"Writhing Mass","floor":41.0,"turns":3.0},{"damage":0.0,"enemies":"Transient","floor":44.0,"turns":5.0},{"damage":0.0,"enemies":"4 Shapes","floor":45.0,"turns":4.0},{"damage":1,"enemies":"Writhing Mass","floor":47,"turns":4},{"damage":0,"enemies":"Awakened One","floor":50,"turns":7}],"seed_played":"9026344622382727014","potions_obtained":[{"floor":2.0,"key":"Energy Potion"},{"floor":8.0,"key":"PowerPotion"},{"floor":18.0,"key":"Swift Potion"},{"floor":22.0,"key":"Energy Potion"},{"floor":27.0,"key":"Dexterity Potion"},{"floor":31.0,"key":"Fruit Juice"},{"floor":41.0,"key":"SpeedPotion"}],"is_trial":false,"path_per_floor":["M","M","M","M","$","R","?","M","T","$","R","E","$","E","R","B",null,"M","$","M","M","M","?","M","R","T","?","?","M","R","M","R","B",null,"M","$","M","$","$","R","M","R","T","M","M","?","M","?","R","B"],"character_chosen":"THE_SILENT","items_purchased":["Noxious Fumes","Catalyst","Footwork","Acrobatics","GhostInAJar","Acrobatics"],"campfire_rested":3,"item_purchase_floors":[5,19,19,36,36,38],"current_hp_per_floor":[63,59,59,57,57,57,57,54,54,54,54,47,47,42,42,36,70,68,68,65,65,52,45,39,39,39,39,39,41,41,38,38,25,75,59,59,57,57,57,75,67,75,75,75,75,75,74,74,74,74],"gold":103,"neow_bonus":"THREE_CARDS","is_prod":false,"is_daily":false,"chose_seed":false,"campfire_upgraded":6,"win_rate":0,"timestamp":1540205657,"path_taken":["M","M","M","M","$","R","?","M","T","$","R","E","$","E","R","BOSS","M","$","M","M","M","?","M","R","T","?","?","?","R","M","R","BOSS","M","$","M","?","$","R","M","R","T","M","M","?","?","?","R","BOSS"],"build_version":"2018-10-18","purchased_purges":3,"victory":true,"max_hp_per_floor":[70,70,70,70,70,70,70,70,70,70,70,70,70,70,70,70,70,70,70,70,70,70,70,70,70,70,70,70,70,70,70,70,75,75,75,75,75,75,75,75,75,75,75,75,75,75,75,75,75,75],"card_choices":[{"not_picked":["Distraction","Prepared"],"picked":"Tactician","floor":0.0},{"not_picked":["PiercingWail","Blade Dance","Sucker Punch"],"picked":"SKIP","floor":1.0},{"not_picked":["Prepared","Cloak And Dagger","Flying Knee"],"picked":"SKIP","floor":2.0},{"not_picked":["Sucker Punch","Cloak And Dagger"],"picked":"Dagger Throw","floor":3.0},{"not_picked":["Cloak And Dagger","Bane"],"picked":"Poisoned Stab","floor":4.0},{"not_picked":["Sucker Punch","Deflect"],"picked":"Dagger Throw","floor":8.0},{"not_picked":["Predator","PiercingWail"],"picked":"Bouncing Flask","floor":12.0},{"not_picked":["Backflip","Dagger Throw"],"picked":"Tactician","floor":14.0},{"not_picked":["Storm of Steel","Die Die Die"],"picked":"Night Terror","floor":16.0},{"not_picked":["Slice","Finisher"],"picked":"Acrobatics","floor":18.0},{"not_picked":["Choke","Flying Knee","Dodge and Roll"],"picked":"SKIP","floor":20.0},{"not_picked":["Prepared","PiercingWail"],"picked":"Backflip","floor":21.0},{"not_picked":["Flying Knee","Endless Agony","Masterful Stab"],"picked":"SKIP","floor":22.0},{"not_picked":["Finisher","Sucker Punch+1","Prepared"],"picked":"SKIP","floor":24.0},{"not_picked":["Finisher","Sucker Punch+1","Prepared"],"picked":"SKIP","floor":24.0},{"not_picked":["Distraction","Deflect+1"],"picked":"Expertise+1","floor":29.0},{"not_picked":["Dagger Spray","Masterful Stab+1"],"picked":"Backflip","floor":31.0},{"not_picked":["Masterful Stab","Flying Knee","Deadly Poison+1"],"picked":"SKIP","floor":35.0},{"not_picked":["Cloak And Dagger","Sucker Punch+1"],"picked":"Escape Plan+1","floor":37.0},{"not_picked":["Skewer","Dodge and Roll","Poisoned Stab"],"picked":"SKIP","floor":41.0},{"not_picked":["Dodge and Roll+1","Endless Agony","Bane"],"picked":"SKIP","floor":44.0},{"not_picked":["Blade Dance","Quick Slash+1"],"picked":"Dagger Throw+1","floor":45.0},{"not_picked":["Bane","Terror","Infinite Blades+1"],"picked":"SKIP","floor":47}],"player_experience":521445,"relics_obtained":[{"floor":9.0,"key":"Meat on the Bone"},{"floor":12.0,"key":"Mercury Hourglass"},{"floor":14.0,"key":"Calipers"},{"floor":26.0,"key":"PreservedInsect"},{"floor":43.0,"key":"Du-Vu Doll"}],"event_choices":[{"damage_healed":0.0,"max_hp_gain":0.0,"max_hp_loss":0.0,"gold_gain":0.0,"cards_transformed":["Strike_G"],"event_name":"Living Wall","player_choice":"Change","floor":7.0,"gold_loss":0.0,"damage_taken":0.0,"cards_obtained":["Glass Knife"]},{"damage_healed":0.0,"max_hp_gain":0.0,"max_hp_loss":0.0,"gold_gain":0.0,"event_name":"Knowing Skull","player_choice":"","floor":23.0,"potions_obtained":[],"gold_loss":0.0,"damage_taken":7.0,"cards_obtained":[]},{"damage_healed":0.0,"max_hp_gain":0.0,"max_hp_loss":0.0,"gold_gain":0.0,"event_name":"The Woman in Blue","player_choice":"Bought 1 Potion","floor":27.0,"gold_loss":0.0,"damage_taken":0.0},{"damage_healed":0.0,"max_hp_gain":0.0,"max_hp_loss":0.0,"gold_gain":99.0,"event_name":"Nest","player_choice":"Stole From Cult","floor":28.0,"gold_loss":0.0,"damage_taken":0.0},{"cards_removed":["Defend_G"],"damage_healed":0.0,"max_hp_gain":0.0,"max_hp_loss":0.0,"gold_gain":0.0,"event_name":"Falling","player_choice":"Removed Skill","floor":46.0,"gold_loss":0.0,"damage_taken":0.0},{"damage_healed":0,"gold_gain":0,"player_choice":"Upgrade","damage_taken":0,"relics_obtained":["Mark of the Bloom"],"max_hp_gain":0,"max_hp_loss":0,"event_name":"MindBloom","floor":48,"gold_loss":0,"cards_upgraded":["Defend_G","Defend_G","Defend_G","Defend_G","Strike_G","Survivor","Neutralize","Dagger Throw","Poisoned Stab","Dagger Throw","Tactician","Acrobatics","Footwork","Backflip","Backflip","Acrobatics","Acrobatics"]}],"is_beta":false,"boss_relics":[{"not_picked":["Busted Crown","Calling Bell"],"picked":"Philosopher\u0027s Stone"},{"not_picked":["HoveringKite","Sozu"],"picked":"Fusion Hammer"}],"items_purged_floors":[5,36,39],"is_endless":false,"potions_floor_spawned":[2,8,18,22,31,41],"ascension_level":0}