{"gold_per_floor":[11,11,22,22,22,22,22,22,22,34,53,53,64,91,91,165,165,165],"floor_reached":18,"playtime":406,"items_purged":[],"score":320,"play_id":"4ced6b27-c920-49d4-8031-ede109e54f61","local_time":"20190223003835","is_ascension_mode":true,"campfire_choices":[{"data":"Defragment","floor":6,"key":"SMITH"},{"data":"Turbo","floor":12,"key":"SMITH"},{"data":"Recycle","floor":15,"key":"SMITH"}],"neow_cost":"NO_GOLD","seed_source_timestamp":449006192897614,"circlet_count":0,"master_deck":["AscendersBane","Strike_B","Defend_B","Defend_B","Defend_B","Defend_B","Zap","Dualcast","Turbo+1","Defragment+1","Echo Form","Skim","Auto Shields","Cold Snap","Recycle+1","Biased Cognition"],"relics":["Cracked Core","Peace Pipe","PreservedInsect","Question Card","Ancient Tea Set","Empty Cage"],"potions_floor_usage":[14,16],"damage_taken":[{"damage":1,"enemies":"Cultist","floor":1,"turns":4},{"damage":0,"enemies":"2 Louse","floor":3,"turns":2},{"damage":2,"enemies":"Jaw Worm","floor":10,"turns":4},{"damage":11,"enemies":"Exordium Wildlife","floor":11,"turns":5},{"damage":4,"enemies":"Red Slaver","floor":13,"turns":4},{"damage":15,"enemies":"Gremlin Nob","floor":14,"turns":4},{"damage":15,"enemies":"Slime Boss","floor":16,"turns":11},{"damage":13,"enemies":"3 Byrds","floor":18,"turns":2}],"seed_played":"-387469067205401792","potions_obtained":[{"floor":3,"key":"SpeedPotion"},{"floor":13,"key":"Block Potion"}],"is_trial":false,"path_per_floor":["M","$","M","?","?","R","?","$","T","M","M","R","M","E","R","B",null,"M"],"character_chosen":"DEFECT","items_purchased":[],"campfire_rested":0,"item_purchase_floors":[],"current_hp_per_floor":[63,63,63,63,63,63,63,63,63,61,50,50,46,31,31,16,57,44],"gold":165,"neow_bonus":"ONE_RARE_RELIC","is_prod":false,"is_daily":false,"chose_seed":false,"campfire_upgraded":3,"win_rate":0,"timestamp":1550853515,"path_taken":["M","$","M","?","?","R","?","$","T","M","M","R","M","E","R","BOSS","M"],"build_version":"2019-01-23","purchased_purges":0,"victory":false,"max_hp_per_floor":[71,71,71,71,71,71,71,71,71,71,71,71,71,71,71,71,71,71],"card_choices":[{"not_picked":["Conserve Battery","Hologram"],"picked":"Turbo","floor":1},{"not_picked":["Hologram","Lockon"],"picked":"Defragment","floor":3},{"not_picked":["Steam","Coolheaded","Sweeping Beam"],"picked":"Skim","floor":10},{"not_picked":["Reprogram","Sweeping Beam","Multi-Cast"],"picked":"Auto Shields","floor":11},{"not_picked":["Static Discharge","White Noise","Sweeping Beam"],"picked":"Cold Snap","floor":13},{"not_picked":["Cold Snap","Rebound","Chill"],"picked":"Recycle","floor":14},{"not_picked":["Multi-Cast","Fission","All For One"],"picked":"Biased Cognition","floor":16}],"player_experience":921957,"relics_obtained":[{"floor":9,"key":"Question Card"},{"floor":14,"key":"Ancient Tea Set"}],"event_choices":[{"damage_healed":0,"gold_gain":0,"player_choice":"Ignored","damage_taken":0,"max_hp_gain":0,"max_hp_loss":0,"event_name":"Liars Game","floor":4,"gold_loss":0},{"damage_healed":0,"gold_gain":0,"cards_transformed":["Strike_B"],"player_choice":"Change","damage_taken":0,"max_hp_gain":0,"max_hp_loss":0,"event_name":"Living Wall","floor":5,"gold_loss":0,"cards_obtained":["Echo Form"]},{"damage_healed":0,"gold_gain":0,"player_choice":"Searched \u00271\u0027 times","damage_taken":0,"relics_obtained":["PreservedInsect"],"max_hp_gain":0,"max_hp_loss":0,"event_name":"Dead Adventurer","floor":7,"gold_loss":0}],"is_beta":false,"boss_relics":[{"not_picked":["Tiny House","Philosopher\u0027s Stone"],"picked":"Empty Cage"}],"items_purged_floors":[],"is_endless":false,"potions_floor_spawned":[3,13],"killed_by":"3 Byrds","ascension_level":20}