{"gold_per_floor":[119,139,157,157,175,175,194,194,194,206,217,231,278,198,198,300,300,312,312,329,345,362,362,362,372,372,372,385,397,397],"floor_reached":30,"playtime":5053,"items_purged":[],"score":255,"play_id":"4fe46b7e-b407-4756-b93a-b7f55db9220a","local_time":"20190707175027","is_ascension_mode":false,"campfire_choices":[{"data":"Dualcast","floor":6,"key":"SMITH"},{"data":"Zap","floor":8,"key":"SMITH"},{"data":"Tempest","floor":15,"key":"SMITH"},{"data":"Streamline","floor":23,"key":"SMITH"},{"data":"Leap","floor":27,"key":"SMITH"}],"neow_cost":"NONE","seed_source_timestamp":1274635471809962,"circlet_count":0,"master_deck":["Defend_B","Defend_B","Defend_B","Zap+1","Dualcast+1","Sweeping Beam","Auto Shields","BootSequence","Loop","Rip and Tear","Chill","Conserve Battery","Streamline+1","Tempest+1","Electrodynamics","Doom and Gloom+1","Bite","Bite","Bite","Bite","Bite","Auto Shields+1","Go for the Eyes+1","Streamline+1","Iron Wave","Leap+1","Leap+1","Double Energy+1"],"relics":["Cracked Core","NeowsBlessing","Bottled Lightning","Juzu Bracelet","Velvet Choker","Toxic Egg 2"],"potions_floor_usage":[16,16,16,29,30],"damage_taken":[{"damage":0,"enemies":"Small Slimes","floor":1,"turns":1},{"damage":0,"enemies":"Jaw Worm","floor":2,"turns":1},{"damage":0,"enemies":"Cultist","floor":3,"turns":1},{"damage":0,"enemies":"3 Louse","floor":5,"turns":3},{"damage":2,"enemies":"Large Slime","floor":7,"turns":7},{"damage":0,"enemies":"Blue Slaver","floor":10,"turns":3},{"damage":8,"enemies":"Exordium Thugs","floor":11,"turns":5},{"damage":0,"enemies":"Red Slaver","floor":12,"turns":3},{"damage":44,"enemies":"Slime Boss","floor":16,"turns":9},{"damage":7,"enemies":"3 Byrds","floor":18,"turns":4},{"damage":10,"enemies":"Chosen","floor":20,"turns":4},{"damage":37,"enemies":"Snecko","floor":21,"turns":7},{"damage":12,"enemies":"3 Cultists","floor":22,"turns":3},{"damage":12,"enemies":"Centurion and Healer","floor":25,"turns":9},{"damage":5,"enemies":"Sentry and Sphere","floor":28,"turns":4},{"damage":11,"enemies":"Snake Plant","floor":29,"turns":3},{"damage":21,"enemies":"Centurion and Healer","floor":30,"turns":5}],"seed_played":"7580257941646000431","potions_obtained":[{"floor":5,"key":"PowerPotion"},{"floor":11,"key":"LiquidBronze"},{"floor":12,"key":"Weak Potion"},{"floor":18,"key":"SteroidPotion"},{"floor":22,"key":"Poison Potion"},{"floor":28,"key":"Block Potion"},{"floor":29,"key":"FearPotion"}],"is_trial":false,"path_per_floor":["M","M","M","?","M","R","M","R","T","M","M","M","T","$","R","B",null,"M","?","M","M","M","R","?","M","T","R","M","M","M"],"character_chosen":"DEFECT","items_purchased":["Tempest"],"campfire_rested":0,"item_purchase_floors":[14],"current_hp_per_floor":[75,75,75,80,80,80,78,78,78,78,70,70,70,70,70,26,80,73,56,48,21,15,15,15,17,17,17,16,11,0],"gold":397,"neow_bonus":"THREE_ENEMY_KILL","is_prod":false,"is_daily":false,"chose_seed":false,"campfire_upgraded":5,"win_rate":0.0,"timestamp":1562511027,"path_taken":["M","M","M","?","M","R","M","R","T","M","M","M","?","?","R","BOSS","M","?","M","M","M","R","?","M","T","R","M","M","M"],"build_version":"2019-07-05","purchased_purges":0,"victory":false,"max_hp_per_floor":[75,75,75,80,80,80,80,80,80,80,80,80,80,80,80,80,80,80,56,56,56,56,56,56,56,56,56,56,56,56],"card_choices":[{"not_picked":["Coolheaded","Hologram"],"picked":"Sweeping Beam","floor":1},{"not_picked":["Force Field","Sweeping Beam"],"picked":"Auto Shields","floor":2},{"not_picked":["Steam Power","Sweeping Beam"],"picked":"BootSequence","floor":3},{"not_picked":["Steam Power","Double Energy"],"picked":"Loop","floor":5},{"not_picked":["Blizzard","Reprogram"],"picked":"Rip and Tear","floor":7},{"not_picked":["Gash","Auto Shields"],"picked":"Chill","floor":10},{"not_picked":["Tempest","Hologram"],"picked":"Conserve Battery","floor":11},{"not_picked":["Capacitor","Steam"],"picked":"Streamline","floor":12},{"not_picked":["Thunder Strike","Machine Learning"],"picked":"Electrodynamics","floor":16},{"not_picked":["Cold Snap+1","Coolheaded+1"],"picked":"Doom and Gloom+1","floor":18},{"not_picked":["Leap","Coolheaded+1"],"picked":"Auto Shields+1","floor":20},{"not_picked":["Storm","Heatsinks+1"],"picked":"Go for the Eyes+1","floor":21},{"not_picked":["Gash","Biased Cognition"],"picked":"Streamline+1","floor":22},{"not_picked":["Chill+1","Go for the Eyes"],"picked":"Leap","floor":25},{"not_picked":["Streamline","Genetic Algorithm+1"],"picked":"Leap+1","floor":28},{"not_picked":["Streamline","Hello World+1"],"picked":"Double Energy+1","floor":29}],"player_experience":8384,"relics_obtained":[{"floor":9,"key":"Bottled Lightning"},{"floor":13,"key":"Juzu Bracelet"},{"floor":26,"key":"Toxic Egg 2"}],"event_choices":[{"damage_healed":0,"gold_gain":0,"player_choice":"Donut","damage_taken":0,"max_hp_gain":5,"max_hp_loss":0,"event_name":"Big Fish","floor":4,"gold_loss":0},{"damage_healed":0,"gold_gain":0,"player_choice":"Became a vampire","damage_taken":0,"max_hp_gain":0,"max_hp_loss":24,"event_name":"Vampires","floor":19,"gold_loss":0,"cards_obtained":["Bite","Bite","Bite","Bite","Bite"]},{"cards_removed":["Defend_B"],"damage_healed":0,"gold_gain":0,"player_choice":"Took Card","damage_taken":0,"max_hp_gain":0,"max_hp_loss":0,"event_name":"NoteForYourself","floor":24,"gold_loss":0,"cards_obtained":["Iron Wave"]}],"is_beta":false,"boss_relics":[{"not_picked":["Black Star","Snecko Eye"],"picked":"Velvet Choker"}],"items_purged_floors":[],"is_endless":false,"potions_floor_spawned":[5,11,12,18,22,28,29],"killed_by":"Centurion and Healer","ascension_level":0}