{"gold_per_floor":[113,27,45,45,45,45,45,73,97,108,108,31,19,294,294,294],"floor_reached":16,"playtime":274,"items_purged":[],"score":246,"play_id":"5478f60c-6ffb-4513-98f6-db7f81f429f9","local_time":"20190108145540","is_ascension_mode":true,"campfire_choices":[{"data":"Calculated Gamble","floor":6.0,"key":"SMITH"},{"data":"Catalyst","floor":11,"key":"SMITH"},{"data":"Noxious Fumes","floor":15,"key":"SMITH"}],"neow_cost":"NONE","seed_source_timestamp":12316817526902,"circlet_count":0,"master_deck":["AscendersBane","Defend_G","Defend_G","Defend_G","Defend_G","Defend_G","Strike_G","Strike_G","Strike_G","Strike_G","Survivor","Neutralize","Calculated Gamble+1","Catalyst+1","Tactician","Noxious Fumes+1","Well Laid Plans","Regret"],"special_seed":0,"relics":["Ring of the Snake","NeowsBlessing","Darkstone Periapt"],"potions_floor_usage":[10],"damage_taken":[{"damage":0.0,"enemies":"Jaw Worm","floor":1.0,"turns":1.0},{"damage":0.0,"enemies":"2 Louse","floor":3.0,"turns":1.0},{"damage":0,"enemies":"Lagavulin","floor":8,"turns":1},{"damage":10,"enemies":"Cultist","floor":10,"turns":6},{"damage":2,"enemies":"Exordium Thugs","floor":13,"turns":4},{"damage":65,"enemies":"Slime Boss","floor":16,"turns":9}],"seed_played":"-2853682911777186212","potions_obtained":[{"floor":8,"key":"Weak Potion"}],"is_trial":false,"path_per_floor":["M","$","M","$","?","R","?","E","T","M","R","$","M","?","R","B"],"character_chosen":"THE_SILENT","items_purchased":["Catalyst","Noxious Fumes"],"campfire_rested":0,"item_purchase_floors":[2,12],"current_hp_per_floor":[59,59,59,59,59,59,59,59,59,49,49,49,47,53,53,0],"gold":294,"neow_bonus":"THREE_ENEMY_KILL","is_prod":false,"is_daily":false,"chose_seed":false,"campfire_upgraded":3,"win_rate":0,"timestamp":1546930540,"path_taken":["M","$","M","$","?","R","?","E","T","M","R","?","M","?","R","BOSS"],"build_version":"2019-01-03v4","purchased_purges":0,"victory":false,"max_hp_per_floor":[66,66,66,66,66,66,66,66,66,66,66,66,66,72,72,72],"card_choices":[{"not_picked":["Dagger Spray","Poisoned Stab"],"picked":"Calculated Gamble","floor":1.0},{"not_picked":["Bane","Crippling Poison"],"picked":"Tactician","floor":3.0},{"not_picked":["Storm of Steel","Slice","A Thousand Cuts"],"picked":"SKIP","floor":8},{"not_picked":["Dagger Throw","Dash","Blade Dance"],"picked":"SKIP","floor":10},{"not_picked":["Deflect","Sucker Punch"],"picked":"Well Laid Plans","floor":13}],"player_experience":1850026,"relics_obtained":[{"floor":8,"key":"Darkstone Periapt"}],"event_choices":[{"damage_healed":0.0,"max_hp_gain":0.0,"max_hp_loss":0.0,"gold_gain":0.0,"event_name":"The Cleric","player_choice":"Leave","floor":5.0,"gold_loss":0.0,"damage_taken":0.0},{"cards_removed":["Strike_G"],"damage_healed":0,"gold_gain":0,"player_choice":"Forget","damage_taken":0,"max_hp_gain":0,"max_hp_loss":0,"event_name":"Living Wall","floor":7,"gold_loss":0},{"damage_healed":0,"gold_gain":275,"player_choice":"Desecrate","damage_taken":0,"max_hp_gain":0,"max_hp_loss":0,"event_name":"Golden Shrine","floor":14,"gold_loss":0,"cards_obtained":["Regret"]}],"is_beta":false,"boss_relics":[],"items_purged_floors":[],"is_endless":false,"potions_floor_spawned":[8],"killed_by":"Slime Boss","ascension_level":20}