{"gold_per_floor":[115,115,115,133,58,58,90,90,138,153,153,166,189,204,204,298,598,616,616,616],"floor_reached":20,"playtime":918,"items_purged":[],"score":394,"play_id":"d17f4df0-ac4b-4149-99a3-dc8eec62c894","local_time":"20181225231821","is_ascension_mode":true,"campfire_choices":[{"data":"Tactician","floor":6.0,"key":"SMITH"},{"data":"Malaise","floor":8.0,"key":"SMITH"},{"data":"Acrobatics","floor":15.0,"key":"SMITH"}],"neow_cost":"NONE","seed_source_timestamp":47661684802421,"circlet_count":0,"master_deck":["AscendersBane","Defend_G+1","Defend_G","Defend_G","Defend_G","Defend_G","Strike_G","Strike_G","Strike_G","Strike_G","Survivor","Neutralize+1","Endless Agony","Tactician+1","Malaise+1","Acrobatics+1","Footwork","Grand Finale","Injury","Doubt","Doubt","Infinite Blades+1"],"special_seed":0,"relics":["Ring of the Snake","NeowsBlessing","Paper Crane","Golden Idol","Dream Catcher","Calling Bell","Happy Flower","Ninja Scroll","Old Coin","Enchiridion"],"potions_floor_usage":[],"damage_taken":[{"damage":0.0,"enemies":"2 Louse","floor":1.0,"turns":1.0},{"damage":0.0,"enemies":"Jaw Worm","floor":4.0,"turns":1.0},{"damage":0.0,"enemies":"Gremlin Nob","floor":7.0,"turns":1.0},{"damage":0.0,"enemies":"Small Slimes","floor":10.0,"turns":5.0},{"damage":0.0,"enemies":"Looter","floor":12.0,"turns":4.0},{"damage":11.0,"enemies":"Large Slime","floor":14.0,"turns":12.0},{"damage":14,"enemies":"The Guardian","floor":16,"turns":27},{"damage":21,"enemies":"Shell Parasite","floor":18,"turns":29},{"damage":2,"enemies":"Chosen","floor":20,"turns":3}],"seed_played":"-6909167911251475493","potions_obtained":[{"floor":4.0,"key":"FearPotion"},{"floor":12.0,"key":"Energy Potion"},{"floor":14.0,"key":"AttackPotion"}],"is_trial":false,"path_per_floor":["M","$","?","M","?","R","E","R","T","M","?","M","T","M","R","B",null,"M","?","M"],"character_chosen":"THE_SILENT","items_purchased":[],"campfire_rested":0,"item_purchase_floors":[],"current_hp_per_floor":[59,59,39,39,39,39,39,39,39,39,39,39,39,28,28,14,49,28,7,5],"gold":616,"neow_bonus":"THREE_ENEMY_KILL","is_prod":false,"is_daily":false,"chose_seed":false,"campfire_upgraded":3,"win_rate":0,"timestamp":1545751101,"path_taken":["M","$","?","M","?","R","E","R","T","M","?","M","?","M","R","BOSS","M","?","M"],"build_version":"2018-12-20","purchased_purges":0,"victory":false,"max_hp_per_floor":[66,66,66,66,66,66,66,66,66,66,60,60,60,60,60,60,60,60,60,60],"card_choices":[{"not_picked":["Bane","Finisher"],"picked":"Endless Agony","floor":1.0},{"not_picked":["Cloak And Dagger","Dodge and Roll"],"picked":"Tactician","floor":4.0},{"not_picked":["Setup","Prepared"],"picked":"Malaise","floor":7.0},{"not_picked":["Expertise","Caltrops"],"picked":"Acrobatics","floor":10.0},{"not_picked":["Choke","Outmaneuver","Dash"],"picked":"SKIP","floor":12.0},{"not_picked":["Setup","Sucker Punch"],"picked":"Footwork","floor":14.0},{"not_picked":["After Image","Night Terror"],"picked":"Grand Finale","floor":16},{"not_picked":["Underhanded Strike","Dash"],"picked":"Infinite Blades+1","floor":18}],"player_experience":1239060,"relics_obtained":[{"floor":7.0,"key":"Paper Crane"},{"floor":13.0,"key":"Dream Catcher"},{"floor":17,"key":"Happy Flower"},{"floor":17,"key":"Ninja Scroll"},{"floor":17,"key":"Old Coin"},{"floor":19,"key":"Enchiridion"}],"event_choices":[{"damage_healed":0.0,"max_hp_gain":0.0,"max_hp_loss":0.0,"gold_gain":0.0,"event_name":"Shining Light","player_choice":"Entered Light","floor":3.0,"gold_loss":0.0,"damage_taken":20.0,"cards_upgraded":["Defend_G","Neutralize"]},{"cards_removed":["Strike_G"],"damage_healed":0.0,"max_hp_gain":0.0,"max_hp_loss":0.0,"gold_gain":0.0,"event_name":"The Cleric","player_choice":"Card Removal","floor":5.0,"gold_loss":75.0,"damage_taken":0.0},{"damage_healed":0.0,"max_hp_gain":0.0,"max_hp_loss":6.0,"gold_gain":0.0,"event_name":"Golden Idol","player_choice":"Lose Max HP","floor":11.0,"gold_loss":0.0,"damage_taken":0.0,"relics_obtained":["Golden Idol"]},{"damage_healed":0,"gold_gain":0,"player_choice":"Obtained Book","damage_taken":21,"max_hp_gain":0,"max_hp_loss":0,"event_name":"Cursed Tome","floor":19,"gold_loss":0}],"is_beta":true,"boss_relics":[{"not_picked":["Ectoplasm","Velvet Choker"],"picked":"Calling Bell"}],"items_purged_floors":[],"is_endless":false,"potions_floor_spawned":[4,12,14],"killed_by":"Chosen","ascension_level":20}