{"gold_per_floor":[113,128,53,53,104,104,117,117,117,183,83,83,106,125,125,219,219,239,239,252,69,69],"floor_reached":22,"playtime":511,"items_purged":["Regret","Strike_R","Strike_R"],"score":368,"play_id":"d886ea3a-2b80-40e2-8f61-4dcd0a674f12","local_time":"20190123201504","is_ascension_mode":true,"campfire_choices":[{"data":"Uppercut","floor":6.0,"key":"SMITH"},{"data":"True Grit","floor":12.0,"key":"SMITH"},{"data":"Rampage","floor":15.0,"key":"SMITH"}],"neow_cost":"CURSE","seed_source_timestamp":24739373560503,"circlet_count":0,"master_deck":["AscendersBane","Strike_R+1","Strike_R","Strike_R+1","Defend_R","Defend_R","Defend_R","Defend_R","Bash","Offering","Uppercut+1","True Grit+1","Rampage+1","Reaper","Havoc+1","Flex"],"special_seed":0,"relics":["Burning Blood","Lantern","Whetstone","Golden Idol","Paper Frog","Tiny Chest","Philosopher\u0027s Stone"],"potions_floor_usage":[],"damage_taken":[{"damage":11.0,"enemies":"Small Slimes","floor":1.0,"turns":3.0},{"damage":13.0,"enemies":"Jaw Worm","floor":2.0,"turns":2.0},{"damage":6.0,"enemies":"2 Louse","floor":7.0,"turns":2.0},{"damage":31.0,"enemies":"Lagavulin","floor":10.0,"turns":5.0},{"damage":8.0,"enemies":"Looter","floor":13.0,"turns":2.0},{"damage":6.0,"enemies":"3 Louse","floor":14.0,"turns":2.0},{"damage":27.0,"enemies":"Hexaghost","floor":16.0,"turns":7.0},{"damage":28.0,"enemies":"Shell Parasite","floor":18.0,"turns":5.0},{"damage":30.0,"enemies":"Colosseum Slavers","floor":19.0,"turns":3.0},{"damage":37.0,"enemies":"2 Thieves","floor":20.0,"turns":4.0},{"damage":33,"enemies":"Centurion and Healer","floor":22,"turns":2}],"seed_played":"2066567867492076247","potions_obtained":[{"floor":2.0,"key":"Regen Potion"},{"floor":13.0,"key":"AttackPotion"},{"floor":18.0,"key":"Regen Potion"}],"is_trial":false,"path_per_floor":["M","M","$","?","T","R","M","?","T","E","$","R","M","M","R","B",null,"M","?","M","$","M"],"character_chosen":"IRONCLAD","items_purchased":["Flex"],"campfire_rested":0,"item_purchase_floors":[21],"current_hp_per_floor":[63,56,56,45,45,45,45,45,45,20,20,20,18,18,18,12,54,39,35,15,15,0],"gold":69,"neow_bonus":"THREE_RARE_CARDS","is_prod":false,"is_daily":false,"chose_seed":false,"campfire_upgraded":3,"win_rate":0,"timestamp":1548245704,"path_taken":["M","M","$","?","?","R","M","?","T","E","$","R","M","M","R","BOSS","M","?","M","$","M"],"build_version":"2019-01-17v2","purchased_purges":3,"victory":false,"max_hp_per_floor":[75,75,75,75,75,75,75,68,68,68,68,68,68,68,68,68,68,68,68,68,68,68],"card_choices":[{"not_picked":["Berserk","Juggernaut"],"picked":"Offering","floor":0.0},{"not_picked":["Entrench","Twin Strike"],"picked":"Uppercut","floor":1.0},{"not_picked":["Body Slam","Clash","Armaments"],"picked":"SKIP","floor":2.0},{"not_picked":["Headbutt","Clash","Clothesline"],"picked":"SKIP","floor":7.0},{"not_picked":["Cleave","Reckless Charge"],"picked":"True Grit","floor":10.0},{"not_picked":["True Grit","Clash","Heavy Blade"],"picked":"SKIP","floor":13.0},{"not_picked":["Corruption","Dark Embrace"],"picked":"Rampage","floor":14.0},{"not_picked":["Barricade","Exhume"],"picked":"Reaper","floor":16.0},{"not_picked":["Burning Pact","Blood for Blood"],"picked":"Havoc+1","floor":18.0},{"not_picked":["Cleave","Pummel","Iron Wave"],"picked":"SKIP","floor":20.0}],"player_experience":2176058,"relics_obtained":[{"floor":5.0,"key":"Whetstone"},{"floor":9.0,"key":"Paper Frog"},{"floor":10.0,"key":"Tiny Chest"}],"event_choices":[{"damage_healed":0.0,"max_hp_gain":0.0,"max_hp_loss":0.0,"gold_gain":0.0,"event_name":"Scrap Ooze","player_choice":"Success","floor":4.0,"gold_loss":0.0,"damage_taken":11.0,"relics_obtained":["Lantern"]},{"damage_healed":0.0,"max_hp_gain":0.0,"max_hp_loss":7.0,"gold_gain":0.0,"event_name":"Golden Idol","player_choice":"Lose Max HP","floor":8.0,"gold_loss":0.0,"damage_taken":0.0,"relics_obtained":["Golden Idol"]},{"damage_healed":0.0,"max_hp_gain":0.0,"max_hp_loss":0.0,"gold_gain":0.0,"event_name":"Colosseum","player_choice":"Fight","floor":19.0,"gold_loss":0.0,"damage_taken":0.0},{"damage_healed":0.0,"max_hp_gain":0.0,"max_hp_loss":0.0,"gold_gain":0.0,"event_name":"Colosseum","player_choice":"Fled From Nobs","floor":19.0,"gold_loss":0.0,"damage_taken":0.0}],"is_beta":false,"boss_relics":[{"not_picked":["Mark of Pain","Tiny House"],"picked":"Philosopher\u0027s Stone"}],"items_purged_floors":[3,11,21],"is_endless":false,"potions_floor_spawned":[2,13,14,18,19],"killed_by":"Centurion and Healer","ascension_level":20}