{"gold_per_floor":[117,49,61,61,61,91,91,166,166,166,200,214,214,227,227,227],"floor_reached":16,"playtime":221,"items_purged":[],"score":246,"play_id":"09b8dda6-a447-4d56-9f67-f4437e87fe3e","local_time":"20190107192509","is_ascension_mode":true,"campfire_choices":[{"data":"Neutralize","floor":10,"key":"SMITH"},{"data":"Deadly Poison","floor":13,"key":"SMITH"},{"data":"Survivor","floor":15,"key":"SMITH"}],"neow_cost":"NONE","seed_source_timestamp":26791537655735,"circlet_count":0,"master_deck":["AscendersBane","Defend_G","Defend_G","Defend_G","Defend_G","Defend_G","Strike_G","Strike_G","Strike_G","Strike_G","Strike_G","Survivor+1","Neutralize+1","After Image","Deadly Poison+1"],"relics":["Ring of the Snake","NeowsBlessing","Darkstone Periapt","Regal Pillow","Golden Idol","Odd Mushroom"],"potions_floor_usage":[],"damage_taken":[{"damage":0,"enemies":"2 Louse","floor":1,"turns":1},{"damage":0,"enemies":"Cultist","floor":3,"turns":1},{"damage":0,"enemies":"Lagavulin","floor":6,"turns":1},{"damage":28,"enemies":"The Mushroom Lair","floor":11,"turns":6},{"damage":2,"enemies":"Small Slimes","floor":12,"turns":5},{"damage":0,"enemies":"Blue Slaver","floor":14,"turns":4},{"damage":0,"enemies":"Hexaghost","floor":16,"turns":3}],"seed_played":"5564990875843176614","potions_obtained":[{"floor":3,"key":"Fire Potion"},{"floor":6,"key":"Weak Potion"},{"floor":12,"key":"PowerPotion"}],"is_trial":false,"path_per_floor":["M","?","M","$","?","E","?","?","T","R","?","M","R","M","R","B"],"character_chosen":"THE_SILENT","items_purchased":[],"campfire_rested":0,"item_purchase_floors":[],"current_hp_per_floor":[59,59,59,59,64,64,64,53,53,53,25,23,23,23,23,23],"gold":227,"neow_bonus":"THREE_ENEMY_KILL","is_prod":false,"is_daily":false,"chose_seed":false,"campfire_upgraded":3,"win_rate":0,"timestamp":1546860309,"path_taken":["M","?","?","?","?","E","?","?","T","R","?","M","R","M","R","BOSS"],"build_version":"2019-01-03v4","purchased_purges":0,"victory":false,"max_hp_per_floor":[66,66,66,66,71,71,64,64,64,64,64,64,64,64,64,64],"card_choices":[{"not_picked":["Dagger Throw","Riddle With Holes","Prepared"],"picked":"SKIP","floor":1},{"not_picked":["Dagger Spray","Underhanded Strike","Bane"],"picked":"SKIP","floor":3},{"not_picked":["Poisoned Stab","Quick Slash"],"picked":"After Image","floor":6},{"not_picked":["Dagger Spray","Backflip"],"picked":"Deadly Poison","floor":12},{"not_picked":["Flying Knee","Poisoned Stab","Slice"],"picked":"SKIP","floor":14}],"player_experience":1826534,"relics_obtained":[{"floor":6,"key":"Regal Pillow"},{"floor":11,"key":"Odd Mushroom"}],"event_choices":[{"damage_healed":0,"gold_gain":0,"player_choice":"Paid Gold","damage_taken":0,"relics_obtained":["Darkstone Periapt"],"max_hp_gain":0,"max_hp_loss":0,"event_name":"WeMeetAgain","floor":2,"gold_loss":68},{"damage_healed":0,"gold_gain":0,"player_choice":"Donut","damage_taken":0,"max_hp_gain":5,"max_hp_loss":0,"event_name":"Big Fish","floor":5,"gold_loss":0},{"damage_healed":0,"gold_gain":0,"player_choice":"Lose Max HP","damage_taken":0,"relics_obtained":["Golden Idol"],"max_hp_gain":0,"max_hp_loss":7,"event_name":"Golden Idol","floor":7,"gold_loss":0},{"damage_healed":0,"gold_gain":75,"player_choice":"Gather Gold","damage_taken":11,"max_hp_gain":0,"max_hp_loss":0,"event_name":"World of Goop","floor":8,"gold_loss":0},{"damage_healed":0,"gold_gain":0,"player_choice":"Fought Mushrooms","damage_taken":0,"max_hp_gain":0,"max_hp_loss":0,"event_name":"Mushrooms","floor":11,"gold_loss":0}],"is_beta":false,"boss_relics":[],"items_purged_floors":[],"is_endless":false,"potions_floor_spawned":[3,6,12,14],"killed_by":"Hexaghost","ascension_level":20}