{"gold_per_floor":[110,11,11,11,25,52,52,77,77,93,111,123,123,133,133,212,212,222,233,6,22,22,22,22],"floor_reached":24,"playtime":695,"items_purged":[],"score":466,"play_id":"f1bd7a1a-1242-4e04-b17d-9ac8194fb658","local_time":"20190427193524","is_ascension_mode":true,"campfire_choices":[{"data":"True Grit","floor":7,"key":"SMITH"},{"data":"True Grit","floor":13,"key":"SMITH"},{"data":"Bloodletting","floor":15,"key":"SMITH"},{"data":"Limit Break","floor":23,"key":"SMITH"}],"neow_cost":"NONE","seed_source_timestamp":30502773524808,"circlet_count":0,"master_deck":["AscendersBane","Strike_R","Strike_R","Strike_R","Strike_R","Strike_R","Defend_R","Defend_R","Defend_R","Defend_R","Bash","Flex","Power Through","True Grit+1","Demon Form+1","Power Through","True Grit+1","Demon Form+1","Metallicize+1","Bloodletting+1","Sentinel","Limit Break+1","Spot Weakness+1","Feel No Pain+1","Shame"],"relics":["Burning Blood","NeowsBlessing","Frozen Egg 2","Shuriken","Paper Frog","Cursed Key","TheAbacus","Unceasing Top"],"potions_floor_usage":[8,12,18,19,21,24],"damage_taken":[{"damage":0,"enemies":"Jaw Worm","floor":1,"turns":1},{"damage":0,"enemies":"Cultist","floor":5,"turns":1},{"damage":0,"enemies":"Gremlin Nob","floor":6,"turns":1},{"damage":35,"enemies":"3 Sentries","floor":8,"turns":10},{"damage":0,"enemies":"2 Louse","floor":10,"turns":3},{"damage":0,"enemies":"Blue Slaver","floor":11,"turns":8},{"damage":16,"enemies":"2 Fungi Beasts","floor":12,"turns":6},{"damage":7,"enemies":"Exordium Wildlife","floor":14,"turns":5},{"damage":22,"enemies":"The Guardian","floor":16,"turns":11},{"damage":39,"enemies":"Chosen","floor":18,"turns":6},{"damage":25,"enemies":"Shell Parasite","floor":19,"turns":7},{"damage":36,"enemies":"Centurion and Healer","floor":21,"turns":9},{"damage":16,"enemies":"Gremlin Leader","floor":24,"turns":3}],"seed_played":"-5929660058000204346","potions_obtained":[{"floor":5,"key":"Weak Potion"},{"floor":6,"key":"Block Potion"},{"floor":11,"key":"AttackPotion"},{"floor":16,"key":"Regen Potion"},{"floor":18,"key":"Regen Potion"},{"floor":19,"key":"Fire Potion"}],"is_trial":false,"path_per_floor":["M","$","?","?","M","E","R","E","T","M","M","M","R","M","R","B",null,"M","M","$","M","?","R","E"],"character_chosen":"IRONCLAD","items_purchased":["Power Through","True Grit","TheAbacus"],"campfire_rested":0,"item_purchase_floors":[2,2,20],"current_hp_per_floor":[74,74,69,69,75,75,75,46,46,52,58,48,48,47,47,31,64,31,27,27,12,12,12,0],"gold":22,"neow_bonus":"THREE_ENEMY_KILL","is_prod":false,"is_daily":false,"chose_seed":false,"campfire_upgraded":4,"win_rate":0,"timestamp":1556364924,"path_taken":["M","$","?","?","?","E","R","E","T","M","M","M","R","?","R","BOSS","M","M","$","M","?","R","E"],"build_version":"2019-01-23","purchased_purges":0,"victory":false,"max_hp_per_floor":[75,75,75,75,75,75,75,75,75,75,75,75,75,75,75,75,75,75,75,75,75,75,75,75],"card_choices":[{"not_picked":["Clash","Wild Strike"],"picked":"Flex","floor":1},{"not_picked":["Metallicize+1","Shrug It Off"],"picked":"Power Through","floor":5},{"not_picked":["Rage","Sword Boomerang"],"picked":"True Grit","floor":6},{"not_picked":["Thunderclap","Body Slam"],"picked":"Demon Form+1","floor":8},{"not_picked":["Entrench","True Grit"],"picked":"Metallicize+1","floor":10},{"not_picked":["Wild Strike","Twin Strike"],"picked":"Bloodletting","floor":11},{"not_picked":["Shrug It Off","Rampage"],"picked":"Sentinel","floor":12},{"not_picked":["Warcry","Flame Barrier","Rampage"],"picked":"SKIP","floor":14},{"not_picked":["Impervious","Bludgeon"],"picked":"Limit Break","floor":16},{"not_picked":["Uppercut","Thunderclap"],"picked":"Spot Weakness+1","floor":18},{"not_picked":["Anger","Sever Soul"],"picked":"Feel No Pain+1","floor":19},{"not_picked":["Anger","Reckless Charge","Clash"],"picked":"SKIP","floor":21}],"player_experience":4548613,"relics_obtained":[{"floor":8,"key":"Shuriken"},{"floor":9,"key":"Paper Frog"}],"event_choices":[{"damage_healed":0,"gold_gain":0,"player_choice":"Success","damage_taken":5,"relics_obtained":["Frozen Egg 2"],"max_hp_gain":0,"max_hp_loss":0,"event_name":"Scrap Ooze","floor":3,"gold_loss":0},{"damage_healed":0,"gold_gain":0,"player_choice":"1 cards matched","damage_taken":0,"max_hp_gain":0,"max_hp_loss":0,"event_name":"Match and Keep!","floor":4,"gold_loss":0,"cards_obtained":["Demon Form"]},{"damage_healed":0,"gold_gain":0,"player_choice":"Stole Relic","damage_taken":0,"relics_obtained":["Unceasing Top"],"max_hp_gain":0,"max_hp_loss":0,"event_name":"Addict","floor":22,"gold_loss":0,"cards_obtained":["Shame"]}],"is_beta":false,"boss_relics":[{"not_picked":["Black Star","Runic Cube"],"picked":"Cursed Key"}],"items_purged_floors":[],"is_endless":false,"potions_floor_spawned":[5,6,11,16,18,19],"killed_by":"Gremlin Leader","ascension_level":20}