{"gold_per_floor":[116,44,44,58,76,76,90,90,171,171,184,211,211,59,59,180,180,203,203,203,226,242,242,242,265,265,281,281,351,351,367,367,496,496,514,85,110,110,131,131,31,44,44,44,79,92,92,116,116,116],"floor_reached":51,"playtime":21454,"items_purged":["Strike_R","Hemokinesis+1"],"score":824,"play_id":"e4a64416-c756-4495-b77c-62a519d8265f","local_time":"20190629211459","is_ascension_mode":false,"campfire_choices":[{"data":"Flex","floor":6,"key":"SMITH"},{"data":"Wild Strike","floor":8,"key":"SMITH"},{"data":"Bash","floor":10,"key":"SMITH"},{"data":"Second Wind","floor":15,"key":"SMITH"},{"data":"Hemokinesis","floor":23,"key":"SMITH"},{"data":"Rupture","floor":28,"key":"SMITH"},{"floor":30,"key":"REST"},{"data":"Evolve","floor":32,"key":"SMITH"},{"data":"Limit Break","floor":40,"key":"SMITH"},{"data":"Shrug It Off","floor":44,"key":"SMITH"},{"floor":47,"key":"REST"},{"floor":49,"key":"REST"}],"neow_cost":"NONE","seed_source_timestamp":8993442108288,"circlet_count":0,"master_deck":["Defend_R","Defend_R","Defend_R","Defend_R","Bash+1","True Grit+1","Evolve+1","Wild Strike+1","Flex+1","Shrug It Off+1","Second Wind+1","Rupture+1","Feed","Power Through+1","Reckless Charge+1","Offering+1","Feel No Pain+1","Dark Embrace+1","Limit Break+1","Ghostly Armor+1","Body Slam+1"],"relics":["Burning Blood","Shuriken","Pen Nib","Golden Idol","Velvet Choker","Frozen Egg 2","War Paint","Tiny Chest","Empty Cage","Vajra","OrangePellets","Bottled Lightning","FossilizedHelix"],"potions_floor_usage":[16,25,29,50,50],"damage_taken":[{"damage":0,"enemies":"Small Slimes","floor":1,"turns":3},{"damage":6,"enemies":"Cultist","floor":4,"turns":3},{"damage":5,"enemies":"Jaw Worm","floor":5,"turns":4},{"damage":8,"enemies":"Large Slime","floor":7,"turns":5},{"damage":1,"enemies":"Exordium Wildlife","floor":11,"turns":6},{"damage":32,"enemies":"Gremlin Nob","floor":12,"turns":4},{"damage":25,"enemies":"Hexaghost","floor":16,"turns":9},{"damage":4,"enemies":"Chosen","floor":18,"turns":4},{"damage":28,"enemies":"Spheric Guardian","floor":21,"turns":4},{"damage":14,"enemies":"Centurion and Healer","floor":22,"turns":6},{"damage":23,"enemies":"Snake Plant","floor":25,"turns":5},{"damage":8,"enemies":"Chosen and Byrds","floor":27,"turns":4},{"damage":33,"enemies":"Slavers","floor":29,"turns":6},{"damage":8,"enemies":"Snecko","floor":31,"turns":2},{"damage":27,"enemies":"Automaton","floor":33,"turns":8},{"damage":8,"enemies":"Orb Walker","floor":35,"turns":3},{"damage":12,"enemies":"3 Darklings","floor":37,"turns":6},{"damage":6,"enemies":"Sphere and 2 Shapes","floor":39,"turns":5},{"damage":23,"enemies":"Spire Growth","floor":42,"turns":6},{"damage":17,"enemies":"Giant Head","floor":45,"turns":9},{"damage":24,"enemies":"3 Darklings","floor":46,"turns":5},{"damage":0,"enemies":"Transient","floor":48,"turns":5},{"damage":1,"enemies":"Time Eater","floor":50,"turns":5}],"seed_played":"-223288703328508655","potions_obtained":[{"floor":5,"key":"Poison Potion"},{"floor":11,"key":"GamblersBrew"},{"floor":12,"key":"Energy Potion"},{"floor":21,"key":"Weak Potion"},{"floor":22,"key":"GamblersBrew"},{"floor":25,"key":"Poison Potion"},{"floor":29,"key":"Strength Potion"},{"floor":38,"key":"Weak Potion"},{"floor":42,"key":"Strength Potion"}],"is_trial":false,"path_per_floor":["M","$","?","M","M","R","M","R","T","R","M","E","?","$","R","B",null,"M","?","?","M","M","R","?","M","T","M","R","E","R","M","R","B",null,"M","$","M","?","M","R","$","M","T","R","E","M","R","M","R","B",null],"character_chosen":"IRONCLAD","items_purchased":["Evolve","Second Wind","Rupture","Vajra","OrangePellets"],"campfire_rested":3,"item_purchase_floors":[2,14,14,36,36],"current_hp_per_floor":[80,80,80,80,80,80,78,78,78,78,80,54,34,34,34,15,80,83,83,83,64,59,59,59,45,45,46,46,19,47,48,48,30,101,99,99,96,96,96,96,96,82,82,82,74,56,89,95,110,110],"gold":116,"neow_bonus":"REMOVE_CARD","is_prod":false,"is_daily":false,"chose_seed":false,"campfire_upgraded":9,"win_rate":0,"timestamp":1561814099,"path_taken":["M","$","?","M","?","R","M","R","T","R","M","E","?","$","R","BOSS","M","?","?","M","?","R","?","M","T","?","R","E","R","M","R","BOSS","M","$","M","?","M","R","$","M","T","R","E","M","R","M","R","BOSS"],"build_version":"2019-01-23","purchased_purges":2,"victory":true,"max_hp_per_floor":[80,80,80,80,80,80,80,80,80,80,80,80,80,80,80,80,80,83,83,83,86,89,89,89,92,92,95,95,95,95,98,98,101,101,101,101,104,104,104,104,104,107,107,107,110,110,110,110,110,110],"card_choices":[{"not_picked":["Thunderclap","Perfected Strike"],"picked":"True Grit","floor":1},{"not_picked":["Combust","Corruption"],"picked":"Wild Strike","floor":4},{"not_picked":["Headbutt","Heavy Blade"],"picked":"Flex","floor":5},{"not_picked":["Clothesline","Headbutt"],"picked":"Shrug It Off","floor":7},{"not_picked":["Clash","Iron Wave","Anger"],"picked":"SKIP","floor":11},{"not_picked":["Feel No Pain","Metallicize"],"picked":"Hemokinesis","floor":12},{"not_picked":["Demon Form","Berserk"],"picked":"Feed","floor":16},{"not_picked":["Thunderclap","Sword Boomerang","Iron Wave"],"picked":"SKIP","floor":18},{"not_picked":["Shockwave","Armaments+1"],"picked":"Power Through","floor":21},{"not_picked":["Thunderclap","Headbutt"],"picked":"Reckless Charge+1","floor":22},{"not_picked":["Reckless Charge","Rampage","Anger+1"],"picked":"SKIP","floor":25},{"not_picked":["Headbutt","Sword Boomerang"],"picked":"Feel No Pain+1","floor":27},{"not_picked":["Body Slam","Heavy Blade"],"picked":"Dark Embrace+1","floor":29},{"not_picked":["Sentinel","Clash+1","Thunderclap"],"picked":"SKIP","floor":31},{"not_picked":["Feed","Double Tap"],"picked":"Limit Break","floor":33},{"not_picked":["Headbutt+1","Sword Boomerang+1","True Grit"],"picked":"SKIP","floor":35},{"not_picked":["Thunderclap+1","Twin Strike"],"picked":"Ghostly Armor+1","floor":37},{"not_picked":["Double Tap","Sever Soul","Uppercut+1"],"picked":"SKIP","floor":39},{"not_picked":["Warcry","Iron Wave+1","Thunderclap+1"],"picked":"SKIP","floor":42},{"not_picked":["Fire Breathing+1","Armaments+1","Offering"],"picked":"SKIP","floor":45},{"not_picked":["Havoc+1","Thunderclap","Anger+1"],"picked":"SKIP","floor":46},{"not_picked":["Cleave","Body Slam+1","Sever Soul"],"picked":"SKIP","floor":48},{"not_picked":["Cleave","Sever Soul"],"picked":"Body Slam+1","floor":48}],"player_experience":5561189,"relics_obtained":[{"floor":9,"key":"Shuriken"},{"floor":12,"key":"Pen Nib"},{"floor":26,"key":"War Paint"},{"floor":29,"key":"Tiny Chest"},{"floor":43,"key":"Bottled Lightning"},{"floor":45,"key":"FossilizedHelix"}],"event_choices":[{"damage_healed":0,"gold_gain":0,"player_choice":"Upgraded","damage_taken":0,"max_hp_gain":0,"max_hp_loss":0,"event_name":"Upgrade Shrine","floor":3,"gold_loss":0,"cards_upgraded":["True Grit"]},{"damage_healed":0,"gold_gain":0,"player_choice":"Take Damage","damage_taken":20,"relics_obtained":["Golden Idol"],"max_hp_gain":0,"max_hp_loss":0,"event_name":"Golden Idol","floor":13,"gold_loss":0},{"damage_healed":0,"gold_gain":0,"player_choice":"Opened","damage_taken":0,"relics_obtained":["Frozen Egg 2"],"max_hp_gain":0,"max_hp_loss":0,"event_name":"The Mausoleum","floor":19,"gold_loss":0,"cards_obtained":["Writhe"]},{"cards_removed":["Writhe"],"damage_healed":0,"gold_gain":0,"player_choice":"Purged","damage_taken":0,"max_hp_gain":0,"max_hp_loss":0,"event_name":"Purifier","floor":20,"gold_loss":0},{"damage_healed":0,"gold_gain":0,"cards_transformed":["Strike_R"],"player_choice":"Transformed","damage_taken":0,"max_hp_gain":0,"max_hp_loss":0,"event_name":"Transmorgrifier","floor":24,"gold_loss":0,"cards_obtained":["Offering"]},{"damage_healed":0,"gold_gain":0,"player_choice":"Got Potions","damage_taken":0,"max_hp_gain":0,"max_hp_loss":0,"event_name":"Lab","floor":38,"gold_loss":0}],"is_beta":false,"boss_relics":[{"not_picked":["Black Blood","Philosopher\u0027s Stone"],"picked":"Velvet Choker"},{"not_picked":["Cursed Key","Black Star"],"picked":"Empty Cage"}],"items_purged_floors":[36,41],"is_endless":false,"potions_floor_spawned":[5,11,12,21,22,25,29,42,45,46,48],"ascension_level":0}