{"gold_per_floor":[109,34,34,51,67,67,85,85,162,162,162,179,5,24,24,98,98,110,110,110,140,15,15,15],"floor_reached":24,"playtime":871,"items_purged":["Strike_G","Pain","Strike_G"],"score":368,"play_id":"e35d2845-9a0b-44d7-8592-22c3dfc22cbf","local_time":"20190219113135","is_ascension_mode":true,"campfire_choices":[{"data":"Deadly Poison","floor":6.0,"key":"SMITH"},{"data":"Well Laid Plans","floor":8.0,"key":"SMITH"},{"data":"Neutralize","floor":10.0,"key":"SMITH"},{"data":"Well Laid Plans","floor":15.0,"key":"SMITH"},{"data":"Deadly Poison","floor":23,"key":"SMITH"}],"neow_cost":"NONE","seed_source_timestamp":11264709919219,"circlet_count":0,"master_deck":["AscendersBane","Defend_G","Defend_G","Defend_G","Defend_G","Defend_G","Strike_G","Strike_G","Strike_G","Survivor","Neutralize+1","Deadly Poison+1","Well Laid Plans+1","Deadly Poison+1","Well Laid Plans+1","Adrenaline","Reflex"],"special_seed":0,"relics":["Ring of the Snake","NeowsBlessing","WarpedTongs","Mummified Hand","Vajra","Eternal Feather","Red Mask"],"potions_floor_usage":[21,24],"damage_taken":[{"damage":0.0,"enemies":"Jaw Worm","floor":1.0,"turns":1.0},{"damage":0.0,"enemies":"Cultist","floor":4.0,"turns":1.0},{"damage":3.0,"enemies":"Small Slimes","floor":5.0,"turns":2.0},{"damage":1.0,"enemies":"3 Louse","floor":7.0,"turns":5.0},{"damage":4.0,"enemies":"Looter","floor":12.0,"turns":3.0},{"damage":0.0,"enemies":"2 Fungi Beasts","floor":14.0,"turns":3.0},{"damage":4.0,"enemies":"Hexaghost","floor":16.0,"turns":9.0},{"damage":5.0,"enemies":"Chosen","floor":18.0,"turns":6.0},{"damage":34,"enemies":"Masked Bandits","floor":21,"turns":4},{"damage":24,"enemies":"Slavers","floor":24,"turns":8}],"seed_played":"-2210185036844673963","potions_obtained":[{"floor":1.0,"key":"Dexterity Potion"},{"floor":12.0,"key":"FearPotion"},{"floor":14.0,"key":"AttackPotion"}],"is_trial":false,"path_per_floor":["M","$","?","M","M","R","M","R","T","R","?","M","$","M","R","B",null,"M","$","?","?","$","R","E"],"character_chosen":"THE_SILENT","items_purchased":["Well Laid Plans"],"campfire_rested":0,"item_purchase_floors":[13],"current_hp_per_floor":[59,59,59,59,56,56,55,55,55,55,50,46,46,46,46,42,60,55,55,55,21,21,30,6],"gold":15,"neow_bonus":"THREE_ENEMY_KILL","is_prod":false,"is_daily":false,"chose_seed":false,"campfire_upgraded":5,"win_rate":0,"timestamp":1550547095,"path_taken":["M","$","?","M","M","R","?","R","T","R","?","M","$","M","R","BOSS","M","$","?","?","$","R","E"],"build_version":"2019-01-23","purchased_purges":3,"victory":false,"max_hp_per_floor":[66,66,66,66,66,66,66,66,66,66,66,66,66,66,66,66,66,66,66,66,66,66,66,66],"card_choices":[{"not_picked":["Blur","Distraction"],"picked":"Deadly Poison","floor":1.0},{"not_picked":["Prepared","Quick Slash","Setup"],"picked":"SKIP","floor":4.0},{"not_picked":["Acrobatics","Cloak And Dagger","Eviscerate"],"picked":"SKIP","floor":5.0},{"not_picked":["Quick Slash","Backflip"],"picked":"Well Laid Plans","floor":7.0},{"not_picked":["Dagger Spray","Dagger Throw"],"picked":"Deadly Poison","floor":12.0},{"not_picked":["Sucker Punch","Blade Dance","Terror"],"picked":"SKIP","floor":14.0},{"not_picked":["Night Terror","Venomology"],"picked":"Adrenaline","floor":16.0},{"not_picked":["Choke","Blade Dance+1"],"picked":"Reflex","floor":18.0}],"player_experience":2941850,"relics_obtained":[{"floor":9.0,"key":"Mummified Hand"},{"floor":21,"key":"Red Mask"}],"event_choices":[{"damage_healed":0.0,"max_hp_gain":0.0,"max_hp_loss":0.0,"gold_gain":0.0,"event_name":"Accursed Blacksmith","player_choice":"Rummage","floor":3.0,"gold_loss":0.0,"damage_taken":0.0,"relics_obtained":["WarpedTongs"],"cards_obtained":["Pain"]},{"damage_healed":0.0,"max_hp_gain":0.0,"max_hp_loss":0.0,"gold_gain":0.0,"event_name":"Scrap Ooze","player_choice":"Success","floor":11.0,"gold_loss":0.0,"damage_taken":5.0,"relics_obtained":["Vajra"]},{"damage_healed":0.0,"max_hp_gain":0.0,"max_hp_loss":0.0,"gold_gain":0.0,"event_name":"The Mausoleum","player_choice":"Ignored","floor":20.0,"gold_loss":0.0,"damage_taken":0.0},{"damage_healed":0,"gold_gain":0,"player_choice":"Fought Bandits","damage_taken":0,"max_hp_gain":0,"max_hp_loss":0,"event_name":"Masked Bandits","floor":21,"gold_loss":0}],"is_beta":false,"boss_relics":[{"not_picked":["Snecko Eye","Tiny House"],"picked":"Eternal Feather"}],"items_purged_floors":[2,13,22],"is_endless":false,"potions_floor_spawned":[1,12,14,16,18],"killed_by":"Slavers","ascension_level":20}