{"gold_per_floor":[115,40,40,40,140,140,158,158,158,83,103,122,147,147,147,220,220,233,233,233,243,257,257,172,0,0,0,0,0,50,50,50,127,177,194,69,69,69,87,87,87,122,146,160,191,191,202,215,215,215,215,215,215,65,99,99],"floor_reached":57,"playtime":2359,"items_purged":["Storm of Steel","Survivor","Blade Dance+1","Backstab"],"score":3133,"play_id":"f82a32b0-8cd9-44ec-ad57-d7f9b203dde6","local_time":"20190119160108","is_ascension_mode":true,"campfire_choices":[{"data":"Neutralize","floor":6.0,"key":"SMITH"},{"data":"Envenom","floor":8.0,"key":"SMITH"},{"data":"Tactician","floor":15.0,"key":"SMITH"},{"data":"Acrobatics","floor":23.0,"key":"SMITH"},{"data":"Well Laid Plans","floor":27.0,"key":"SMITH"},{"data":"Ghostly","floor":32,"key":"SMITH"},{"data":"Grand Finale","floor":40,"key":"SMITH"},{"data":"Adrenaline","floor":46,"key":"SMITH"},{"floor":49,"key":"RECALL"},{"data":"Backflip","floor":53,"key":"SMITH"}],"neow_cost":"NONE","seed_source_timestamp":10982803009662,"circlet_count":0,"master_deck":["AscendersBane","Envenom+1","Dagger Throw","Crippling Poison+1","Footwork","Adrenaline+1","Leg Sweep+1","Tactician+1","After Image","Acrobatics+1","Well Laid Plans+1","Ghostly+1","Ghostly","Ghostly","Grand Finale+1","Backflip+1"],"special_seed":0,"relics":["Pandora\u0027s Box","War Paint","Juzu Bracelet","Pantograph","Ornamental Fan","Philosopher\u0027s Stone","MutagenicStrength","MawBank","Tiny House","Bird Faced Urn","Strawberry","Ninja Scroll","Mercury Hourglass"],"potions_floor_usage":[56,56],"damage_taken":[{"damage":1.0,"enemies":"Small Slimes","floor":1.0,"turns":3.0},{"damage":0.0,"enemies":"Jaw Worm","floor":7.0,"turns":1.0},{"damage":0.0,"enemies":"2 Louse","floor":11.0,"turns":3.0},{"damage":0.0,"enemies":"Gremlin Gang","floor":12.0,"turns":2.0},{"damage":0.0,"enemies":"Lagavulin","floor":13.0,"turns":5.0},{"damage":5.0,"enemies":"Slime Boss","floor":16.0,"turns":8.0},{"damage":15.0,"enemies":"2 Thieves","floor":18.0,"turns":4.0},{"damage":8.0,"enemies":"3 Byrds","floor":21.0,"turns":4.0},{"damage":8.0,"enemies":"Cultist and Chosen","floor":22.0,"turns":5.0},{"damage":0,"enemies":"Automaton","floor":33,"turns":8},{"damage":11,"enemies":"Orb Walker","floor":35,"turns":3},{"damage":0,"enemies":"3 Darklings","floor":39,"turns":2},{"damage":1,"enemies":"Nemesis","floor":42,"turns":3},{"damage":0,"enemies":"Sphere and 2 Shapes","floor":44,"turns":3},{"damage":2,"enemies":"Reptomancer","floor":45,"turns":3},{"damage":0,"enemies":"Maw","floor":47,"turns":3},{"damage":0,"enemies":"4 Shapes","floor":48,"turns":2},{"damage":0,"enemies":"Awakened One","floor":50,"turns":4},{"damage":0,"enemies":"Time Eater","floor":51,"turns":5},{"damage":0,"enemies":"Shield and Spear","floor":55,"turns":2},{"damage":2,"enemies":"The Heart","floor":56,"turns":6}],"seed_played":"-6612121768391786609","potions_obtained":[{"floor":1.0,"key":"SteroidPotion"},{"floor":11.0,"key":"Ancient Potion"},{"floor":13.0,"key":"Ancient Potion"}],"is_trial":false,"path_per_floor":["M","$","?","T","?","R","M","R","T","?","M","M","E","?","R","B",null,"M","?","?","M","M","R","?","$","T","R","?","$","?","$","R","B",null,"M","$","?","?","M","R","?","E","T","M","E","R","M","M","R","B","B",null,"R","$","E","B",null],"character_chosen":"THE_SILENT","items_purchased":["Well Laid Plans"],"campfire_rested":0,"item_purchase_floors":[25],"current_hp_per_floor":[58,58,58,58,58,58,58,58,58,58,58,58,58,53,53,61,65,50,50,50,42,34,34,34,34,34,34,33,33,33,33,33,33,38,27,27,27,27,27,27,27,26,33,41,45,45,45,45,45,45,45,45,45,45,45,45],"gold":99,"neow_bonus":"BOSS_RELIC","is_prod":false,"is_daily":false,"chose_seed":false,"campfire_upgraded":9,"win_rate":0,"timestamp":1547884868,"path_taken":["M","$","?","?","?","R","?","R","T","?","M","M","E","?","R","BOSS","M","?","?","M","M","R","?","$","T","R","?","$","?","?","R","BOSS","M","$","?","?","M","R","?","E","T","M","E","R","M","M","R","BOSS","BOSS","R","$","E","BOSS"],"build_version":"2019-01-17v2","purchased_purges":4,"victory":true,"max_hp_per_floor":[66,66,66,66,66,66,66,66,66,66,66,66,66,66,66,66,66,66,66,66,66,66,66,66,66,66,66,33,33,33,33,33,33,38,38,38,38,38,38,38,38,38,45,45,45,45,45,45,45,45,45,45,45,45,45,45],"card_choices":[{"not_picked":["Setup","Sucker Punch","Finisher"],"picked":"SKIP","floor":1.0},{"not_picked":["Quick Slash","Poisoned Stab"],"picked":"Leg Sweep","floor":7.0},{"not_picked":["Bouncing Flask","Calculated Gamble"],"picked":"Tactician","floor":11.0},{"not_picked":["Dagger Spray","Slice","Infinite Blades"],"picked":"SKIP","floor":12.0},{"not_picked":["Poisoned Stab","Dagger Spray","Quick Slash"],"picked":"SKIP","floor":13.0},{"not_picked":["Night Terror","Bullet Time"],"picked":"After Image","floor":16.0},{"not_picked":["Tactician","Crippling Poison+1"],"picked":"Acrobatics","floor":18.0},{"not_picked":["Dodge and Roll","Prepared","PiercingWail"],"picked":"SKIP","floor":21.0},{"not_picked":["Sucker Punch","Crippling Poison","Deflect"],"picked":"SKIP","floor":22.0},{"not_picked":["After Image","Phantasmal Killer"],"picked":"Grand Finale","floor":33},{"not_picked":["Slice+1","Bane"],"picked":"Backflip","floor":34},{"not_picked":["Tactician","Backflip","Blade Dance"],"picked":"SKIP","floor":35},{"not_picked":["Noxious Fumes+1","Well Laid Plans+1","Eviscerate"],"picked":"SKIP","floor":39},{"not_picked":["PiercingWail","Dagger Throw","Caltrops"],"picked":"SKIP","floor":42},{"not_picked":["Poisoned Stab","Finisher","Backflip"],"picked":"SKIP","floor":44},{"not_picked":["Dodge and Roll","Calculated Gamble","Blade Dance+1"],"picked":"SKIP","floor":45},{"not_picked":["Underhanded Strike","Dagger Spray+1","Quick Slash+1"],"picked":"SKIP","floor":47},{"not_picked":["Choke","Slice","Riddle With Holes+1"],"picked":"SKIP","floor":48},{"not_picked":["Slice+1","Malaise","Quick Slash"],"picked":"SKIP","floor":55}],"player_experience":2032484,"relics_obtained":[{"floor":4.0,"key":"War Paint"},{"floor":9.0,"key":"Juzu Bracelet"},{"floor":13.0,"key":"Pantograph"},{"floor":42,"key":"Bird Faced Urn"},{"floor":43,"key":"Strawberry"},{"floor":45,"key":"Ninja Scroll"},{"floor":55,"key":"Mercury Hourglass"}],"event_choices":[{"damage_healed":0.0,"max_hp_gain":0.0,"max_hp_loss":0.0,"gold_gain":0.0,"event_name":"Liars Game","player_choice":"Ignored","floor":3.0,"gold_loss":0.0,"damage_taken":0.0},{"damage_healed":0.0,"max_hp_gain":0.0,"max_hp_loss":0.0,"gold_gain":100.0,"event_name":"Wheel of Change","player_choice":"Gold","floor":5.0,"gold_loss":0.0,"damage_taken":0.0},{"cards_removed":["Quick Slash"],"damage_healed":0.0,"max_hp_gain":0.0,"max_hp_loss":0.0,"gold_gain":0.0,"event_name":"The Cleric","player_choice":"Card Removal","floor":10.0,"gold_loss":75.0,"damage_taken":0.0},{"damage_healed":0.0,"max_hp_gain":0.0,"max_hp_loss":0.0,"gold_gain":0.0,"event_name":"Scrap Ooze","player_choice":"Success","floor":14.0,"gold_loss":0.0,"damage_taken":5.0,"relics_obtained":["Ornamental Fan"]},{"damage_healed":0.0,"max_hp_gain":0.0,"max_hp_loss":0.0,"gold_gain":0.0,"event_name":"Drug Dealer","player_choice":"Inject Mutagens","floor":19.0,"gold_loss":0.0,"damage_taken":0.0,"relics_obtained":["MutagenicStrength"]},{"damage_healed":0.0,"max_hp_gain":0.0,"max_hp_loss":0.0,"gold_gain":0.0,"event_name":"The Mausoleum","player_choice":"Ignored","floor":20.0,"gold_loss":0.0,"damage_taken":0.0},{"damage_healed":0.0,"max_hp_gain":0.0,"max_hp_loss":0.0,"gold_gain":0.0,"event_name":"Addict","player_choice":"Obtained Relic","floor":24.0,"gold_loss":85.0,"damage_taken":0.0,"relics_obtained":["MawBank"]},{"damage_healed":0,"gold_gain":0,"player_choice":"Became a Ghost","damage_taken":0,"max_hp_gain":0,"max_hp_loss":33,"event_name":"Ghosts","floor":28,"gold_loss":0,"cards_obtained":["Ghostly","Ghostly","Ghostly"]},{"damage_healed":0,"gold_gain":50,"player_choice":"Stole From Cult","damage_taken":0,"max_hp_gain":0,"max_hp_loss":0,"event_name":"Nest","floor":30,"gold_loss":0},{"damage_healed":0,"gold_gain":0,"player_choice":"Memory 1","damage_taken":0,"max_hp_gain":0,"max_hp_loss":0,"event_name":"SensoryStone","floor":37,"gold_loss":0},{"cards_removed":["Doppelganger"],"damage_healed":0,"gold_gain":0,"player_choice":"Purged","damage_taken":0,"max_hp_gain":0,"max_hp_loss":0,"event_name":"Purifier","floor":38,"gold_loss":0},{"cards_removed":["Neutralize"],"damage_healed":0,"gold_gain":0,"player_choice":"Removed Attack","damage_taken":0,"max_hp_gain":0,"max_hp_loss":0,"event_name":"Falling","floor":41,"gold_loss":0}],"is_beta":false,"boss_relics":[{"not_picked":["Empty Cage","Snecko Eye"],"picked":"Philosopher\u0027s Stone"},{"not_picked":["Velvet Choker","Fusion Hammer"],"picked":"Tiny House"}],"items_purged_floors":[2,25,36,54],"is_endless":false,"potions_floor_spawned":[1,11,13,16,22,33,42,47,48,55],"ascension_level":20}