{"gold_per_floor":[218,232,3,3,17,46,61,61,61,94,104,179,179,206,206,280,280,296,56,73,84,96,128,128,162,187,187,187,187,216,232,232,306,306,318,1317,1317,1331,1346,1346],"floor_reached":40,"playtime":2534,"items_purged":["Strike_R"],"score":933,"play_id":"5c9dcbc3-18a9-46b3-8e69-26224e61b93c","local_time":"20190518003150","is_ascension_mode":true,"campfire_choices":[{"floor":13.0,"key":"REST"},{"data":"Inflame","floor":15.0,"key":"SMITH"},{"floor":24.0,"key":"RECALL"},{"floor":27.0,"key":"REST"},{"floor":32.0,"key":"REST"}],"neow_cost":"NONE","seed_source_timestamp":16043186283362,"circlet_count":0,"master_deck":["AscendersBane","Strike_R","Defend_R","Defend_R","Defend_R","Defend_R","Bash","Havoc","Inflame+1","Armaments+1","Cleave","Ghostly Armor","Fiend Fire","True Grit","Immolate","Disarm","Sentinel","Dark Embrace","Power Through+1","Inflame","Havoc+1","Warcry+1","Normality","Normality"],"special_seed":0,"relics":["Burning Blood","Happy Flower","Pocketwatch","Mango","Ice Cream","Charon\u0027s Ashes","Fusion Hammer","Toxic Egg 2","Potion Belt","Kunai","Philosopher\u0027s Stone"],"potions_floor_usage":[40],"damage_taken":[{"damage":1.0,"enemies":"Cultist","floor":1.0,"turns":3.0},{"damage":1.0,"enemies":"2 Louse","floor":2.0,"turns":4.0},{"damage":3.0,"enemies":"Small Slimes","floor":5.0,"turns":3.0},{"damage":40.0,"enemies":"3 Sentries","floor":6.0,"turns":9.0},{"damage":9.0,"enemies":"2 Fungi Beasts","floor":7.0,"turns":3.0},{"damage":30.0,"enemies":"Gremlin Nob","floor":10.0,"turns":4.0},{"damage":3.0,"enemies":"Large Slime","floor":11.0,"turns":6.0},{"damage":7.0,"enemies":"Lagavulin","floor":14.0,"turns":5.0},{"damage":12.0,"enemies":"Hexaghost","floor":16.0,"turns":9.0},{"damage":0.0,"enemies":"Chosen","floor":18.0,"turns":3.0},{"damage":9.0,"enemies":"2 Thieves","floor":20.0,"turns":2.0},{"damage":5.0,"enemies":"Centurion and Healer","floor":21.0,"turns":3.0},{"damage":25.0,"enemies":"Shelled Parasite and Fungi","floor":22.0,"turns":3.0},{"damage":0.0,"enemies":"Gremlin Leader","floor":23.0,"turns":6.0},{"damage":21.0,"enemies":"Slavers","floor":25.0,"turns":3.0},{"damage":22.0,"enemies":"Book of Stabbing","floor":30.0,"turns":5.0},{"damage":16.0,"enemies":"Chosen and Byrds","floor":31.0,"turns":3.0},{"damage":14.0,"enemies":"Collector","floor":33.0,"turns":10.0},{"damage":6.0,"enemies":"Orb Walker","floor":35.0,"turns":3.0},{"damage":9.0,"enemies":"3 Shapes","floor":38.0,"turns":4.0},{"damage":52.0,"enemies":"3 Darklings","floor":39.0,"turns":4.0},{"damage":48,"enemies":"Nemesis","floor":40,"turns":8}],"seed_played":"8240287682716345232","potions_obtained":[{"floor":2.0,"key":"Weak Potion"},{"floor":6.0,"key":"FearPotion"},{"floor":11.0,"key":"PowerPotion"},{"floor":20.0,"key":"Explosive Potion"},{"floor":23.0,"key":"BloodPotion"},{"floor":25.0,"key":"Ancient Potion"}],"is_trial":false,"path_per_floor":["M","M","$","?","M","E","M","?","T","E","M","?","R","E","R","B",null,"M","$","M","M","M","E","R","E","T","R","?","?","E","M","R","B",null,"M","?","?","M","M","E"],"character_chosen":"IRONCLAD","items_purchased":["Happy Flower","Armaments","Immolate"],"campfire_rested":3,"item_purchase_floors":[3,3,19],"current_hp_per_floor":[73,75,75,75,75,41,38,31,45,21,24,13,39,38,38,32,75,81,81,78,79,60,66,66,51,51,77,77,51,35,25,53,45,82,82,82,82,79,33,0],"gold":1346,"neow_bonus":"HUNDRED_GOLD","is_prod":false,"is_daily":false,"chose_seed":false,"campfire_upgraded":1,"win_rate":0,"timestamp":1558132310,"path_taken":["M","?","$","?","M","E","?","?","T","E","M","?","R","E","R","BOSS","M","$","M","M","M","E","R","E","T","R","?","?","E","M","R","BOSS","M","?","?","M","M","E"],"build_version":"2019-01-23","purchased_purges":1,"victory":false,"max_hp_per_floor":[75,75,75,75,75,75,75,75,89,89,89,89,89,89,89,89,89,89,89,89,89,89,89,89,89,89,89,89,94,94,94,94,94,94,94,94,89,89,89,89],"card_choices":[{"not_picked":["Thunderclap","Flex"],"picked":"Havoc","floor":1.0},{"not_picked":["Uppercut","Seeing Red"],"picked":"Inflame","floor":2.0},{"not_picked":["Burning Pact","Flex"],"picked":"Cleave","floor":5.0},{"not_picked":["Rupture","Intimidate"],"picked":"Ghostly Armor","floor":6.0},{"not_picked":["Armaments","Warcry","Sever Soul"],"picked":"SKIP","floor":7.0},{"not_picked":["Berserk","Rupture","Evolve"],"picked":"SKIP","floor":10.0},{"not_picked":["Bloodletting","Clothesline","Thunderclap"],"picked":"SKIP","floor":11.0},{"not_picked":["Body Slam","Heavy Blade","Wild Strike"],"picked":"SKIP","floor":14.0},{"not_picked":["Impervious","Reaper"],"picked":"Fiend Fire","floor":16.0},{"not_picked":["Shrug It Off","Wild Strike"],"picked":"True Grit","floor":18.0},{"not_picked":["Iron Wave","Perfected Strike"],"picked":"Disarm","floor":20.0},{"not_picked":["Cleave+1","Headbutt","Shrug It Off"],"picked":"SKIP","floor":21.0},{"not_picked":["Headbutt","Infernal Blade"],"picked":"Sentinel","floor":22.0},{"not_picked":["Metallicize","Burning Pact"],"picked":"Dark Embrace","floor":23.0},{"not_picked":["Wild Strike","Anger","Heavy Blade"],"picked":"SKIP","floor":25.0},{"not_picked":["Anger","Pommel Strike","Wild Strike"],"picked":"SKIP","floor":30.0},{"not_picked":["Heavy Blade","Rupture"],"picked":"Havoc+1","floor":31.0},{"not_picked":["Pommel Strike","Flex+1"],"picked":"Warcry+1","floor":35.0},{"not_picked":["Thunderclap","Flex+1","Heavy Blade"],"picked":"SKIP","floor":38.0},{"not_picked":["Bloodletting+1","Dual Wield+1","Wild Strike"],"picked":"SKIP","floor":39.0}],"player_experience":580938,"relics_obtained":[{"floor":6.0,"key":"Pocketwatch"},{"floor":9.0,"key":"Mango"},{"floor":10.0,"key":"Ice Cream"},{"floor":14.0,"key":"Charon\u0027s Ashes"},{"floor":23.0,"key":"Toxic Egg 2"},{"floor":25.0,"key":"Potion Belt"},{"floor":30.0,"key":"Kunai"}],"event_choices":[{"damage_healed":0.0,"max_hp_gain":0.0,"max_hp_loss":0.0,"gold_gain":0.0,"event_name":"Upgrade Shrine","player_choice":"Upgraded","floor":4.0,"gold_loss":0.0,"damage_taken":0.0,"cards_upgraded":["Armaments"]},{"cards_removed":["Strike_R"],"damage_healed":0.0,"max_hp_gain":0.0,"max_hp_loss":0.0,"gold_gain":0.0,"event_name":"Golden Wing","player_choice":"Card Removal","floor":8.0,"gold_loss":0.0,"damage_taken":7.0},{"damage_healed":0.0,"max_hp_gain":0.0,"max_hp_loss":0.0,"gold_gain":75.0,"event_name":"World of Goop","player_choice":"Gather Gold","floor":12.0,"gold_loss":0.0,"damage_taken":11.0},{"damage_healed":0.0,"max_hp_gain":0.0,"max_hp_loss":0.0,"gold_gain":0.0,"cards_transformed":["Strike_R","Strike_R"],"event_name":"Drug Dealer","player_choice":"Became Test Subject","floor":28.0,"gold_loss":0.0,"damage_taken":0.0,"cards_obtained":["Power Through","Inflame"]},{"damage_healed":0.0,"max_hp_gain":5.0,"max_hp_loss":0.0,"gold_gain":0.0,"event_name":"Forgotten Altar","player_choice":"Shed Blood","floor":29.0,"gold_loss":0.0,"damage_taken":31.0},{"damage_healed":0.0,"max_hp_gain":0.0,"max_hp_loss":0.0,"gold_gain":999.0,"event_name":"MindBloom","player_choice":"Gold","floor":36.0,"gold_loss":0.0,"damage_taken":0.0,"cards_obtained":["Normality","Normality"]},{"damage_healed":0.0,"max_hp_gain":0.0,"max_hp_loss":5.0,"gold_gain":0.0,"event_name":"Winding Halls","player_choice":"Max HP","floor":37.0,"gold_loss":0.0,"damage_taken":0.0}],"is_beta":false,"boss_relics":[{"not_picked":["Runic Pyramid","Ectoplasm"],"picked":"Fusion Hammer"},{"not_picked":["Mark of Pain","Orrery"],"picked":"Philosopher\u0027s Stone"}],"items_purged_floors":[19],"is_endless":false,"potions_floor_spawned":[2,6,11,14,16,18,20,21,23,25],"killed_by":"Nemesis","ascension_level":17}