{"gold_per_floor":[115,115,132,10,10,10,10,40,40,65,78,78],"floor_reached":12,"playtime":232,"items_purged":[],"score":172,"play_id":"fca0669d-6bea-43cc-b952-c8ac842f413e","local_time":"20190710050708","is_ascension_mode":true,"campfire_choices":[{"floor":6.0,"key":"REST"}],"neow_cost":"NONE","seed_source_timestamp":105034030484545,"circlet_count":0,"master_deck":["AscendersBane","Strike_B","Strike_B","Strike_B","Defend_B","Defend_B","Defend_B","Defend_B","Zap","Dualcast","Turbo","Loop","Recycle","Biased Cognition","Core Surge","Capacitor","Defragment"],"special_seed":0,"relics":["Fusion Hammer","Mummified Hand","Ice Cream","Blue Candle","Regal Pillow"],"potions_floor_usage":[12],"damage_taken":[{"damage":5.0,"enemies":"Small Slimes","floor":1.0,"turns":3.0},{"damage":8.0,"enemies":"2 Louse","floor":3.0,"turns":3.0},{"damage":25.0,"enemies":"Lagavulin","floor":8.0,"turns":7.0},{"damage":28.0,"enemies":"Gremlin Nob","floor":10.0,"turns":4.0},{"damage":0.0,"enemies":"Cultist","floor":11.0,"turns":3.0},{"damage":10,"enemies":"Gremlin Gang","floor":12,"turns":1}],"seed_played":"-6556021843820016323","potions_obtained":[{"floor":3.0,"key":"FearPotion"},{"floor":10.0,"key":"GamblersBrew"}],"is_trial":false,"path_per_floor":["M","?","M","$","?","R","?","E","T","E","M","M"],"character_chosen":"DEFECT","items_purchased":["Loop","Recycle"],"campfire_rested":1,"item_purchase_floors":[4,4],"current_hp_per_floor":[59,48,40,40,40,61,61,36,36,8,8,0],"gold":78,"neow_bonus":"BOSS_RELIC","is_prod":false,"is_daily":false,"chose_seed":false,"campfire_upgraded":0,"win_rate":0,"timestamp":1562702828,"path_taken":["M","?","M","$","?","R","?","E","T","E","?","M"],"build_version":"2019-07-05","purchased_purges":0,"victory":false,"max_hp_per_floor":[71,71,71,71,71,71,71,71,71,71,71,71],"card_choices":[{"not_picked":["Compile Driver","Hello World"],"picked":"Turbo","floor":1.0},{"not_picked":["Gash","Compile Driver","Stack"],"picked":"SKIP","floor":3.0},{"not_picked":["Reprogram","Recycle"],"picked":"Core Surge","floor":8.0},{"not_picked":["Steam","Sweeping Beam"],"picked":"Capacitor","floor":10.0},{"not_picked":["Hologram","Gash"],"picked":"Defragment","floor":11.0}],"player_experience":625696,"relics_obtained":[{"floor":8.0,"key":"Ice Cream"},{"floor":9.0,"key":"Blue Candle"},{"floor":10.0,"key":"Regal Pillow"}],"event_choices":[{"damage_healed":0.0,"max_hp_gain":0.0,"max_hp_loss":0.0,"gold_gain":0.0,"event_name":"Scrap Ooze","player_choice":"Success","floor":2.0,"gold_loss":0.0,"damage_taken":11.0,"relics_obtained":["Mummified Hand"]},{"damage_healed":0.0,"max_hp_gain":0.0,"max_hp_loss":0.0,"gold_gain":0.0,"event_name":"Liars Game","player_choice":"Ignored","floor":5.0,"gold_loss":0.0,"damage_taken":0.0},{"damage_healed":0.0,"max_hp_gain":0.0,"max_hp_loss":0.0,"gold_gain":0.0,"cards_transformed":["Strike_B"],"event_name":"Transmorgrifier","player_choice":"Transformed","floor":7.0,"gold_loss":0.0,"damage_taken":0.0,"cards_obtained":["Biased Cognition"]}],"is_beta":false,"boss_relics":[],"items_purged_floors":[],"is_endless":false,"potions_floor_spawned":[3,10],"killed_by":"Gremlin Gang","ascension_level":20}