{"gold_per_floor":[109,22,42,14,32,32,52,52,78,78,96,96,21,39,39,118,118,130,110,10,27,27,27,37,37,62,62,62,77,77,77,77,77],"floor_reached":33,"playtime":1213,"items_purged":["Strike_R","Strike_R"],"score":524,"play_id":"72134969-8d99-45d4-ab8e-e90fae05eae7","local_time":"20190103182234","is_ascension_mode":true,"campfire_choices":[{"data":"Feed","floor":6.0,"key":"SMITH"},{"floor":12.0,"key":"REST"},{"data":"True Grit","floor":15.0,"key":"SMITH"},{"floor":23.0,"key":"REST"},{"data":"Sword Boomerang","floor":25.0,"key":"SMITH"},{"floor":32,"key":"REST"}],"neow_cost":"PERCENT_DAMAGE","seed_source_timestamp":21995094965094,"circlet_count":0,"master_deck":["AscendersBane","Strike_R+1","Defend_R","Defend_R","Defend_R","Bash+1","Feed+1","Spot Weakness","Evolve","Shrug It Off","Flex","True Grit+1","Reaper","Berserk+1","Uppercut+1","Impervious+1","Sword Boomerang+1","Flex","Spot Weakness","J.A.X.","Decay"],"special_seed":0,"relics":["Burning Blood","Ancient Tea Set","Astrolabe","Art of War","Boot"],"potions_floor_usage":[27],"damage_taken":[{"damage":18.0,"enemies":"Cultist","floor":1.0,"turns":5.0},{"damage":8.0,"enemies":"2 Louse","floor":3.0,"turns":2.0},{"damage":8.0,"enemies":"Small Slimes","floor":5.0,"turns":5.0},{"damage":16.0,"enemies":"Blue Slaver","floor":7.0,"turns":3.0},{"damage":9.0,"enemies":"3 Louse","floor":11.0,"turns":3.0},{"damage":9.0,"enemies":"Looter","floor":14.0,"turns":3.0},{"damage":40.0,"enemies":"The Guardian","floor":16.0,"turns":18.0},{"damage":52.0,"enemies":"Spheric Guardian","floor":18.0,"turns":8.0},{"damage":20.0,"enemies":"2 Thieves","floor":19.0,"turns":4.0},{"damage":43.0,"enemies":"Cultist and Chosen","floor":21.0,"turns":9.0},{"damage":49.0,"enemies":"Centurion and Healer","floor":24.0,"turns":7.0},{"damage":38,"enemies":"Colosseum Slavers","floor":27,"turns":4},{"damage":36,"enemies":"Snake Plant","floor":29,"turns":4},{"damage":65,"enemies":"Champ","floor":33,"turns":10}],"seed_played":"-4733870691938862258","potions_obtained":[{"floor":1.0,"key":"GamblersBrew"},{"floor":5.0,"key":"Strength Potion"},{"floor":11.0,"key":"Regen Potion"},{"floor":18.0,"key":"Swift Potion"},{"floor":24.0,"key":"Energy Potion"}],"is_trial":false,"path_per_floor":["M","$","M","$","M","R","M","?","T","?","M","R","$","M","R","B",null,"M","M","$","M","?","R","M","R","T","?","?","M","?","?","R","B"],"character_chosen":"IRONCLAD","items_purchased":["Evolve","Shrug It Off"],"campfire_rested":3,"item_purchase_floors":[2,4],"current_hp_per_floor":[41,41,42,42,43,43,37,11,11,11,12,39,39,40,40,25,81,39,39,39,18,18,51,54,54,54,46,46,28,28,28,65,0],"gold":77,"neow_bonus":"THREE_RARE_CARDS","is_prod":false,"is_daily":false,"chose_seed":false,"campfire_upgraded":3,"win_rate":0,"timestamp":1546510954,"path_taken":["M","$","M","?","M","R","M","?","T","?","M","R","$","?","R","BOSS","M","M","$","M","?","R","M","R","T","?","?","M","?","?","R","BOSS"],"build_version":"2018-12-20","purchased_purges":2,"victory":false,"max_hp_per_floor":[78,78,81,81,84,84,88,88,88,88,92,92,92,96,96,100,100,104,108,108,112,112,112,116,116,116,120,120,124,124,124,124,124],"card_choices":[{"not_picked":["Berserk","Exhume"],"picked":"Feed","floor":0.0},{"not_picked":["Sever Soul","Hemokinesis"],"picked":"Spot Weakness","floor":1.0},{"not_picked":["Havoc","Perfected Strike","Fire Breathing"],"picked":"SKIP","floor":3.0},{"not_picked":["Pommel Strike","Fire Breathing","Iron Wave"],"picked":"SKIP","floor":5.0},{"not_picked":["Ghostly Armor","Combust"],"picked":"Flex","floor":7.0},{"not_picked":["Ghostly Armor","Iron Wave","Spot Weakness"],"picked":"SKIP","floor":11.0},{"not_picked":["Wild Strike","Headbutt"],"picked":"True Grit","floor":14.0},{"not_picked":["Feed","Demon Form"],"picked":"Reaper","floor":16.0},{"not_picked":["Metallicize","Sword Boomerang","Searing Blow"],"picked":"SKIP","floor":18.0},{"not_picked":["Metallicize","Searing Blow"],"picked":"Sword Boomerang","floor":18.0},{"not_picked":["Clothesline","Metallicize"],"picked":"Flex","floor":19.0},{"not_picked":["Carnage","Body Slam+1"],"picked":"Spot Weakness","floor":21.0},{"not_picked":["Perfected Strike+1","Iron Wave","Metallicize"],"picked":"SKIP","floor":24.0},{"not_picked":["Clash","Metallicize","Heavy Blade"],"picked":"SKIP","floor":29}],"player_experience":1698166,"relics_obtained":[{"floor":9.0,"key":"Ancient Tea Set"},{"floor":26.0,"key":"Art of War"}],"event_choices":[{"damage_healed":0.0,"max_hp_gain":0.0,"max_hp_loss":0.0,"gold_gain":0.0,"event_name":"Shining Light","player_choice":"Entered Light","floor":8.0,"gold_loss":0.0,"damage_taken":26.0,"cards_upgraded":["Strike_R","Bash"]},{"damage_healed":0.0,"max_hp_gain":0.0,"max_hp_loss":0.0,"gold_gain":0.0,"event_name":"Liars Game","player_choice":"Ignored","floor":10.0,"gold_loss":0.0,"damage_taken":0.0},{"damage_healed":0.0,"max_hp_gain":0.0,"max_hp_loss":0.0,"gold_gain":0.0,"event_name":"Drug Dealer","player_choice":"Obtain J.A.X.","floor":22.0,"gold_loss":0.0,"damage_taken":0.0,"cards_obtained":["J.A.X."]},{"damage_healed":0,"gold_gain":0,"player_choice":"Fight","damage_taken":0,"max_hp_gain":0,"max_hp_loss":0,"event_name":"Colosseum","floor":27,"gold_loss":0},{"damage_healed":0,"gold_gain":0,"player_choice":"Fled From Nobs","damage_taken":0,"max_hp_gain":0,"max_hp_loss":0,"event_name":"Colosseum","floor":27,"gold_loss":0},{"damage_healed":0,"gold_gain":0,"player_choice":"Read","damage_taken":0,"max_hp_gain":0,"max_hp_loss":0,"event_name":"The Library","floor":28,"gold_loss":0,"cards_obtained":["Inflame"]},{"damage_healed":0,"gold_gain":0,"player_choice":"Smashed Altar","damage_taken":0,"max_hp_gain":0,"max_hp_loss":0,"event_name":"Forgotten Altar","floor":30,"gold_loss":0,"cards_obtained":["Decay"]},{"cards_removed":["Inflame"],"damage_healed":0,"gold_gain":0,"player_choice":"Gave Card","damage_taken":0,"relics_obtained":["Boot"],"max_hp_gain":0,"max_hp_loss":0,"event_name":"WeMeetAgain","floor":31,"gold_loss":0}],"is_beta":false,"boss_relics":[{"not_picked":["Orrery","Philosopher\u0027s Stone"],"picked":"Astrolabe"}],"items_purged_floors":[13,20],"is_endless":false,"potions_floor_spawned":[1,5,11,18,24],"killed_by":"Champ","ascension_level":20}