{"gold_per_floor":[360,27,45,45,60,90,110,110,110,126,146,146,158,158,158,158],"floor_reached":16,"playtime":511,"items_purged":["Strike_G"],"score":208,"play_id":"66cf70ec-861f-4bfd-920e-5759bceffc4b","local_time":"20190103234324","is_ascension_mode":true,"campfire_choices":[{"data":"Apotheosis","floor":8.0,"key":"SMITH"},{"floor":12.0,"key":"REST"},{"data":"Envenom","floor":15.0,"key":"SMITH"}],"neow_cost":"TEN_PERCENT_HP_LOSS","seed_source_timestamp":42000319107100,"circlet_count":0,"master_deck":["AscendersBane","Defend_G","Defend_G","Defend_G","Defend_G","Defend_G","Strike_G+1","Strike_G","Strike_G","Strike_G","Survivor","Neutralize","Apotheosis+1","Noxious Fumes+1","Backflip","Decay","Poisoned Stab","Backflip","Envenom+1","Tactician","Heel Hook"],"special_seed":0,"relics":["Ring of the Snake","Strawberry","Potion Belt"],"potions_floor_usage":[16],"damage_taken":[{"damage":4.0,"enemies":"Jaw Worm","floor":1.0,"turns":7.0},{"damage":0.0,"enemies":"Cultist","floor":3.0,"turns":5.0},{"damage":3.0,"enemies":"2 Louse","floor":5.0,"turns":4.0},{"damage":36.0,"enemies":"Gremlin Nob","floor":6.0,"turns":5.0},{"damage":6.0,"enemies":"Exordium Thugs","floor":7.0,"turns":9.0},{"damage":7.0,"enemies":"Red Slaver","floor":10.0,"turns":5.0},{"damage":6.0,"enemies":"Lots of Slimes","floor":11.0,"turns":6.0},{"damage":0.0,"enemies":"Blue Slaver","floor":13.0,"turns":6.0},{"damage":0,"enemies":"Hexaghost","floor":16,"turns":2}],"seed_played":"-8957823150895976474","potions_obtained":[{"floor":1.0,"key":"Dexterity Potion"},{"floor":6.0,"key":"LiquidBronze"}],"is_trial":false,"path_per_floor":["M","$","M","?","M","E","M","R","T","M","M","R","M","?","R","B"],"character_chosen":"THE_SILENT","items_purchased":["Apotheosis","Noxious Fumes"],"campfire_rested":1,"item_purchase_floors":[2,2],"current_hp_per_floor":[55,55,55,55,52,23,17,17,17,10,4,24,24,4,4,4],"gold":158,"neow_bonus":"TWO_FIFTY_GOLD","is_prod":false,"is_daily":false,"chose_seed":false,"campfire_upgraded":2,"win_rate":0,"timestamp":1546530204,"path_taken":["M","$","M","?","M","E","M","R","T","M","?","R","M","?","R","BOSS"],"build_version":"2018-12-20","purchased_purges":1,"victory":false,"max_hp_per_floor":[60,60,60,60,60,67,67,67,67,67,67,67,67,67,67,67],"card_choices":[{"not_picked":["Setup","Cloak And Dagger","Blur"],"picked":"SKIP","floor":1.0},{"not_picked":["Cloak And Dagger","Flying Knee"],"picked":"Backflip","floor":3.0},{"not_picked":["Calculated Gamble","Sucker Punch"],"picked":"Poisoned Stab","floor":5.0},{"not_picked":["Infinite Blades","Dash"],"picked":"Backflip","floor":6.0},{"not_picked":["Deflect","Slice","Concentrate"],"picked":"SKIP","floor":7.0},{"not_picked":["Acrobatics","Dagger Spray"],"picked":"Envenom","floor":10.0},{"not_picked":["Flechettes","Distraction"],"picked":"Tactician","floor":11.0},{"not_picked":["Bane","Sucker Punch"],"picked":"Heel Hook","floor":13.0}],"player_experience":1713153,"relics_obtained":[{"floor":6.0,"key":"Strawberry"},{"floor":9.0,"key":"Potion Belt"}],"event_choices":[{"damage_healed":0.0,"max_hp_gain":0.0,"max_hp_loss":0.0,"gold_gain":0.0,"event_name":"Wheel of Change","player_choice":"Cursed","floor":4.0,"gold_loss":0.0,"damage_taken":0.0,"cards_obtained":["Decay"]},{"damage_healed":0.0,"max_hp_gain":0.0,"max_hp_loss":0.0,"gold_gain":0.0,"event_name":"Shining Light","player_choice":"Entered Light","floor":14.0,"gold_loss":0.0,"damage_taken":20.0,"cards_upgraded":["Strike_G","Noxious Fumes"]}],"is_beta":false,"boss_relics":[],"items_purged_floors":[2],"is_endless":false,"potions_floor_spawned":[1,6,7],"killed_by":"Hexaghost","ascension_level":20}