{"gold_per_floor":[111,261,336,118,128,128,159,176,225,126,146,146,181,169,169,241,241,257,10,30,43,59,59,89,89,114,142,92,92,92,107,107,182,182,194,212,212,260,260],"floor_reached":39,"playtime":1785,"items_purged":["Doubt","Strike_B","Cold Snap"],"score":751,"play_id":"11623d33-4813-4329-8e34-66bb40a504a7","local_time":"20181010224719","is_ascension_mode":true,"campfire_choices":[{"data":"Zap","floor":6.0,"key":"SMITH"},{"data":"Defragment","floor":12.0,"key":"SMITH"},{"data":"Coolheaded","floor":15.0,"key":"SMITH"},{"floor":23.0,"key":"REST"},{"data":"Defragment","floor":30.0,"key":"SMITH"},{"floor":32.0,"key":"REST"}],"neow_cost":"TEN_PERCENT_HP_LOSS","seed_source_timestamp":0,"circlet_count":0,"master_deck":["Zap+1","Dualcast","AscendersBane","Ball Lightning","Self Repair","Coolheaded+1","Chill","Defragment+1","Undo","Cold Snap","Capacitor","Reinforced Body","Ball Lightning","Turbo","Defragment+1","Echo Form","Backflip","Purity","Core Surge","Aggregate+1","Buffer+1","Thunder Strike+1","Double Energy","Madness","Madness","Barrage"],"special_seed":0,"relics":["Cracked Core","Calipers","Oddly Smooth Stone","Smiling Mask","Symbiotic Virus","PrismaticShard","WingedGreaves","Anchor","Blood Vial","Nloth\u0027s Gift","Astrolabe","FossilizedHelix"],"potions_floor_usage":[],"damage_taken":[{"damage":4.0,"enemies":"Jaw Worm","floor":1.0,"turns":5.0},{"damage":3.0,"enemies":"Small Slimes","floor":5.0,"turns":4.0},{"damage":16.0,"enemies":"Lagavulin","floor":7.0,"turns":7.0},{"damage":1.0,"enemies":"2 Louse","floor":8.0,"turns":2.0},{"damage":0.0,"enemies":"Blue Slaver","floor":11.0,"turns":4.0},{"damage":14.0,"enemies":"3 Sentries","floor":13.0,"turns":8.0},{"damage":0.0,"enemies":"Exordium Thugs","floor":14.0,"turns":4.0},{"damage":26.0,"enemies":"Slime Boss","floor":16.0,"turns":10.0},{"damage":0.0,"enemies":"Chosen","floor":18.0,"turns":4.0},{"damage":12.0,"enemies":"2 Thieves","floor":20.0,"turns":4.0},{"damage":25.0,"enemies":"Snecko","floor":21.0,"turns":5.0},{"damage":20.0,"enemies":"Snake Plant","floor":22.0,"turns":5.0},{"damage":13.0,"enemies":"Gremlin Leader","floor":24.0,"turns":8.0},{"damage":4.0,"enemies":"Book of Stabbing","floor":27.0,"turns":7.0},{"damage":2.0,"enemies":"Sentry and Sphere","floor":31.0,"turns":8.0},{"damage":18.0,"enemies":"Automaton","floor":33.0,"turns":11.0},{"damage":19.0,"enemies":"3 Darklings","floor":35.0,"turns":8.0},{"damage":1.0,"enemies":"3 Shapes","floor":36.0,"turns":7.0},{"damage":24.0,"enemies":"Mysterious Sphere","floor":38.0,"turns":7.0},{"damage":44,"enemies":"Spire Growth","floor":39,"turns":3}],"seed_played":"69161684799764501","potions_obtained":[{"floor":5.0,"key":"Energy Potion"},{"floor":11.0,"key":"LiquidBronze"},{"floor":14.0,"key":"Fire Potion"},{"floor":22.0,"key":"Explosive Potion"},{"floor":24.0,"key":"GamblersBrew"},{"floor":35.0,"key":"Strength Potion"}],"is_trial":false,"path_per_floor":["M","?","?","$","M","R","E","M","T","$","M","R","E","M","R","B",null,"M","$","M","M","M","R","E","?","T","E","$","?","R","M","R","B",null,"M","M","?","?"],"character_chosen":"DEFECT","items_purchased":["Ball Lightning","Self Repair","Sweeping Beam","Cold Snap","Defragment","PrismaticShard"],"campfire_rested":2,"item_purchase_floors":[4,4,4,10,19,19],"current_hp_per_floor":[60,60,49,49,53,53,44,43,43,43,50,50,43,50,50,31,56,63,63,58,40,27,46,40,23,23,26,26,26,26,33,53,44,63,60,68,56,34,0],"gold":260,"neow_bonus":"ONE_RARE_RELIC","is_prod":false,"is_daily":false,"chose_seed":false,"campfire_upgraded":4,"win_rate":0,"timestamp":1539182839,"path_taken":["M","?","?","$","M","R","E","M","T","$","?","R","E","?","R","BOSS","M","$","M","M","M","R","E","?","T","E","?","?","R","M","R","BOSS","M","?","?","?","M"],"build_version":"2018-10-04v2","purchased_purges":3,"victory":false,"max_hp_per_floor":[64,64,64,64,64,64,64,64,64,64,64,64,64,64,64,64,64,64,64,64,64,64,64,64,69,69,69,69,69,69,69,69,69,69,69,69,69,69,69],"card_choices":[{"not_picked":["Turbo","Melter","Rebound"],"picked":"SKIP","floor":1.0},{"not_picked":["Leap","Steam"],"picked":"Coolheaded","floor":5.0},{"not_picked":["Darkness","Beam Cell"],"picked":"Chill","floor":7.0},{"not_picked":["Aggregate","Hologram"],"picked":"Defragment","floor":8.0},{"not_picked":["Barrage","Sunder"],"picked":"Undo","floor":11.0},{"not_picked":["Ball Lightning","Redo","Rebound"],"picked":"SKIP","floor":13.0},{"not_picked":["Doom and Gloom","FTL","Barrage"],"picked":"SKIP","floor":14.0},{"not_picked":["Barrage","Compile Driver","Steam"],"picked":"SKIP","floor":18.0},{"not_picked":["Dash","Madness","Heatsinks"],"picked":"SKIP","floor":20.0},{"not_picked":["Havoc","Leap","Reckless Charge"],"picked":"SKIP","floor":21.0},{"not_picked":["Bane","Poisoned Stab"],"picked":"Echo Form","floor":22.0},{"not_picked":["Flex+1","Clothesline","Scrape"],"picked":"SKIP","floor":24.0},{"not_picked":["Hemokinesis","Seeing Red"],"picked":"Backflip","floor":27.0},{"not_picked":["Poisoned Stab","Warcry"],"picked":"Purity","floor":31.0},{"not_picked":["Thunder Strike","Exhume"],"picked":"Core Surge","floor":33.0},{"not_picked":["Reckless Charge","Conserve Battery"],"picked":"Double Energy","floor":35.0},{"not_picked":["Skewer+1","Disarm","Crippling Poison"],"picked":"SKIP","floor":36.0},{"not_picked":["Prepared","Poisoned Stab"],"picked":"Barrage","floor":38.0}],"player_experience":274028,"relics_obtained":[{"floor":7.0,"key":"Oddly Smooth Stone"},{"floor":9.0,"key":"Smiling Mask"},{"floor":13.0,"key":"Symbiotic Virus"},{"floor":24.0,"key":"WingedGreaves"},{"floor":26.0,"key":"Anchor"},{"floor":27.0,"key":"Blood Vial"},{"floor":38.0,"key":"FossilizedHelix"}],"event_choices":[{"event_name":"Liars Game","player_choice":"agreed","floor":2.0,"damage_taken":0.0},{"event_name":"World of Goop","player_choice":"Gather Gold","floor":3.0,"damage_taken":0.0},{"event_name":"Forgotten Altar","player_choice":"Shed Blood","floor":25.0,"damage_taken":0.0},{"event_name":"N\u0027loth","player_choice":"Traded a Pandora\u0027s Box","floor":29.0,"damage_taken":0.0},{"event_name":"Winding Halls","player_choice":"Embrace Madness","floor":37.0,"damage_taken":0.0},{"event_name":"Mysterious Sphere","player_choice":"Fight","floor":38.0,"damage_taken":0.0}],"is_beta":false,"boss_relics":[{"not_picked":["Philosopher\u0027s Stone","FrozenCore"],"picked":"Pandora\u0027s Box"},{"not_picked":["Tiny House","Calling Bell"],"picked":"Astrolabe"}],"items_purged_floors":[4,10,28],"is_endless":false,"potions_floor_spawned":[5,11,14,22,24,27,35,36],"killed_by":"Spire Growth","ascension_level":15}