{"gold_per_floor":[111,91,16,16,16,42,61,77,77,77,94,44,63,81,81,81],"floor_reached":16,"playtime":453,"items_purged":["Strike_R"],"score":168,"play_id":"0eef0522-2443-40d5-b927-5167487984b1","local_time":"20180921000933","is_ascension_mode":true,"campfire_choices":[{"data":"Feed","floor":10.0,"key":"SMITH"},{"floor":15,"key":"REST"}],"neow_cost":"PERCENT_DAMAGE","seed_source_timestamp":41056665810318,"circlet_count":0,"master_deck":["Strike_R","Strike_R","Strike_R","Strike_R","Defend_R","Defend_R","Defend_R","Bash","Feed+1","Cleave","Shrug It Off","Flex","Offering"],"special_seed":0,"relics":["Burning Blood","Bottled Flame","Matryoshka"],"potions_floor_usage":[11,13,14,16],"damage_taken":[{"damage":4.0,"enemies":"Jaw Worm","floor":1.0,"turns":6.0},{"damage":60.0,"enemies":"Lagavulin","floor":6.0,"turns":8.0},{"damage":5.0,"enemies":"Cultist","floor":7.0,"turns":4.0},{"damage":2.0,"enemies":"2 Louse","floor":8.0,"turns":2.0},{"damage":17,"enemies":"Large Slime","floor":11,"turns":5},{"damage":16,"enemies":"Exordium Thugs","floor":13,"turns":4},{"damage":0,"enemies":"Exordium Wildlife","floor":14,"turns":3},{"damage":92,"enemies":"The Guardian","floor":16,"turns":10}],"seed_played":"647461167101655495","potions_obtained":[{"floor":2.0,"key":"BloodPotion"},{"floor":8.0,"key":"Regen Potion"},{"floor":11,"key":"Strength Potion"},{"floor":13,"key":"Energy Potion"},{"floor":14,"key":"Poison Potion"}],"is_trial":false,"path_per_floor":["M","?","$","?","$","E","M","M","T","R","M","?","M","M","R"],"character_chosen":"IRONCLAD","items_purchased":[],"campfire_rested":1,"item_purchase_floors":[],"current_hp_per_floor":[56,56,56,61,61,15,19,26,26,26,29,29,23,33,63,0],"gold":81,"neow_bonus":"THREE_RARE_CARDS","is_prod":false,"is_daily":false,"chose_seed":false,"campfire_upgraded":1,"win_rate":0,"timestamp":1537459773,"path_taken":["M","?","$","?","?","E","M","M","T","R","?","?","M","M","R","BOSS"],"build_version":"2018-09-06","purchased_purges":1,"victory":false,"max_hp_per_floor":[83,83,83,88,88,88,91,94,94,94,94,94,98,102,102,102],"card_choices":[{"not_picked":["Offering","Dark Embrace"],"picked":"Feed","floor":0.0},{"not_picked":["Warcry","Searing Blow","Body Slam"],"picked":"SKIP","floor":1.0},{"not_picked":["Anger","Metallicize"],"picked":"Cleave","floor":6.0},{"not_picked":["Body Slam","Burning Pact"],"picked":"Shrug It Off","floor":7.0},{"not_picked":["Thunderclap","Seeing Red"],"picked":"Flex","floor":8.0},{"not_picked":["Searing Blow","Uppercut","Rage"],"picked":"SKIP","floor":11},{"not_picked":["Headbutt","Wild Strike"],"picked":"Offering","floor":13},{"not_picked":["Feel No Pain","Infernal Blade","Searing Blow"],"picked":"SKIP","floor":14}],"player_experience":54094,"relics_obtained":[{"floor":6.0,"key":"Bottled Flame"},{"floor":9.0,"key":"Matryoshka"}],"event_choices":[{"event_name":"The Woman in Blue","player_choice":"Bought 1 Potion","floor":2.0,"damage_taken":0.0},{"event_name":"Big Fish","player_choice":"Donut","floor":4.0,"damage_taken":0.0},{"event_name":"The Cleric","player_choice":"Card Removal","floor":12,"damage_taken":0}],"is_beta":false,"boss_relics":[],"items_purged_floors":[3],"is_endless":false,"potions_floor_spawned":[8,11,13,14],"killed_by":"The Guardian","ascension_level":8}