{"gold_per_floor":[368,368,127,152,0,0,43,64,111,152,152,152,165,184,184,279,279,302,302,85,109,159,159],"floor_reached":23,"playtime":550,"items_purged":["Strike_R"],"score":398,"play_id":"14ab518f-cb38-454b-ac40-228733192dd6","local_time":"20190311013436","is_ascension_mode":true,"campfire_choices":[{"data":"Carnage","floor":6.0,"key":"SMITH"},{"data":"Uppercut","floor":12,"key":"SMITH"},{"data":"Fiend Fire","floor":15,"key":"SMITH"}],"neow_cost":"PERCENT_DAMAGE","seed_source_timestamp":53490071852996,"circlet_count":0,"master_deck":["AscendersBane","Strike_R","Strike_R","Strike_R","Strike_R","Defend_R","Defend_R","Defend_R","Defend_R","Bash","Shrug It Off","Second Wind","Carnage+1","Battle Trance","Fiend Fire+1","Uppercut+1","Spot Weakness","Impervious","Apotheosis","Body Slam"],"special_seed":0,"relics":["Burning Blood","Golden Idol","Orichalcum","Juzu Bracelet","Red Skull","Happy Flower","Mark of Pain"],"potions_floor_usage":[23,23],"damage_taken":[{"damage":10.0,"enemies":"2 Louse","floor":1.0,"turns":3.0},{"damage":4.0,"enemies":"Cultist","floor":4.0,"turns":5.0},{"damage":2.0,"enemies":"Gremlin Nob","floor":7.0,"turns":3.0},{"damage":6.0,"enemies":"Jaw Worm","floor":8.0,"turns":2.0},{"damage":23.0,"enemies":"Lagavulin","floor":10.0,"turns":5.0},{"damage":0,"enemies":"Blue Slaver","floor":13,"turns":2},{"damage":2,"enemies":"Exordium Thugs","floor":14,"turns":3},{"damage":18,"enemies":"Slime Boss","floor":16,"turns":4},{"damage":4,"enemies":"Chosen","floor":18,"turns":3},{"damage":24,"enemies":"2 Thieves","floor":21,"turns":4},{"damage":33,"enemies":"Gremlin Leader","floor":23,"turns":4}],"seed_played":"5999070571807167213","potions_obtained":[{"floor":4.0,"key":"Poison Potion"},{"floor":8.0,"key":"Regen Potion"},{"floor":21,"key":"EntropicBrew"}],"is_trial":false,"path_per_floor":["M","?","$","M","$","R","E","M","T","E","?","R","M","M","R","B",null,"M","?","$","M","?","E"],"character_chosen":"IRONCLAD","items_purchased":["Second Wind","Orichalcum","Battle Trance","Apotheosis"],"campfire_rested":0,"item_purchase_floors":[3,3,5,20],"current_hp_per_floor":[46,46,46,48,48,48,52,52,52,35,25,25,31,35,35,23,57,59,59,59,41,41,8],"gold":159,"neow_bonus":"TWO_FIFTY_GOLD","is_prod":false,"is_daily":false,"chose_seed":false,"campfire_upgraded":3,"win_rate":0,"timestamp":1552239276,"path_taken":["M","?","$","M","$","R","E","M","T","E","?","R","M","M","R","BOSS","M","?","$","M","?","E"],"build_version":"2019-01-23","purchased_purges":1,"victory":false,"max_hp_per_floor":[75,68,68,68,68,68,68,68,68,68,68,68,68,68,68,68,68,68,68,68,68,68,68],"card_choices":[{"not_picked":["Bloodletting","Iron Wave"],"picked":"Shrug It Off","floor":1.0},{"not_picked":["Headbutt","Wild Strike"],"picked":"Carnage","floor":4.0},{"not_picked":["Hemokinesis","Twin Strike"],"picked":"Fiend Fire","floor":7.0},{"not_picked":["Fire Breathing","Hemokinesis"],"picked":"Uppercut","floor":8.0},{"not_picked":["Anger","Heavy Blade","Iron Wave"],"picked":"SKIP","floor":10.0},{"not_picked":["Pommel Strike","Thunderclap","Iron Wave"],"picked":"SKIP","floor":13},{"not_picked":["Wild Strike","Cleave"],"picked":"Spot Weakness","floor":14},{"not_picked":["Exhume","Feed"],"picked":"Impervious","floor":16},{"not_picked":["Twin Strike","Inflame","Flame Barrier"],"picked":"SKIP","floor":18},{"not_picked":["Havoc","Seeing Red"],"picked":"Body Slam","floor":21}],"player_experience":3468083,"relics_obtained":[{"floor":7.0,"key":"Juzu Bracelet"},{"floor":9.0,"key":"Red Skull"},{"floor":10.0,"key":"Happy Flower"}],"event_choices":[{"damage_healed":0.0,"max_hp_gain":0.0,"max_hp_loss":7.0,"gold_gain":0.0,"event_name":"Golden Idol","player_choice":"Lose Max HP","floor":2.0,"gold_loss":0.0,"damage_taken":0.0,"relics_obtained":["Golden Idol"]},{"damage_healed":0,"gold_gain":0,"player_choice":"Damaged","damage_taken":10,"max_hp_gain":0,"max_hp_loss":0,"event_name":"Wheel of Change","floor":11,"gold_loss":0},{"damage_healed":0,"gold_gain":0,"player_choice":"Ignored","damage_taken":0,"max_hp_gain":0,"max_hp_loss":0,"event_name":"Ghosts","floor":19,"gold_loss":0},{"damage_healed":0,"gold_gain":50,"player_choice":"Stole From Cult","damage_taken":0,"max_hp_gain":0,"max_hp_loss":0,"event_name":"Nest","floor":22,"gold_loss":0}],"is_beta":false,"boss_relics":[{"not_picked":["Sozu","Empty Cage"],"picked":"Mark of Pain"}],"items_purged_floors":[5],"is_endless":false,"potions_floor_spawned":[4,8,14,21],"killed_by":"Gremlin Leader","ascension_level":20}