{"gold_per_floor":[111,123,140,140,190,190,202,202,202,234,234],"floor_reached":11,"playtime":440,"items_purged":[],"score":146,"play_id":"12c2e3f7-9f33-4c00-8ce7-3b9506edd918","local_time":"20190629171043","is_ascension_mode":true,"campfire_choices":[{"data":"Bouncing Flask","floor":6,"key":"SMITH"},{"data":"Neutralize","floor":8,"key":"SMITH"}],"neow_cost":"NONE","seed_source_timestamp":76471961322762,"circlet_count":0,"master_deck":["AscendersBane","Defend_G","Defend_G","Defend_G","Defend_G","Defend_G","Strike_G","Strike_G","Strike_G","Strike_G","Strike_G","Survivor","Neutralize+1","Acrobatics","Bouncing Flask+1","Outmaneuver","Footwork"],"relics":["Ring of the Snake","NeowsBlessing","The Courier"],"potions_floor_usage":[11],"damage_taken":[{"damage":0,"enemies":"Cultist","floor":1,"turns":1},{"damage":0,"enemies":"2 Louse","floor":2,"turns":1},{"damage":0,"enemies":"Jaw Worm","floor":3,"turns":1},{"damage":5,"enemies":"Large Slime","floor":7,"turns":7},{"damage":58,"enemies":"3 Sentries","floor":10,"turns":12},{"damage":5,"enemies":"Gremlin Gang","floor":11,"turns":2}],"seed_played":"-5795055946314466084","potions_obtained":[{"floor":2,"key":"Weak Potion"},{"floor":10,"key":"GhostInAJar"}],"is_trial":false,"path_per_floor":["M","M","M","?","?","R","M","R","T","E","M"],"character_chosen":"THE_SILENT","items_purchased":[],"campfire_rested":0,"item_purchase_floors":[],"current_hp_per_floor":[59,59,59,64,64,64,59,59,59,1,0],"gold":234,"neow_bonus":"THREE_ENEMY_KILL","is_prod":false,"is_daily":false,"chose_seed":false,"campfire_upgraded":2,"win_rate":0,"timestamp":1561799443,"path_taken":["M","?","?","?","?","R","M","R","T","E","M"],"build_version":"2019-01-23","purchased_purges":0,"victory":false,"max_hp_per_floor":[66,66,66,71,71,71,71,71,71,71,71],"card_choices":[{"not_picked":["Dagger Spray","Slice"],"picked":"Acrobatics","floor":1},{"not_picked":["Distraction","Acrobatics","Dagger Throw"],"picked":"SKIP","floor":2},{"not_picked":["Bouncing Flask","Quick Slash","Deflect"],"picked":"SKIP","floor":3},{"not_picked":["Quick Slash","Deflect"],"picked":"Bouncing Flask","floor":3},{"not_picked":["Cloak And Dagger","Deadly Poison"],"picked":"Outmaneuver","floor":7},{"not_picked":["Finisher","Heel Hook"],"picked":"Footwork","floor":10}],"player_experience":1493926,"relics_obtained":[{"floor":10,"key":"The Courier"}],"event_choices":[{"damage_healed":0,"gold_gain":0,"player_choice":"Donut","damage_taken":0,"max_hp_gain":5,"max_hp_loss":0,"event_name":"Big Fish","floor":4,"gold_loss":0},{"damage_healed":0,"gold_gain":50,"player_choice":"Pray","damage_taken":0,"max_hp_gain":0,"max_hp_loss":0,"event_name":"Golden Shrine","floor":5,"gold_loss":0}],"is_beta":false,"boss_relics":[],"items_purged_floors":[],"is_endless":false,"potions_floor_spawned":[2,10],"killed_by":"Gremlin Gang","ascension_level":20}