{"gold_per_floor":[109,109,140,152,164,176,213,225,292,332,344,371,33,65,65,65],"floor_reached":16,"playtime":301,"items_purged":["Strike_G"],"score":266,"play_id":"c1d8c57a-c4ba-4d8c-a969-4b1c608067ea","local_time":"20190720084245","is_ascension_mode":true,"campfire_choices":[{"data":"Reflex","floor":8.0,"key":"SMITH"},{"data":"Dagger Spray","floor":11.0,"key":"SMITH"},{"floor":15.0,"key":"REST"}],"neow_cost":"NONE","seed_source_timestamp":345961145250964,"circlet_count":0,"master_deck":["AscendersBane","Strike_G","Strike_G","Strike_G","Defend_G","Defend_G","Defend_G","Defend_G","Defend_G","Survivor","Neutralize","Reflex+1","Dagger Spray+1","Predator","Combust"],"special_seed":0,"relics":["Ring of the Snake","NeowsBlessing","MawBank","The Courier","Tiny Chest","PrismaticShard","Vajra","Nunchaku"],"potions_floor_usage":[],"damage_taken":[{"damage":0.0,"enemies":"2 Louse","floor":1.0,"turns":1.0},{"damage":0.0,"enemies":"Small Slimes","floor":3.0,"turns":1.0},{"damage":0.0,"enemies":"3 Sentries","floor":7.0,"turns":1.0},{"damage":0.0,"enemies":"Jaw Worm","floor":10.0,"turns":6.0},{"damage":3.0,"enemies":"Blue Slaver","floor":12.0,"turns":7.0},{"damage":24.0,"enemies":"Lagavulin","floor":14.0,"turns":10.0},{"damage":37,"enemies":"Slime Boss","floor":16,"turns":6}],"seed_played":"943127799842417886","potions_obtained":[{"floor":1.0,"key":"Weak Potion"},{"floor":3.0,"key":"PowerPotion"}],"is_trial":false,"path_per_floor":["M","?","M","$","?","?","E","R","T","M","R","M","$","E","R","B"],"character_chosen":"THE_SILENT","items_purchased":["PrismaticShard","Vajra"],"campfire_rested":1,"item_purchase_floors":[13,13],"current_hp_per_floor":[59,54,54,54,47,52,52,52,52,52,52,49,49,25,46,9],"gold":65,"neow_bonus":"THREE_ENEMY_KILL","is_prod":false,"is_daily":false,"chose_seed":false,"campfire_upgraded":2,"win_rate":0,"timestamp":1563579765,"path_taken":["M","?","M","$","?","?","E","R","T","?","R","M","$","E","R","BOSS"],"build_version":"2019-07-17","purchased_purges":1,"victory":false,"max_hp_per_floor":[66,66,66,66,66,71,71,71,71,71,71,71,71,71,71,71],"card_choices":[{"not_picked":["Blur","Dash"],"picked":"Reflex","floor":1.0},{"not_picked":["Backflip","Crippling Poison","Dagger Throw"],"picked":"SKIP","floor":3.0},{"not_picked":["Blur","Eviscerate","Blade Dance"],"picked":"SKIP","floor":7.0},{"not_picked":["Escape Plan","Quick Slash"],"picked":"Dagger Spray","floor":10.0},{"not_picked":["Flying Knee","Terror"],"picked":"Predator","floor":12.0},{"not_picked":["Wild Strike","Tempest"],"picked":"Combust","floor":14.0}],"player_experience":643570,"relics_obtained":[{"floor":7.0,"key":"The Courier"},{"floor":9.0,"key":"Tiny Chest"},{"floor":14.0,"key":"Nunchaku"}],"event_choices":[{"damage_healed":0.0,"max_hp_gain":0.0,"max_hp_loss":0.0,"gold_gain":0.0,"event_name":"Scrap Ooze","player_choice":"Success","floor":2.0,"gold_loss":0.0,"damage_taken":5.0,"relics_obtained":["MawBank"]},{"cards_removed":["Strike_G"],"damage_healed":0.0,"max_hp_gain":0.0,"max_hp_loss":0.0,"gold_gain":0.0,"event_name":"Golden Wing","player_choice":"Card Removal","floor":5.0,"gold_loss":0.0,"damage_taken":7.0},{"damage_healed":0.0,"max_hp_gain":5.0,"max_hp_loss":0.0,"gold_gain":0.0,"event_name":"Big Fish","player_choice":"Donut","floor":6.0,"gold_loss":0.0,"damage_taken":0.0}],"is_beta":false,"boss_relics":[],"items_purged_floors":[13],"is_endless":false,"potions_floor_spawned":[1,3],"killed_by":"Slime Boss","ascension_level":20}