{"gold_per_floor":[219,237,248,123,139,139,157,177,255,266,266],"floor_reached":11,"playtime":560,"items_purged":["Strike_G"],"score":138,"play_id":"2d5c096c-f7e1-44cb-89f5-d83f004ffb8a","local_time":"20190125162213","is_ascension_mode":true,"campfire_choices":[{"data":"Acrobatics","floor":6,"key":"SMITH"}],"neow_cost":"NONE","seed_source_timestamp":22957975362293,"circlet_count":0,"master_deck":["AscendersBane","Defend_G","Defend_G","Defend_G","Defend_G","Defend_G","Strike_G","Strike_G","Strike_G","Strike_G","Survivor","Neutralize","Caltrops","Well Laid Plans","Calculated Gamble","Acrobatics+1","Outmaneuver","Bouncing Flask","Burst"],"relics":["Ring of the Snake","Kunai"],"potions_floor_usage":[5],"damage_taken":[{"damage":1,"enemies":"Small Slimes","floor":1,"turns":4},{"damage":1,"enemies":"Cultist","floor":2,"turns":4},{"damage":4,"enemies":"Jaw Worm","floor":3,"turns":4},{"damage":6,"enemies":"Exordium Thugs","floor":5,"turns":6},{"damage":5,"enemies":"Blue Slaver","floor":7,"turns":6},{"damage":25,"enemies":"Gremlin Gang","floor":8,"turns":5},{"damage":12,"enemies":"Large Slime","floor":10,"turns":10},{"damage":0,"enemies":"2 Fungi Beasts","floor":11,"turns":2}],"seed_played":"8868152254911247160","potions_obtained":[{"floor":3,"key":"Fire Potion"},{"floor":7,"key":"GamblersBrew"},{"floor":8,"key":"Weak Potion"}],"is_trial":false,"path_per_floor":["M","M","M","$","M","R","M","M","T","M","M"],"character_chosen":"THE_SILENT","items_purchased":["Acrobatics"],"campfire_rested":0,"item_purchase_floors":[4],"current_hp_per_floor":[58,57,53,53,47,47,42,17,17,5,5],"gold":266,"neow_bonus":"HUNDRED_GOLD","is_prod":false,"is_daily":false,"chose_seed":false,"campfire_upgraded":1,"win_rate":0,"timestamp":1548404533,"path_taken":["M","M","M","$","M","R","M","M","T","M","M"],"build_version":"2019-01-23","purchased_purges":1,"victory":false,"max_hp_per_floor":[66,66,66,66,66,66,66,66,66,66,66],"card_choices":[{"not_picked":["Cloak And Dagger","Eviscerate"],"picked":"Caltrops","floor":1},{"not_picked":["Backflip","Bane"],"picked":"Well Laid Plans","floor":2},{"not_picked":["Blade Dance","Dagger Throw"],"picked":"Calculated Gamble","floor":3},{"not_picked":["Deflect","Dagger Throw"],"picked":"Outmaneuver","floor":5},{"not_picked":["Catalyst","Bane"],"picked":"Bouncing Flask","floor":7},{"not_picked":["Dodge and Roll","Blade Dance","Cloak And Dagger"],"picked":"SKIP","floor":8},{"not_picked":["Riddle With Holes","PiercingWail"],"picked":"Burst","floor":10}],"player_experience":1344127,"relics_obtained":[{"floor":9,"key":"Kunai"}],"event_choices":[],"is_beta":true,"boss_relics":[],"items_purged_floors":[4],"is_endless":false,"potions_floor_spawned":[3,7,8],"killed_by":"2 Fungi Beasts","ascension_level":20}