{"gold_per_floor":[114,129,129,129,147,147,165,165,237,237,237,162,45,79,79,155,155,175,75,75,75,75,75,75,75,75,86,105,122,137,147,147,147],"floor_reached":33,"playtime":859,"items_purged":["Strike_G","Defend_G"],"score":490,"play_id":"a42f0e23-b0b8-4e57-a086-544d1d64dbd8","local_time":"20190120200244","is_ascension_mode":true,"campfire_choices":[{"data":"Neutralize","floor":6.0,"key":"SMITH"},{"data":"Finisher","floor":8.0,"key":"SMITH"},{"data":"Survivor","floor":10.0,"key":"SMITH"},{"data":"Defend_G","floor":15.0,"key":"SMITH"},{"data":"Adrenaline","floor":23,"key":"SMITH"},{"data":"Defend_G","floor":25,"key":"SMITH"},{"data":"Defend_G","floor":32,"key":"SMITH"}],"neow_cost":"NONE","seed_source_timestamp":38117295151890,"circlet_count":0,"master_deck":["AscendersBane","Defend_G+1","Defend_G+1","Defend_G+1","Survivor+1","Neutralize+1","Infinite Blades","Finisher+1","Infinite Blades","Adrenaline+1","Skewer+1","Endless Agony+1","Bullet Time+1","Infinite Blades"],"special_seed":0,"relics":["Ring of the Snake","NeowsBlessing","Meat on the Bone","Oddly Smooth Stone","Centennial Puzzle","Astrolabe","Gremlin Horn"],"potions_floor_usage":[33,33],"damage_taken":[{"damage":0.0,"enemies":"Small Slimes","floor":1.0,"turns":1.0},{"damage":0.0,"enemies":"Jaw Worm","floor":2.0,"turns":1.0},{"damage":0.0,"enemies":"2 Louse","floor":5.0,"turns":1.0},{"damage":15.0,"enemies":"Large Slime","floor":7.0,"turns":9.0},{"damage":24.0,"enemies":"3 Sentries","floor":14.0,"turns":7.0},{"damage":8.0,"enemies":"The Guardian","floor":16.0,"turns":13.0},{"damage":0,"enemies":"Spheric Guardian","floor":18,"turns":3},{"damage":0,"enemies":"Chosen","floor":27,"turns":3},{"damage":5,"enemies":"Shelled Parasite and Fungi","floor":28,"turns":4},{"damage":4,"enemies":"Centurion and Healer","floor":29,"turns":3},{"damage":12,"enemies":"Chosen and Byrds","floor":30,"turns":5},{"damage":12,"enemies":"Snake Plant","floor":31,"turns":4},{"damage":58,"enemies":"Automaton","floor":33,"turns":10}],"seed_played":"-1565172646880963343","potions_obtained":[{"floor":5.0,"key":"Energy Potion"},{"floor":7.0,"key":"Block Potion"},{"floor":14.0,"key":"GamblersBrew"}],"is_trial":false,"path_per_floor":["M","M","?","?","M","R","M","R","T","R","T","?","$","E","R","B",null,"M","$","?","$","?","R","$","R","T","M","M","M","M","M","R","B"],"character_chosen":"THE_SILENT","items_purchased":["Infinite Blades"],"campfire_rested":0,"item_purchase_floors":[13],"current_hp_per_floor":[59,59,52,57,57,57,42,42,42,42,42,42,42,30,30,34,62,62,62,62,62,62,62,62,62,62,62,57,53,41,41,41,0],"gold":147,"neow_bonus":"THREE_ENEMY_KILL","is_prod":false,"is_daily":false,"chose_seed":false,"campfire_upgraded":7,"win_rate":0,"timestamp":1547985764,"path_taken":["M","M","?","?","M","R","M","R","T","R","?","?","$","E","R","BOSS","M","$","?","$","?","R","?","R","T","M","?","M","M","M","R","BOSS"],"build_version":"2019-01-17v2","purchased_purges":2,"victory":false,"max_hp_per_floor":[66,66,66,71,71,71,71,71,71,71,71,71,71,71,71,71,71,71,71,71,71,71,71,71,71,71,71,71,71,71,71,71,71],"card_choices":[{"not_picked":["Sucker Punch","Quick Slash"],"picked":"Infinite Blades","floor":1.0},{"not_picked":["Underhanded Strike","Bane","Flying Knee"],"picked":"SKIP","floor":2.0},{"not_picked":["Quick Slash","Heel Hook","Expertise"],"picked":"SKIP","floor":5.0},{"not_picked":["Outmaneuver","Crippling Poison"],"picked":"Finisher","floor":7.0},{"not_picked":["Dagger Spray","Distraction","Acrobatics"],"picked":"SKIP","floor":14.0},{"not_picked":["Envenom","Doppelganger"],"picked":"Adrenaline","floor":16.0},{"not_picked":["Sucker Punch","Dodge and Roll+1","Calculated Gamble"],"picked":"SKIP","floor":18},{"not_picked":["Calculated Gamble","Deflect","All Out Attack"],"picked":"SKIP","floor":27},{"not_picked":["Dash","Endless Agony+1"],"picked":"Infinite Blades","floor":28},{"not_picked":["Poisoned Stab","Expertise","Outmaneuver+1"],"picked":"SKIP","floor":29},{"not_picked":["PiercingWail","Dash","Sucker Punch"],"picked":"SKIP","floor":30},{"not_picked":["Flying Knee","Acrobatics","Dagger Spray"],"picked":"SKIP","floor":31}],"player_experience":2082057,"relics_obtained":[{"floor":9.0,"key":"Meat on the Bone"},{"floor":11.0,"key":"Oddly Smooth Stone"},{"floor":14.0,"key":"Centennial Puzzle"},{"floor":26,"key":"Gremlin Horn"}],"event_choices":[{"cards_removed":["Strike_G"],"damage_healed":0.0,"max_hp_gain":0.0,"max_hp_loss":0.0,"gold_gain":0.0,"event_name":"Golden Wing","player_choice":"Card Removal","floor":3.0,"gold_loss":0.0,"damage_taken":7.0},{"damage_healed":0.0,"max_hp_gain":5.0,"max_hp_loss":0.0,"gold_gain":0.0,"event_name":"Big Fish","player_choice":"Donut","floor":4.0,"gold_loss":0.0,"damage_taken":0.0},{"cards_removed":["Defend_G"],"damage_healed":0.0,"max_hp_gain":0.0,"max_hp_loss":0.0,"gold_gain":0.0,"event_name":"The Cleric","player_choice":"Card Removal","floor":12.0,"gold_loss":75.0,"damage_taken":0.0},{"damage_healed":0,"gold_gain":0,"player_choice":"Ignored","damage_taken":0,"max_hp_gain":0,"max_hp_loss":0,"event_name":"The Mausoleum","floor":20,"gold_loss":0}],"is_beta":false,"boss_relics":[{"not_picked":["Calling Bell","Pandora\u0027s Box"],"picked":"Astrolabe"}],"items_purged_floors":[13,19],"is_endless":false,"potions_floor_spawned":[5,7,14,16,27,28,30],"killed_by":"Automaton","ascension_level":20}