{"gold_per_floor":[112,262,337,337,356,356,27,62,113,174,136,146,146,156,156,233,233,248,248,1,19,19,19,19],"floor_reached":24,"playtime":581,"items_purged":["Doubt","Strike_B"],"score":454,"play_id":"ee3bb802-403d-42e3-858d-a534476e613e","local_time":"20190328134453","is_ascension_mode":true,"campfire_choices":[{"data":"Chaos","floor":6.0,"key":"SMITH"},{"data":"Discovery","floor":13.0,"key":"SMITH"},{"data":"Loop","floor":15.0,"key":"SMITH"},{"data":"Turbo","floor":23.0,"key":"SMITH"}],"neow_cost":"NONE","seed_source_timestamp":8508081838522,"circlet_count":0,"master_deck":["AscendersBane","Strike_B","Strike_B","Strike_B","Defend_B","Defend_B","Defend_B","Defend_B","Zap","Dualcast","Chaos+1","Cold Snap","Discovery+1","Genetic Algorithm","Capacitor","Multi-Cast","Turbo+1","Loop+1","Core Surge","Capacitor","Ball Lightning"],"special_seed":0,"relics":["Cracked Core","NeowsBlessing","Membership Card","Gremlin Horn","Bronze Scales","Tiny Chest","Runic Pyramid","Medical Kit","PreservedInsect"],"potions_floor_usage":[24,24],"damage_taken":[{"damage":0.0,"enemies":"2 Louse","floor":1.0,"turns":1.0},{"damage":0.0,"enemies":"Jaw Worm","floor":5.0,"turns":1.0},{"damage":0.0,"enemies":"Gremlin Nob","floor":8.0,"turns":1.0},{"damage":19.0,"enemies":"Lagavulin","floor":10.0,"turns":7.0},{"damage":0.0,"enemies":"Cultist","floor":12.0,"turns":2.0},{"damage":8.0,"enemies":"Blue Slaver","floor":14.0,"turns":3.0},{"damage":31.0,"enemies":"Slime Boss","floor":16.0,"turns":6.0},{"damage":16.0,"enemies":"Chosen","floor":18.0,"turns":5.0},{"damage":14.0,"enemies":"Shell Parasite","floor":21.0,"turns":6.0},{"damage":34,"enemies":"Gremlin Leader","floor":24,"turns":4}],"seed_played":"-1509698777582802836","potions_obtained":[{"floor":1.0,"key":"Regen Potion"},{"floor":5.0,"key":"FearPotion"},{"floor":12.0,"key":"AttackPotion"},{"floor":22.0,"key":"EntropicBrew"}],"is_trial":false,"path_per_floor":["M","?","?","T","M","R","$","E","T","E","$","M","R","M","R","B",null,"M","?","$","M","?","R","E"],"character_chosen":"DEFECT","items_purchased":["Membership Card","Discovery","Genetic Algorithm","Capacitor","Medical Kit","PreservedInsect"],"campfire_rested":0,"item_purchase_floors":[7,7,7,7,20,20],"current_hp_per_floor":[64,64,53,53,53,53,53,53,53,49,49,49,49,41,41,10,56,40,40,40,26,26,26,0],"gold":19,"neow_bonus":"THREE_ENEMY_KILL","is_prod":false,"is_daily":false,"chose_seed":false,"campfire_upgraded":4,"win_rate":0,"timestamp":1553751893,"path_taken":["M","?","?","?","M","R","$","E","T","E","$","?","R","M","R","BOSS","M","?","$","M","?","R","E"],"build_version":"2019-01-23","purchased_purges":2,"victory":false,"max_hp_per_floor":[71,71,71,71,71,71,71,71,71,71,71,71,71,71,71,71,71,71,71,71,71,71,71,71],"card_choices":[{"not_picked":["Streamline","Force Field"],"picked":"Chaos","floor":1.0},{"not_picked":["Go for the Eyes","Compile Driver"],"picked":"Cold Snap","floor":5.0},{"not_picked":["BootSequence","Melter","Conserve Battery"],"picked":"SKIP","floor":8.0},{"not_picked":["Cold Snap","Barrage"],"picked":"Multi-Cast","floor":10.0},{"not_picked":["Sweeping Beam","Storm"],"picked":"Turbo","floor":12.0},{"not_picked":["Lockon","Reinforced Body"],"picked":"Loop","floor":14.0},{"not_picked":["Meteor Strike","Machine Learning"],"picked":"Core Surge","floor":16.0},{"not_picked":["Compile Driver","Leap"],"picked":"Capacitor","floor":18.0},{"not_picked":["Storm","Sweeping Beam"],"picked":"Ball Lightning","floor":21.0}],"player_experience":3922869,"relics_obtained":[{"floor":8.0,"key":"Gremlin Horn"},{"floor":9.0,"key":"Bronze Scales"},{"floor":10.0,"key":"Tiny Chest"}],"event_choices":[{"damage_healed":0.0,"max_hp_gain":0.0,"max_hp_loss":0.0,"gold_gain":150.0,"event_name":"Liars Game","player_choice":"AGREE","floor":2.0,"gold_loss":0.0,"damage_taken":0.0,"cards_obtained":["Doubt"]},{"damage_healed":0.0,"max_hp_gain":0.0,"max_hp_loss":0.0,"gold_gain":75.0,"event_name":"World of Goop","player_choice":"Gather Gold","floor":3.0,"gold_loss":0.0,"damage_taken":11.0},{"damage_healed":0.0,"max_hp_gain":0.0,"max_hp_loss":0.0,"gold_gain":0.0,"event_name":"Cursed Tome","player_choice":"Ignored","floor":19.0,"gold_loss":0.0,"damage_taken":0.0},{"damage_healed":0.0,"max_hp_gain":0.0,"max_hp_loss":0.0,"gold_gain":0.0,"event_name":"Lab","player_choice":"Got Potions","floor":22.0,"gold_loss":0.0,"damage_taken":0.0}],"is_beta":false,"boss_relics":[{"not_picked":["Lizard Tail","Cursed Key"],"picked":"Runic Pyramid"}],"items_purged_floors":[11,20],"is_endless":false,"potions_floor_spawned":[1,5,12,14,21],"killed_by":"Gremlin Leader","ascension_level":20}