{"gold_per_floor":[113,113,38,38,38,38,73,98,176,45,45,62,62,76,76,177,177,187,187,205,304,304,304,319,338,392,392,405,422,422,441,441,545,545,564,583,583,583,594,628,628,658,658,658,658,658,678,695,695,695],"floor_reached":51,"playtime":1226,"items_purged":["Strike_B"],"score":730,"play_id":"7d4090eb-3ed3-4bd4-95f6-c7843f67b308","local_time":"20190614121913","is_ascension_mode":false,"campfire_choices":[{"data":"Gash","floor":6.0,"key":"SMITH"},{"data":"Darkness","floor":11.0,"key":"SMITH"},{"data":"Impatience","floor":13.0,"key":"SMITH"},{"data":"Redo","floor":15.0,"key":"SMITH"},{"data":"Skim","floor":23.0,"key":"SMITH"},{"data":"Dualcast","floor":27.0,"key":"SMITH"},{"data":"Turbo","floor":30.0,"key":"SMITH"},{"data":"Darkness","floor":32.0,"key":"SMITH"},{"data":"Multi-Cast","floor":41.0,"key":"SMITH"},{"floor":44.0,"key":"REST"},{"floor":49,"key":"REST"}],"neow_cost":"NONE","seed_source_timestamp":6072301351709,"circlet_count":0,"master_deck":["Dualcast+1","Finesse+1","Darkness+1","Skim+1","Impatience+1","Redo+1","Darkness+1","BootSequence+1","Self Repair+1","Electrodynamics+1","Turbo+1","Multi-Cast+1"],"special_seed":0,"relics":["Cracked Core","Symbiotic Virus","Centennial Puzzle","Odd Mushroom","Dodecahedron","Pandora\u0027s Box","Vajra","Empty Cage","Sundial","War Paint","Mark of the Bloom"],"potions_floor_usage":[50,50],"damage_taken":[{"damage":0.0,"enemies":"Small Slimes","floor":1.0,"turns":4.0},{"damage":6.0,"enemies":"Gremlin Nob","floor":7.0,"turns":3.0},{"damage":6.0,"enemies":"The Mushroom Lair","floor":8.0,"turns":4.0},{"damage":6.0,"enemies":"Jaw Worm","floor":12.0,"turns":2.0},{"damage":6.0,"enemies":"2 Louse","floor":14.0,"turns":2.0},{"damage":36.0,"enemies":"Hexaghost","floor":16.0,"turns":6.0},{"damage":0.0,"enemies":"Chosen","floor":18.0,"turns":3.0},{"damage":10.0,"enemies":"Shell Parasite","floor":20.0,"turns":3.0},{"damage":0.0,"enemies":"Cultist and Chosen","floor":24.0,"turns":3.0},{"damage":12.0,"enemies":"Centurion and Healer","floor":25.0,"turns":3.0},{"damage":11.0,"enemies":"Snake Plant","floor":28.0,"turns":2.0},{"damage":0.0,"enemies":"3 Cultists","floor":29.0,"turns":2.0},{"damage":12.0,"enemies":"Centurion and Healer","floor":31.0,"turns":3.0},{"damage":25.0,"enemies":"Champ","floor":33.0,"turns":4.0},{"damage":5.0,"enemies":"Orb Walker","floor":35.0,"turns":2.0},{"damage":0.0,"enemies":"3 Shapes","floor":36.0,"turns":1.0},{"damage":4.0,"enemies":"Maw","floor":39.0,"turns":3.0},{"damage":28.0,"enemies":"Reptomancer","floor":40.0,"turns":4.0},{"damage":6.0,"enemies":"Nemesis","floor":42.0,"turns":3.0},{"damage":0.0,"enemies":"3 Darklings","floor":47.0,"turns":2.0},{"damage":0.0,"enemies":"Sphere and 2 Shapes","floor":48.0,"turns":1.0},{"damage":7,"enemies":"Donu and Deca","floor":50,"turns":2}],"seed_played":"-250457934494973622","potions_obtained":[{"floor":1.0,"key":"SteroidPotion"},{"floor":14.0,"key":"Poison Potion"},{"floor":16.0,"key":"LiquidBronze"},{"floor":31.0,"key":"GamblersBrew"},{"floor":40.0,"key":"AttackPotion"},{"floor":47.0,"key":"PowerPotion"}],"is_trial":false,"path_per_floor":["M","?","$","?","?","R","E","?","T","$","R","M","R","M","R","B",null,"M","?","M","?","?","R","M","M","T","R","M","M","R","M","R","B",null,"M","M","?","?","M","E","R","E","T","R","?","?","M","M","R","B",null],"character_chosen":"DEFECT","items_purchased":["Impatience","Redo"],"campfire_rested":2,"item_purchase_floors":[10,10],"current_hp_per_floor":[75,75,75,72,65,65,59,53,53,53,53,47,47,41,41,5,75,75,75,72,72,75,75,75,70,70,70,66,73,73,68,68,50,75,75,75,75,75,75,54,54,55,55,75,75,75,75,75,75,68],"gold":695,"neow_bonus":"RANDOM_COLORLESS","is_prod":false,"is_daily":false,"chose_seed":false,"campfire_upgraded":9,"win_rate":0,"timestamp":1560485953,"path_taken":["M","?","?","?","?","R","E","?","T","$","R","M","R","M","R","BOSS","M","?","M","?","?","R","M","?","T","R","M","M","R","?","R","BOSS","M","M","?","?","?","E","R","E","T","R","?","?","?","M","R","BOSS"],"build_version":"2019-01-23","purchased_purges":1,"victory":true,"max_hp_per_floor":[75,75,75,75,75,75,75,75,75,75,75,75,75,75,75,75,75,75,75,75,75,75,75,75,75,75,75,75,75,75,75,75,75,75,75,75,75,75,75,75,75,75,75,75,75,75,75,75,75,75],"card_choices":[{"not_picked":["Chill","Turbo"],"picked":"Gash","floor":1.0},{"not_picked":["Doom and Gloom","Defragment"],"picked":"Darkness","floor":7.0},{"not_picked":["Compile Driver","Recycle"],"picked":"Skim","floor":8.0},{"not_picked":["Barrage","Aggregate"],"picked":"Darkness","floor":12.0},{"not_picked":["Stack","Beam Cell","Rebound"],"picked":"SKIP","floor":14.0},{"not_picked":["Rip and Tear+1","Barrage"],"picked":"Turbo","floor":18.0},{"not_picked":["Compile Driver","Streamline","Turbo"],"picked":"SKIP","floor":20.0},{"not_picked":["Tempest+1","Storm","Coolheaded"],"picked":"SKIP","floor":24.0},{"not_picked":["Reboot","Compile Driver+1","Reprogram"],"picked":"SKIP","floor":25.0},{"not_picked":["Rebound","Stack","Steam Power+1"],"picked":"SKIP","floor":28.0},{"not_picked":["Chaos","Melter","Steam"],"picked":"SKIP","floor":29.0},{"not_picked":["Sweeping Beam+1","Force Field","Leap"],"picked":"SKIP","floor":31.0},{"not_picked":["Thunder Strike","Electrodynamics"],"picked":"Multi-Cast","floor":33.0},{"not_picked":["Sweeping Beam+1","Gash+1","White Noise"],"picked":"SKIP","floor":35.0},{"not_picked":["Stack+1","Force Field+1","Consume+1"],"picked":"SKIP","floor":36.0},{"not_picked":["Go for the Eyes+1","Beam Cell+1","Coolheaded"],"picked":"SKIP","floor":39.0},{"not_picked":["Recycle","Self Repair","Hyperbeam"],"picked":"SKIP","floor":40.0},{"not_picked":["Rip and Tear","Cold Snap","Storm+1"],"picked":"SKIP","floor":42.0},{"not_picked":["Ball Lightning+1","Sweeping Beam+1","Steam Power"],"picked":"SKIP","floor":47.0},{"not_picked":["Cold Snap+1","Redo+1","Darkness"],"picked":"SKIP","floor":48.0}],"player_experience":5185770,"relics_obtained":[{"floor":7.0,"key":"Centennial Puzzle"},{"floor":8.0,"key":"Odd Mushroom"},{"floor":9.0,"key":"Dodecahedron"},{"floor":26.0,"key":"Vajra"},{"floor":40.0,"key":"Sundial"},{"floor":42.0,"key":"War Paint"}],"event_choices":[{"damage_healed":0.0,"max_hp_gain":0.0,"max_hp_loss":0.0,"gold_gain":0.0,"event_name":"Liars Game","player_choice":"Ignored","floor":2.0,"gold_loss":0.0,"damage_taken":0.0},{"damage_healed":0.0,"max_hp_gain":0.0,"max_hp_loss":0.0,"gold_gain":0.0,"event_name":"Scrap Ooze","player_choice":"Success","floor":4.0,"gold_loss":0.0,"damage_taken":3.0,"relics_obtained":["Symbiotic Virus"]},{"cards_removed":["Strike_B"],"damage_healed":0.0,"max_hp_gain":0.0,"max_hp_loss":0.0,"gold_gain":0.0,"event_name":"Golden Wing","player_choice":"Card Removal","floor":5.0,"gold_loss":0.0,"damage_taken":7.0},{"damage_healed":0.0,"max_hp_gain":0.0,"max_hp_loss":0.0,"gold_gain":0.0,"event_name":"Mushrooms","player_choice":"Fought Mushrooms","floor":8.0,"gold_loss":0.0,"damage_taken":0.0},{"damage_healed":0.0,"max_hp_gain":0.0,"max_hp_loss":0.0,"gold_gain":0.0,"event_name":"Vampires","player_choice":"Ignored","floor":19.0,"gold_loss":0.0,"damage_taken":0.0},{"damage_healed":0.0,"max_hp_gain":0.0,"max_hp_loss":0.0,"gold_gain":99.0,"event_name":"Nest","player_choice":"Stole From Cult","floor":21.0,"gold_loss":0.0,"damage_taken":0.0},{"cards_removed":["Streamline"],"damage_healed":5.0,"max_hp_gain":0.0,"max_hp_loss":0.0,"gold_gain":0.0,"event_name":"Bonfire Elementals","player_choice":"Offered Common","floor":22.0,"gold_loss":0.0,"damage_taken":0.0},{"cards_removed":["Streamline"],"damage_healed":5.0,"max_hp_gain":0.0,"max_hp_loss":0.0,"gold_gain":0.0,"event_name":"Bonfire Elementals","player_choice":"Offered Special","floor":22.0,"gold_loss":0.0,"damage_taken":0.0},{"cards_removed":["Lockon"],"damage_healed":0.0,"max_hp_gain":0.0,"max_hp_loss":0.0,"gold_gain":0.0,"event_name":"Falling","player_choice":"Removed Attack","floor":37.0,"gold_loss":0.0,"damage_taken":0.0},{"damage_healed":0.0,"max_hp_gain":0.0,"max_hp_loss":0.0,"gold_gain":0.0,"event_name":"SensoryStone","player_choice":"Memory 1","floor":38.0,"gold_loss":0.0,"damage_taken":0.0},{"damage_healed":0.0,"max_hp_gain":0.0,"max_hp_loss":0.0,"gold_gain":0.0,"event_name":"MindBloom","player_choice":"Upgrade","floor":45.0,"gold_loss":0.0,"damage_taken":0.0,"cards_upgraded":["Self Repair","Electrodynamics"],"relics_obtained":["Mark of the Bloom"]},{"cards_removed":["Gash"],"damage_healed":0.0,"max_hp_gain":0.0,"max_hp_loss":0.0,"gold_gain":0.0,"event_name":"Purifier","player_choice":"Purged","floor":46.0,"gold_loss":0.0,"damage_taken":0.0}],"is_beta":false,"boss_relics":[{"not_picked":["Ectoplasm","Tiny House"],"picked":"Pandora\u0027s Box"},{"not_picked":["Coffee Dripper","Eternal Feather"],"picked":"Empty Cage"}],"items_purged_floors":[3],"is_endless":false,"potions_floor_spawned":[1,14,16,20,28,31,39,40,47],"ascension_level":0}