{"gold_per_floor":[117,117,39,55,55,88,13,13,40,58,58,58],"floor_reached":12,"playtime":176,"items_purged":["Strike_G"],"score":202,"play_id":"5fe84f66-9344-4503-9e60-41eb03942cb3","local_time":"20190127160412","is_ascension_mode":true,"campfire_choices":[{"data":"Calculated Gamble","floor":8,"key":"SMITH"}],"neow_cost":"NONE","seed_source_timestamp":9400796081676,"circlet_count":0,"master_deck":["AscendersBane","Defend_G","Defend_G","Defend_G","Defend_G","Defend_G","Strike_G+1","Strike_G","Strike_G+1","Strike_G","Survivor","Neutralize","Calculated Gamble+1","Reflex+1"],"relics":["Ring of the Snake","NeowsBlessing","Pear","Whetstone","Strawberry"],"potions_floor_usage":[12],"damage_taken":[{"damage":0,"enemies":"2 Louse","floor":1,"turns":1},{"damage":0,"enemies":"Cultist","floor":4,"turns":1},{"damage":0,"enemies":"3 Sentries","floor":6,"turns":2},{"damage":16,"enemies":"Jaw Worm","floor":10,"turns":7},{"damage":0,"enemies":"Gremlin Nob","floor":12,"turns":1}],"seed_played":"236794489768294309","potions_obtained":[{"floor":1,"key":"SteroidPotion"},{"floor":10,"key":"SkillPotion"}],"is_trial":false,"path_per_floor":["M","?","$","M","?","E","$","R","T","M","?","E"],"character_chosen":"THE_SILENT","items_purchased":["Reflex"],"campfire_rested":0,"item_purchase_floors":[3],"current_hp_per_floor":[59,69,69,69,69,69,69,69,76,60,60,60],"gold":58,"neow_bonus":"THREE_ENEMY_KILL","is_prod":false,"is_daily":false,"chose_seed":false,"campfire_upgraded":1,"win_rate":0,"timestamp":1548576252,"path_taken":["M","?","$","?","?","E","?","R","T","?","?","E"],"build_version":"2019-01-23","purchased_purges":1,"victory":false,"max_hp_per_floor":[66,76,76,76,76,76,76,76,83,83,83,83],"card_choices":[{"not_picked":["Accuracy","Finisher"],"picked":"Calculated Gamble","floor":1},{"not_picked":["Prepared","Blade Dance","Choke"],"picked":"SKIP","floor":4},{"not_picked":["Dagger Spray","Riddle With Holes","Die Die Die"],"picked":"SKIP","floor":6},{"not_picked":["Dagger Spray","Cloak And Dagger","PiercingWail"],"picked":"SKIP","floor":10}],"player_experience":2322125,"relics_obtained":[{"floor":6,"key":"Whetstone"},{"floor":9,"key":"Strawberry"}],"event_choices":[{"damage_healed":0,"gold_gain":0,"player_choice":"Gave Potion","damage_taken":0,"relics_obtained":["Pear"],"max_hp_gain":0,"max_hp_loss":0,"event_name":"WeMeetAgain","floor":2,"gold_loss":0},{"damage_healed":0,"gold_gain":0,"player_choice":"Ignored","damage_taken":0,"max_hp_gain":0,"max_hp_loss":0,"event_name":"Liars Game","floor":5,"gold_loss":0},{"damage_healed":0,"gold_gain":0,"player_choice":"Forge","damage_taken":0,"max_hp_gain":0,"max_hp_loss":0,"event_name":"Accursed Blacksmith","floor":11,"gold_loss":0,"cards_upgraded":["Reflex"]}],"is_beta":false,"boss_relics":[],"items_purged_floors":[7],"is_endless":false,"potions_floor_spawned":[1,10],"killed_by":"Gremlin Nob","ascension_level":20}