{"gold_per_floor":[115,190,190,209,228,228,178,195,240,15,25,38,38,48,48,152,152,172,172,272,287,187,187,62,62,62,78,78,88,88,88,88,193,193,206,221,128,141,152,152,167,67,67,67,67,82,82,94,94,94],"floor_reached":51,"playtime":1958,"items_purged":["Strike_G","Strike_G","Strike_G"],"score":641,"play_id":"af67c293-2eb4-4b77-aa42-207363bf1600","local_time":"20181017142323","is_ascension_mode":false,"campfire_choices":[{"data":"Neutralize","floor":6.0,"key":"SMITH"},{"data":"Noxious Fumes","floor":13,"key":"SMITH"},{"data":"Noxious Fumes","floor":15,"key":"SMITH"},{"data":"Corpse Explosion","floor":23,"key":"SMITH"},{"data":"Survivor","floor":28,"key":"SMITH"},{"data":"Leg Sweep","floor":30,"key":"SMITH"},{"data":"Defend_G","floor":32,"key":"SMITH"},{"data":"Burst","floor":40,"key":"SMITH"},{"data":"Jack Of All Trades","floor":47,"key":"SMITH"},{"data":"Finesse","floor":49,"key":"SMITH"}],"neow_cost":"NONE","seed_source_timestamp":13738318404746,"circlet_count":0,"master_deck":["Survivor+1","Neutralize+1","Poisoned Stab+1","Corpse Explosion+1","Noxious Fumes+1","Noxious Fumes+1","Die Die Die","Die Die Die","Die Die Die","Leg Sweep+1","Burst+1","PiercingWail+1","Finesse+1","Jack Of All Trades+1"],"special_seed":0,"relics":["Ring of the Snake","Dream Catcher","Oddly Smooth Stone","Runic Pyramid","Unceasing Top","Meat on the Bone","Boot","Empty Cage","Molten Egg 2","Blood Vial"],"potions_floor_usage":[20,20,41,50],"damage_taken":[{"damage":2.0,"enemies":"Jaw Worm","floor":1.0,"turns":6.0},{"damage":0.0,"enemies":"2 Louse","floor":4.0,"turns":3.0},{"damage":0.0,"enemies":"Cultist","floor":5.0,"turns":3.0},{"damage":1.0,"enemies":"Blue Slaver","floor":8.0,"turns":4.0},{"damage":0.0,"enemies":"3 Louse","floor":11.0,"turns":1.0},{"damage":8,"enemies":"Gremlin Gang","floor":12,"turns":3},{"damage":0,"enemies":"Large Slime","floor":14,"turns":4},{"damage":27,"enemies":"Slime Boss","floor":16,"turns":9},{"damage":4,"enemies":"2 Thieves","floor":18,"turns":4},{"damage":0,"enemies":"Colosseum Slavers","floor":20,"turns":5},{"damage":24,"enemies":"Colosseum Nobs","floor":20,"turns":3},{"damage":1,"enemies":"Shell Parasite","floor":21,"turns":5},{"damage":0,"enemies":"Snake Plant","floor":27,"turns":5},{"damage":0,"enemies":"Chosen and Byrds","floor":29,"turns":5},{"damage":36,"enemies":"Champ","floor":33,"turns":13},{"damage":0,"enemies":"3 Darklings","floor":35,"turns":5},{"damage":0,"enemies":"3 Shapes","floor":36,"turns":3},{"damage":0,"enemies":"Sphere and 2 Shapes","floor":38,"turns":3},{"damage":0,"enemies":"3 Darklings","floor":39,"turns":2},{"damage":10,"enemies":"Transient","floor":41,"turns":5},{"damage":0,"enemies":"Reptomancer","floor":46,"turns":6},{"damage":0,"enemies":"4 Shapes","floor":48,"turns":3},{"damage":23,"enemies":"Awakened One","floor":50,"turns":25}],"seed_played":"4376964077871825947","potions_obtained":[{"floor":4.0,"key":"Fruit Juice"},{"floor":8.0,"key":"SpeedPotion"},{"floor":14,"key":"AttackPotion"},{"floor":16,"key":"Poison Potion"},{"floor":21,"key":"Fire Potion"},{"floor":27,"key":"FearPotion"},{"floor":46,"key":"Dexterity Potion"}],"is_trial":false,"path_per_floor":["M","?","?","M","M","R","?","M","T","$","M","M","R","M","R","B",null,"M","?","?","M","$","R","$","?","T","M","R","M","R","?","R","B",null,"M","M","$","M","M","R","M","$","T","T","?","M","R","M","R","B"],"character_chosen":"THE_SILENT","items_purchased":["Corpse Explosion","Finesse","Jack Of All Trades"],"campfire_rested":0,"item_purchase_floors":[10,37,42],"current_hp_per_floor":[68,57,43,43,48,48,48,47,47,47,47,39,39,39,39,12,75,71,71,47,46,46,46,46,46,46,46,46,46,46,46,46,22,75,75,75,75,75,75,75,65,65,65,65,65,67,67,69,69,48],"gold":94,"neow_bonus":"RANDOM_COMMON_RELIC","is_prod":false,"is_daily":false,"chose_seed":false,"campfire_upgraded":10,"win_rate":0,"timestamp":1539757403,"path_taken":["M","?","?","?","M","R","?","M","T","$","M","M","R","M","R","BOSS","M","?","?","M","$","R","$","?","T","M","R","M","R","?","R","BOSS","M","M","$","M","M","R","M","$","T","?","?","M","R","M","R","BOSS"],"build_version":"2018-10-11","purchased_purges":3,"victory":true,"max_hp_per_floor":[70,70,70,70,75,75,75,75,75,75,75,75,75,75,75,75,75,75,75,75,75,75,75,75,75,75,75,75,75,75,75,75,75,75,75,75,75,75,75,75,75,75,75,75,75,75,75,75,75,75],"card_choices":[{"not_picked":["Blade Dance","Eviscerate"],"picked":"Poisoned Stab","floor":1.0},{"not_picked":["Dagger Spray","Finisher","Skewer"],"picked":"SKIP","floor":4.0},{"not_picked":["Masterful Stab","Underhanded Strike","Heel Hook"],"picked":"SKIP","floor":5.0},{"not_picked":["Finisher","Backstab","Endless Agony"],"picked":"SKIP","floor":8.0},{"not_picked":["Eviscerate","Blade Dance","Slice"],"picked":"SKIP","floor":11.0},{"not_picked":["Escape Plan","Eviscerate"],"picked":"Noxious Fumes","floor":12},{"not_picked":["Outmaneuver","Finisher"],"picked":"Noxious Fumes","floor":14},{"not_picked":["Bullet Time","Storm of Steel"],"picked":"Die Die Die","floor":16},{"not_picked":["Acrobatics","Cloak And Dagger","Choke"],"picked":"SKIP","floor":18},{"not_picked":["Backflip","Eviscerate+1","Blur+1"],"picked":"SKIP","floor":21},{"not_picked":["Acrobatics","Dagger Spray","Skewer"],"picked":"SKIP","floor":27},{"not_picked":["Dagger Spray","Bane+1"],"picked":"Leg Sweep","floor":29},{"not_picked":["Corpse Explosion","Unload"],"picked":"Burst","floor":33},{"not_picked":["Accuracy+1","Setup","Crippling Poison"],"picked":"SKIP","floor":35},{"not_picked":["Blade Dance","Flechettes+1"],"picked":"PiercingWail+1","floor":36},{"not_picked":["Dagger Throw+1","Bouncing Flask+1","Reflex+1"],"picked":"SKIP","floor":38},{"not_picked":["Backflip","Deflect+1","PiercingWail+1"],"picked":"SKIP","floor":39},{"not_picked":["Dagger Throw+1","Cloak And Dagger+1","Bane"],"picked":"SKIP","floor":41},{"not_picked":["Riddle With Holes+1","Flying Knee+1","Choke+1"],"picked":"SKIP","floor":46},{"not_picked":["Prepared","Bane+1","Leg Sweep+1"],"picked":"SKIP","floor":48}],"player_experience":286107,"relics_obtained":[{"floor":9.0,"key":"Oddly Smooth Stone"},{"floor":20,"key":"Unceasing Top"},{"floor":20,"key":"Meat on the Bone"},{"floor":26,"key":"Boot"},{"floor":43,"key":"Molten Egg 2"},{"floor":44,"key":"Blood Vial"}],"event_choices":[{"event_name":"World of Goop","player_choice":"Gather Gold","floor":2.0,"damage_taken":0.0},{"event_name":"Shining Light","player_choice":"Entered Light","floor":3.0,"damage_taken":0.0},{"event_name":"The Cleric","player_choice":"Card Removal","floor":7.0,"damage_taken":0.0},{"event_name":"Back to Basics","player_choice":"Elegance","floor":19,"damage_taken":0},{"event_name":"Colosseum","player_choice":"Fight","floor":20,"damage_taken":0},{"event_name":"Colosseum","player_choice":"Fought Nobs","floor":20,"damage_taken":0},{"event_name":"Drug Dealer","player_choice":"Became Test Subject","floor":25,"damage_taken":0},{"event_name":"Vampires","player_choice":"Ignored","floor":31,"damage_taken":0},{"event_name":"Purifier","player_choice":"One Purge","floor":45,"damage_taken":0}],"is_beta":false,"boss_relics":[{"not_picked":["Astrolabe","Runic Dome"],"picked":"Runic Pyramid"},{"not_picked":["Ring of the Serpent","HoveringKite"],"picked":"Empty Cage"}],"items_purged_floors":[10,22,24],"is_endless":false,"potions_floor_spawned":[4,8,14,16,20,21,27,33,35,38,46],"ascension_level":0}