{"gold_per_floor":[112,112,130,55,74,74,92,107,107,182,205,205,205,220,220,220],"floor_reached":16,"playtime":419,"items_purged":["Strike_G"],"score":184,"play_id":"29d83057-fc70-4a0d-ab6c-24c0b4cb2748","local_time":"20190323230719","is_ascension_mode":true,"campfire_choices":[{"data":"Neutralize","floor":6,"key":"SMITH"},{"data":"Acrobatics","floor":12,"key":"SMITH"},{"data":"Blade Dance","floor":15,"key":"SMITH"}],"neow_cost":"NONE","seed_source_timestamp":11968647966296,"circlet_count":0,"master_deck":["AscendersBane","Defend_G","Defend_G","Defend_G","Defend_G","Defend_G","Strike_G","Strike_G","Strike_G","Survivor","Neutralize+1","Endless Agony","Infinite Blades","Blade Dance+1","Acrobatics+1","Decay"],"relics":["Ring of the Snake","NeowsBlessing","The Courier","Odd Mushroom"],"potions_floor_usage":[16],"damage_taken":[{"damage":0,"enemies":"Jaw Worm","floor":1,"turns":1},{"damage":0,"enemies":"Cultist","floor":3,"turns":1},{"damage":0,"enemies":"Small Slimes","floor":5,"turns":1},{"damage":1,"enemies":"2 Fungi Beasts","floor":7,"turns":4},{"damage":2,"enemies":"Lots of Slimes","floor":8,"turns":6},{"damage":28,"enemies":"The Mushroom Lair","floor":11,"turns":7},{"damage":13,"enemies":"3 Louse","floor":14,"turns":6},{"damage":6,"enemies":"Hexaghost","floor":16,"turns":7}],"seed_played":"5770965875835440662","potions_obtained":[{"floor":3,"key":"Weak Potion"},{"floor":5,"key":"GamblersBrew"}],"is_trial":false,"path_per_floor":["M","?","M","$","M","R","M","M","T","?","?","R","?","M","R","B"],"character_chosen":"THE_SILENT","items_purchased":[],"campfire_rested":0,"item_purchase_floors":[],"current_hp_per_floor":[59,59,59,59,59,59,58,56,56,45,17,17,17,4,4,0],"gold":220,"neow_bonus":"THREE_ENEMY_KILL","is_prod":false,"is_daily":false,"chose_seed":false,"campfire_upgraded":3,"win_rate":0,"timestamp":1553353639,"path_taken":["M","?","M","$","?","R","M","M","T","?","?","R","?","M","R","BOSS"],"build_version":"2019-01-23","purchased_purges":1,"victory":false,"max_hp_per_floor":[66,66,66,66,66,66,66,66,66,66,66,66,66,66,66,66],"card_choices":[{"not_picked":["Flying Knee","Cloak And Dagger","Blade Dance"],"picked":"SKIP","floor":1},{"not_picked":["Sucker Punch","PiercingWail"],"picked":"Endless Agony","floor":3},{"not_picked":["Backflip","Finisher"],"picked":"Infinite Blades","floor":5},{"not_picked":["Dodge and Roll","Deflect","Predator"],"picked":"SKIP","floor":7},{"not_picked":["Dodge and Roll","Deflect","Predator"],"picked":"SKIP","floor":7},{"not_picked":["Concentrate","Deflect"],"picked":"Blade Dance","floor":8},{"not_picked":["Dagger Throw","Slice"],"picked":"Acrobatics","floor":11},{"not_picked":["Choke","PiercingWail","Flying Knee"],"picked":"SKIP","floor":14}],"player_experience":1484456,"relics_obtained":[{"floor":9,"key":"The Courier"},{"floor":11,"key":"Odd Mushroom"}],"event_choices":[{"cards_removed":["Strike_G"],"damage_healed":0,"gold_gain":0,"player_choice":"Offered Basic","damage_taken":0,"max_hp_gain":0,"max_hp_loss":0,"event_name":"Bonfire Elementals","floor":2,"gold_loss":0},{"damage_healed":0,"gold_gain":75,"player_choice":"Gather Gold","damage_taken":11,"max_hp_gain":0,"max_hp_loss":0,"event_name":"World of Goop","floor":10,"gold_loss":0},{"damage_healed":0,"gold_gain":0,"player_choice":"Fought Mushrooms","damage_taken":0,"max_hp_gain":0,"max_hp_loss":0,"event_name":"Mushrooms","floor":11,"gold_loss":0},{"damage_healed":0,"gold_gain":0,"player_choice":"Cursed","damage_taken":0,"max_hp_gain":0,"max_hp_loss":0,"event_name":"Wheel of Change","floor":13,"gold_loss":0,"cards_obtained":["Decay"]}],"is_beta":false,"boss_relics":[],"items_purged_floors":[4],"is_endless":false,"potions_floor_spawned":[3,5,11,14],"killed_by":"Hexaghost","ascension_level":20}