{"gold_per_floor":[411,429,42,0,19,38,38,72,95,105,138,138,169,191,191,270,270,283,283,283],"floor_reached":20,"playtime":862,"items_purged":["Injury"],"score":336,"play_id":"bba99ee1-d2e8-4571-b596-6adc183696b6","local_time":"20180803140341","is_ascension_mode":true,"campfire_choices":[{"data":"Neutralize","floor":15,"key":"SMITH"}],"neow_cost":"CURSE","seed_source_timestamp":0,"circlet_count":0,"master_deck":["Defend_G","Defend_G","Defend_G","Defend_G","Defend_G","Strike_G","Strike_G","Strike_G","Strike_G","Strike_G","Survivor","Neutralize+1","AscendersBane","All Out Attack","Sucker Punch","Expertise","Backflip","Sucker Punch","Corpse Explosion","Poisoned Stab","Acrobatics","Shame","Flying Knee"],"special_seed":0,"relics":["Ring of the Snake","Old Coin","Thread and Needle","Potion Belt","Vajra","Anchor","Regal Pillow","Omamori","Odd Mushroom","Calling Bell","Juzu Bracelet","Ornamental Fan","Ginger"],"potions_floor_usage":[16],"damage_taken":[{"damage":6,"enemies":"Jaw Worm","floor":1,"turns":6},{"damage":0,"enemies":"2 Louse","floor":2,"turns":2},{"damage":0,"enemies":"Cultist","floor":5,"turns":4},{"damage":0,"enemies":"3 Louse","floor":6,"turns":2},{"damage":39,"enemies":"Lagavulin","floor":8,"turns":9},{"damage":2,"enemies":"Gremlin Gang","floor":10,"turns":3},{"damage":4,"enemies":"3 Sentries","floor":11,"turns":7},{"damage":10,"enemies":"Gremlin Nob","floor":13,"turns":5},{"damage":0,"floor":14,"turns":2},{"damage":16,"enemies":"Hexaghost","floor":16,"turns":13},{"damage":0,"enemies":"3 Byrds","floor":18,"turns":4},{"damage":0,"enemies":"Shell Parasite","floor":20,"turns":9}],"seed_played":"-1772843402394248380","potions_obtained":[{"floor":8,"key":"Block Potion"},{"floor":10,"key":"Dexterity Potion"},{"floor":11,"key":"Block Potion"},{"floor":16,"key":"Strength Potion"}],"is_trial":false,"path_per_floor":["M","M","$","?","M","M","?","E","T","M","E","?","E","?","R","B",null,"M","?"],"character_chosen":"THE_SILENT","items_purchased":["Thread and Needle"],"campfire_rested":0,"item_purchase_floors":[3],"current_hp_per_floor":[53,53,53,53,53,53,53,14,14,12,8,30,20,20,20,4,51,51,51,51],"gold":283,"neow_bonus":"ONE_RARE_RELIC","is_prod":false,"is_daily":false,"chose_seed":false,"campfire_upgraded":1,"win_rate":0,"timestamp":1533276221,"path_taken":["M","M","$","?","?","M","?","E","T","?","E","?","E","?","R","BOSS","M","?","M"],"build_version":"2018-08-01","purchased_purges":1,"victory":false,"max_hp_per_floor":[66,66,66,66,66,66,66,66,66,66,66,66,66,66,66,66,66,66,66,66],"card_choices":[{"not_picked":["Blade Dance","Crippling Poison"],"picked":"All Out Attack","floor":1},{"not_picked":["Skewer","Bouncing Flask","PiercingWail"],"picked":"SKIP","floor":2},{"not_picked":["Bouncing Flask","Poisoned Stab"],"picked":"Sucker Punch","floor":5},{"not_picked":["Outmaneuver","Bane"],"picked":"Expertise","floor":6},{"not_picked":["Calculated Gamble","A Thousand Cuts"],"picked":"Backflip","floor":8},{"not_picked":["Deflect","Quick Slash"],"picked":"Sucker Punch","floor":10},{"not_picked":["Terror","Deadly Poison"],"picked":"Corpse Explosion","floor":11},{"not_picked":["A Thousand Cuts","Backstab"],"picked":"Poisoned Stab","floor":13},{"not_picked":["PiercingWail","Flechettes"],"picked":"Acrobatics","floor":14},{"not_picked":["Setup","PiercingWail"],"picked":"Flying Knee","floor":18}],"player_experience":804832,"relics_obtained":[{"floor":8,"key":"Vajra"},{"floor":9,"key":"Anchor"},{"floor":11,"key":"Regal Pillow"},{"floor":13,"key":"Omamori"},{"floor":14,"key":"Odd Mushroom"},{"floor":17,"key":"Juzu Bracelet"},{"floor":17,"key":"Ornamental Fan"},{"floor":17,"key":"Ginger"}],"event_choices":[{"event_name":"World of Goop","player_choice":"Left","floor":4,"damage_taken":0},{"event_name":"Wheel of Change","player_choice":"Relic","floor":7,"damage_taken":0},{"event_name":"Big Fish","player_choice":"Banana","floor":12,"damage_taken":0},{"event_name":"Mushrooms","player_choice":"Fought Mushrooms","floor":14,"damage_taken":0},{"event_name":"Ghosts","player_choice":"Ignored","floor":19,"damage_taken":0}],"is_beta":true,"boss_relics":[{"not_picked":["Runic Pyramid","Busted Crown"],"picked":"Calling Bell"}],"items_purged_floors":[3],"is_endless":false,"potions_floor_spawned":[8,10,11,16],"killed_by":"Shell Parasite","ascension_level":15}