{"gold_per_floor":[118,50,125,50,62,62,73,73,100,0,0,20,20,39,39,141,141,154,168,180,180,55,69,69,80,129,129,129,129,129,142,142,240,240,250,266,116,116,116,116,128,128,128,128,157,157,3,14,14,14],"floor_reached":51,"playtime":1554,"items_purged":["Strike_G","Defend_G","Defend_G","Slice"],"score":915,"play_id":"9e55bdc6-0a0d-46c6-88a6-dccb8ed324f9","local_time":"20181029222845","is_ascension_mode":false,"campfire_choices":[{"data":"Well Laid Plans","floor":6.0,"key":"SMITH"},{"data":"Bouncing Flask","floor":8.0,"key":"SMITH"},{"data":"Neutralize","floor":13.0,"key":"SMITH"},{"data":"Catalyst","floor":15.0,"key":"SMITH"},{"data":"Catalyst","floor":24,"key":"SMITH"},{"data":"Malaise","floor":28,"key":"SMITH"},{"data":"Backflip","floor":30,"key":"SMITH"},{"data":"Well Laid Plans","floor":32,"key":"SMITH"},{"data":"Survivor","floor":40,"key":"SMITH"},{"data":"Defend_G","floor":46,"key":"SMITH"},{"data":"Defend_G","floor":49,"key":"SMITH"}],"neow_cost":"NONE","seed_source_timestamp":41350318849869,"circlet_count":0,"master_deck":["Defend_G+1","Defend_G","Defend_G+1","Survivor+1","Neutralize+1","Bouncing Flask+1","Well Laid Plans+1","Catalyst+1","Malaise+1","Catalyst+1","Backflip+1","Well Laid Plans+1","Corpse Explosion+1","Dodge and Roll+1","Backflip+1"],"special_seed":0,"relics":["Ring of the Snake","Boot","Coffee Dripper","Bag of Preparation","Sozu","Singing Bowl","FaceOfCleric","Tough Bandages","Bag of Marbles"],"potions_floor_usage":[19,20],"damage_taken":[{"damage":1.0,"enemies":"2 Louse","floor":1.0,"turns":4.0},{"damage":0.0,"enemies":"Jaw Worm","floor":5.0,"turns":4.0},{"damage":4.0,"enemies":"Small Slimes","floor":7.0,"turns":4.0},{"damage":1.0,"enemies":"Exordium Thugs","floor":12.0,"turns":4.0},{"damage":6.0,"enemies":"Lots of Slimes","floor":14.0,"turns":4.0},{"damage":0.0,"enemies":"Slime Boss","floor":16.0,"turns":8.0},{"damage":0.0,"enemies":"Chosen","floor":18.0,"turns":4.0},{"damage":0,"enemies":"3 Byrds","floor":19,"turns":4},{"damage":0,"enemies":"Snake Plant","floor":20,"turns":2},{"damage":2,"enemies":"Snecko","floor":23,"turns":3},{"damage":1,"enemies":"Chosen and Byrds","floor":25,"turns":4},{"damage":7,"enemies":"Colosseum Slavers","floor":27,"turns":4},{"damage":0,"enemies":"Cultist and Chosen","floor":31,"turns":3},{"damage":0,"enemies":"Champ","floor":33,"turns":6},{"damage":0,"enemies":"3 Shapes","floor":35,"turns":1},{"damage":0,"enemies":"3 Darklings","floor":36,"turns":2},{"damage":0,"enemies":"Spire Growth","floor":41,"turns":3},{"damage":0,"enemies":"Giant Head","floor":45,"turns":4},{"damage":0,"enemies":"Maw","floor":48,"turns":3},{"damage":0,"enemies":"Time Eater","floor":50,"turns":5}],"seed_played":"-7561269676925341912","potions_obtained":[{"floor":1.0,"key":"Fire Potion"},{"floor":14.0,"key":"Regen Potion"},{"floor":16.0,"key":"GamblersBrew"},{"floor":23,"key":"GamblersBrew"},{"floor":31,"key":"Ancient Potion"}],"is_trial":false,"path_per_floor":["M","$","?","$","M","R","M","R","T","$","?","M","R","M","R","B",null,"M","M","M","?","$","M","R","M","T","?","R","?","R","M","R","B",null,"M","M","$","?","$","R","M","?","T","?","E","R","$","M","R","B"],"character_chosen":"THE_SILENT","items_purchased":["Well Laid Plans","Bag of Marbles"],"campfire_rested":0,"item_purchase_floors":[2,47],"current_hp_per_floor":[69,69,58,58,58,58,54,54,54,54,54,53,53,47,47,47,70,70,70,70,70,70,68,68,67,67,60,60,60,60,60,60,60,70,70,70,70,70,70,70,70,70,70,70,73,73,73,74,74,75],"gold":14,"neow_bonus":"REMOVE_CARD","is_prod":false,"is_daily":false,"chose_seed":false,"campfire_upgraded":11,"win_rate":0,"timestamp":1540823325,"path_taken":["M","$","?","?","?","R","M","R","T","$","?","M","R","M","R","BOSS","M","M","M","?","$","M","R","M","T","?","R","?","R","M","R","BOSS","M","M","$","?","$","R","M","?","T","?","E","R","$","M","R","BOSS"],"build_version":"2018-10-25v2","purchased_purges":4,"victory":true,"max_hp_per_floor":[70,70,70,70,70,70,70,70,70,70,70,70,70,70,70,70,70,70,70,70,70,70,70,70,70,70,70,70,70,70,70,70,70,70,70,70,70,70,70,70,70,70,70,70,73,73,73,74,74,75],"card_choices":[{"not_picked":["PiercingWail","Infinite Blades"],"picked":"Bouncing Flask","floor":1.0},{"not_picked":["Underhanded Strike","Dodge and Roll","Quick Slash"],"picked":"SKIP","floor":5.0},{"not_picked":["Dagger Throw","Dodge and Roll","Blur"],"picked":"SKIP","floor":7.0},{"not_picked":["Prepared","Dash","Predator"],"picked":"SKIP","floor":12.0},{"not_picked":["Dagger Throw","Bouncing Flask"],"picked":"Catalyst","floor":14.0},{"not_picked":["Tools of the Trade","Storm of Steel"],"picked":"Malaise","floor":16.0},{"not_picked":["Prepared+1","Deadly Poison"],"picked":"Catalyst","floor":18.0},{"not_picked":["Dagger Throw","PiercingWail","Outmaneuver"],"picked":"SKIP","floor":19},{"not_picked":["Flying Knee","Acrobatics"],"picked":"Backflip","floor":20},{"not_picked":["Dagger Throw","Eviscerate","Flying Knee+1"],"picked":"SKIP","floor":23},{"not_picked":["Blade Dance+1","Cloak And Dagger","PiercingWail"],"picked":"SKIP","floor":25},{"not_picked":["Doppelganger","PiercingWail"],"picked":"Well Laid Plans","floor":31},{"not_picked":["Unload","Envenom"],"picked":"Corpse Explosion","floor":33},{"not_picked":["Blade Dance+1","Tactician","Dagger Throw"],"picked":"SKIP","floor":35},{"not_picked":["Deflect+1","Outmaneuver+1","Backstab+1"],"picked":"SKIP","floor":36},{"not_picked":["PiercingWail+1","Cloak And Dagger"],"picked":"Dodge and Roll+1","floor":41},{"not_picked":["Choke+1","Bane","Acrobatics"],"picked":"Singing Bowl","floor":45},{"not_picked":["Sucker Punch+1","Deflect"],"picked":"Backflip+1","floor":48}],"player_experience":729267,"relics_obtained":[{"floor":9.0,"key":"Boot"},{"floor":26,"key":"Bag of Preparation"},{"floor":43,"key":"Singing Bowl"},{"floor":45,"key":"Tough Bandages"}],"event_choices":[{"damage_healed":0.0,"max_hp_gain":0.0,"max_hp_loss":0.0,"gold_gain":75.0,"event_name":"World of Goop","player_choice":"Gather Gold","floor":3.0,"gold_loss":0.0,"damage_taken":11.0},{"damage_healed":0.0,"max_hp_gain":0.0,"max_hp_loss":0.0,"gold_gain":0.0,"event_name":"The Cleric","player_choice":"Leave","floor":11.0,"gold_loss":0.0,"damage_taken":0.0},{"cards_removed":["Strike_G"],"damage_healed":0,"gold_gain":0,"player_choice":"Elegance","damage_taken":0,"max_hp_gain":0,"max_hp_loss":0,"event_name":"Back to Basics","floor":21,"gold_loss":0},{"damage_healed":0,"gold_gain":0,"player_choice":"Fight","damage_taken":0,"max_hp_gain":0,"max_hp_loss":0,"event_name":"Colosseum","floor":27,"gold_loss":0},{"damage_healed":0,"gold_gain":0,"player_choice":"Fled From Nobs","damage_taken":0,"max_hp_gain":0,"max_hp_loss":0,"event_name":"Colosseum","floor":27,"gold_loss":0},{"damage_healed":0,"gold_gain":0,"cards_transformed":["Strike_G","Strike_G"],"player_choice":"Became Test Subject","damage_taken":0,"max_hp_gain":0,"max_hp_loss":0,"event_name":"Drug Dealer","floor":29,"gold_loss":0,"cards_obtained":["Slice","Blur"]},{"damage_healed":0,"gold_gain":0,"player_choice":"Upgraded","damage_taken":0,"max_hp_gain":0,"max_hp_loss":0,"event_name":"Upgrade Shrine","floor":38,"gold_loss":0,"cards_upgraded":["Corpse Explosion"]},{"cards_removed":["Blur"],"damage_healed":0,"gold_gain":0,"player_choice":"Removed Skill","damage_taken":0,"max_hp_gain":0,"max_hp_loss":0,"event_name":"Falling","floor":42,"gold_loss":0},{"damage_healed":0,"gold_gain":0,"player_choice":"Trade","damage_taken":0,"relics_obtained":["FaceOfCleric"],"max_hp_gain":0,"max_hp_loss":0,"event_name":"FaceTrader","floor":44,"gold_loss":0}],"is_beta":false,"boss_relics":[{"not_picked":["Astrolabe","Ectoplasm"],"picked":"Coffee Dripper"},{"not_picked":["WristBlade","Fusion Hammer"],"picked":"Sozu"}],"items_purged_floors":[4,10,22,37],"is_endless":false,"potions_floor_spawned":[1,14,16,23,27,31,36,41,45],"ascension_level":0}