{"gold_per_floor":[116,116,129,129,143,154,154,167,213,213,227,261,261,287,287,287],"floor_reached":16,"playtime":482,"items_purged":[],"score":207,"play_id":"cacb7d63-2b6d-4359-86e0-be33ae11e98c","local_time":"20181113204209","is_ascension_mode":true,"campfire_choices":[{"data":"Flechettes","floor":7,"key":"SMITH"},{"floor":10,"key":"REST"},{"data":"Glass Knife","floor":13,"key":"SMITH"},{"floor":15,"key":"REST"}],"neow_cost":"NONE","seed_source_timestamp":1003298425952,"circlet_count":0,"master_deck":["AscendersBane","Defend_G","Defend_G","Defend_G","Defend_G","Defend_G","Strike_G","Strike_G","Strike_G","Strike_G","Survivor","Neutralize","Malaise","Flechettes+1","Backstab","Glass Knife+1","Footwork","Blur"],"relics":["Ring of the Snake","Blue Candle","Bronze Scales","Smiling Mask","Regal Pillow"],"potions_floor_usage":[12,14],"damage_taken":[{"damage":1,"enemies":"2 Louse","floor":1,"turns":4},{"damage":0,"enemies":"Jaw Worm","floor":3,"turns":5},{"damage":0,"enemies":"Small Slimes","floor":5,"turns":4},{"damage":13,"enemies":"Gremlin Gang","floor":6,"turns":7},{"damage":2,"enemies":"3 Louse","floor":8,"turns":6},{"damage":0,"enemies":"Exordium Wildlife","floor":11,"turns":7},{"damage":17,"enemies":"Gremlin Nob","floor":12,"turns":4},{"damage":5,"enemies":"Lagavulin","floor":14,"turns":4},{"damage":15,"enemies":"Slime Boss","floor":16,"turns":7}],"seed_played":"1208437122599217038","potions_obtained":[{"floor":1,"key":"AttackPotion"},{"floor":3,"key":"FearPotion"},{"floor":14,"key":"Regen Potion"}],"is_trial":false,"path_per_floor":["M","?","M","?","M","M","R","M","T","R","M","E","R","E","R","B"],"character_chosen":"THE_SILENT","items_purchased":[],"campfire_rested":2,"item_purchase_floors":[],"current_hp_per_floor":[58,40,40,33,33,20,20,18,18,37,37,20,20,15,49,34],"gold":287,"neow_bonus":"ONE_RANDOM_RARE_CARD","is_prod":false,"is_daily":false,"chose_seed":false,"campfire_upgraded":2,"win_rate":0,"timestamp":1542112929,"path_taken":["M","?","M","?","M","M","R","M","T","R","M","E","R","E","R","BOSS"],"build_version":"2018-11-12","purchased_purges":0,"victory":false,"max_hp_per_floor":[66,66,66,66,66,66,66,66,66,66,66,66,66,66,66,66],"card_choices":[{"not_picked":["Tactician","Calculated Gamble"],"picked":"Flechettes","floor":1},{"not_picked":["Slice","Dodge and Roll"],"picked":"Backstab","floor":3},{"not_picked":["Dodge and Roll","Outmaneuver","Slice"],"picked":"SKIP","floor":5},{"not_picked":["Dodge and Roll","Outmaneuver","Slice"],"picked":"SKIP","floor":5},{"not_picked":["Setup","Dagger Throw","Crippling Poison"],"picked":"SKIP","floor":6},{"not_picked":["Flechettes","Bane","Accuracy"],"picked":"SKIP","floor":8},{"not_picked":["Outmaneuver","Cloak And Dagger"],"picked":"Glass Knife","floor":11},{"not_picked":["Bane","Dodge and Roll"],"picked":"Footwork","floor":12},{"not_picked":["Predator","Malaise"],"picked":"Blur","floor":14}],"player_experience":1043022,"relics_obtained":[{"floor":9,"key":"Bronze Scales"},{"floor":12,"key":"Smiling Mask"},{"floor":14,"key":"Regal Pillow"}],"event_choices":[{"damage_healed":0,"gold_gain":0,"player_choice":"Success","damage_taken":18,"relics_obtained":["Blue Candle"],"max_hp_gain":0,"max_hp_loss":0,"event_name":"Scrap Ooze","floor":2,"gold_loss":0},{"cards_removed":["Strike_G"],"damage_healed":0,"gold_gain":0,"player_choice":"Card Removal","damage_taken":7,"max_hp_gain":0,"max_hp_loss":0,"event_name":"Golden Wing","floor":4,"gold_loss":0}],"is_beta":true,"boss_relics":[],"items_purged_floors":[],"is_endless":false,"potions_floor_spawned":[1,3,8,14],"killed_by":"Slime Boss","ascension_level":17}