{"gold_per_floor":[360,360,178,178,191,224,224,255,255,255,267,267,281,299,299,401,401,414,104,120,120,120,120,87,106,178,28,39,51,51,67,67,67],"floor_reached":33,"playtime":918,"items_purged":["Strike_B","Strike_B","Strike_B"],"score":515,"play_id":"37e2e112-d2f2-4e2a-a1c4-c17dbba38b7e","local_time":"20181212165224","is_ascension_mode":true,"campfire_choices":[{"data":"Loop","floor":7.0,"key":"SMITH"},{"data":"Dualcast","floor":10.0,"key":"SMITH"},{"data":"Darkness","floor":12.0,"key":"SMITH"},{"data":"Zap","floor":15.0,"key":"SMITH"},{"floor":23.0,"key":"RECALL"},{"data":"Loop","floor":30,"key":"SMITH"},{"data":"Capacitor","floor":32,"key":"SMITH"}],"neow_cost":"PERCENT_DAMAGE","seed_source_timestamp":22833540431768,"circlet_count":0,"master_deck":["AscendersBane","Defend_B","Defend_B","Defend_B","Zap+1","Dualcast+1","Loop+1","Darkness+1","Conserve Battery","Glacier+1","Steam+1","Hologram+1","Core Surge","Loop+1","Loop+1","Capacitor+1","Redo+1","Reinforced Body+1","Coolheaded+1"],"special_seed":0,"relics":["Cracked Core","Singing Bowl","Toxic Egg 2","Coffee Dripper","Runic Capacitor","Blue Candle"],"potions_floor_usage":[],"damage_taken":[{"damage":0.0,"enemies":"Small Slimes","floor":1.0,"turns":3.0},{"damage":1.0,"enemies":"Cultist","floor":5.0,"turns":3.0},{"damage":18.0,"enemies":"Lagavulin","floor":6.0,"turns":6.0},{"damage":37.0,"enemies":"Gremlin Nob","floor":8.0,"turns":4.0},{"damage":0.0,"enemies":"2 Louse","floor":11.0,"turns":3.0},{"damage":0.0,"enemies":"Blue Slaver","floor":13.0,"turns":4.0},{"damage":0.0,"enemies":"2 Fungi Beasts","floor":14.0,"turns":3.0},{"damage":0.0,"enemies":"Hexaghost","floor":16.0,"turns":9.0},{"damage":2.0,"enemies":"Chosen","floor":18.0,"turns":5.0},{"damage":0.0,"enemies":"Spheric Guardian","floor":20.0,"turns":6.0},{"damage":8.0,"enemies":"3 Cultists","floor":25.0,"turns":5.0},{"damage":26,"enemies":"Sentry and Sphere","floor":28,"turns":5},{"damage":21,"enemies":"Centurion and Healer","floor":29,"turns":6},{"damage":0,"enemies":"Snecko","floor":31,"turns":7},{"damage":9,"enemies":"Collector","floor":33,"turns":2}],"seed_played":"-5869602631171877539","potions_obtained":[{"floor":5.0,"key":"FairyPotion"},{"floor":6.0,"key":"Regen Potion"},{"floor":13.0,"key":"Weak Potion"},{"floor":20.0,"key":"Fire Potion"},{"floor":31,"key":"Explosive Potion"}],"is_trial":false,"path_per_floor":["M","?","$","?","M","E","R","E","T","R","M","R","M","M","R","B",null,"M","$","M","?","?","R","$","M","T","$","M","M","R","M","R","B"],"character_chosen":"DEFECT","items_purchased":["Loop","Darkness","Runic Capacitor","Loop","Redo+1"],"campfire_rested":0,"item_purchase_floors":[3,3,19,24,27],"current_hp_per_floor":[50,43,43,43,42,26,26,1,1,1,1,1,3,3,3,3,60,60,60,60,60,60,60,60,52,52,52,28,7,7,7,7,0],"gold":67,"neow_bonus":"TWO_FIFTY_GOLD","is_prod":false,"is_daily":false,"chose_seed":false,"campfire_upgraded":6,"win_rate":0,"timestamp":1544604744,"path_taken":["M","?","$","?","?","E","R","E","T","R","M","R","M","M","R","BOSS","M","$","M","?","?","R","$","M","T","$","M","M","R","M","R","BOSS"],"build_version":"2018-12-06","purchased_purges":3,"victory":false,"max_hp_per_floor":[75,75,75,75,75,77,77,77,77,77,77,77,79,79,79,79,79,81,81,81,81,81,81,81,81,81,81,83,83,83,83,83,83],"card_choices":[{"not_picked":["Barrage","Reprogram","Compile Driver"],"picked":"SKIP","floor":1.0},{"not_picked":["Steam Power","Tempest"],"picked":"Conserve Battery","floor":5.0},{"not_picked":["Rebound","Scrape","Go for the Eyes"],"picked":"Singing Bowl","floor":6.0},{"not_picked":["Storm","White Noise"],"picked":"Glacier","floor":8.0},{"not_picked":["Beam Cell","Fusion+1"],"picked":"Steam+1","floor":11.0},{"not_picked":["Compile Driver","Chaos+1","Sunder"],"picked":"Singing Bowl","floor":13.0},{"not_picked":["BootSequence+1","Hyperbeam"],"picked":"Hologram+1","floor":14.0},{"not_picked":["Machine Learning","Meteor Strike"],"picked":"Core Surge","floor":16.0},{"not_picked":["Stack+1","Go for the Eyes","Storm"],"picked":"Singing Bowl","floor":18.0},{"not_picked":["Compile Driver+1","Darkness+1"],"picked":"Loop+1","floor":20.0},{"not_picked":["Sweeping Beam","Blizzard"],"picked":"Capacitor","floor":25.0},{"not_picked":["Reprogram+1","Leap+1","Sunder"],"picked":"Singing Bowl","floor":28},{"not_picked":["Stack+1","Go for the Eyes"],"picked":"Reinforced Body+1","floor":29},{"not_picked":["Compile Driver","Static Discharge"],"picked":"Coolheaded+1","floor":31}],"player_experience":1223045,"relics_obtained":[{"floor":6.0,"key":"Singing Bowl"},{"floor":8.0,"key":"Toxic Egg 2"},{"floor":26.0,"key":"Blue Candle"}],"event_choices":[{"cards_removed":["Strike_B"],"damage_healed":0.0,"max_hp_gain":0.0,"max_hp_loss":0.0,"gold_gain":0.0,"event_name":"Golden Wing","player_choice":"Card Removal","floor":2.0,"gold_loss":0.0,"damage_taken":7.0},{"cards_removed":["Defend_B"],"damage_healed":0.0,"max_hp_gain":0.0,"max_hp_loss":0.0,"gold_gain":0.0,"event_name":"Purifier","player_choice":"Purged","floor":4.0,"gold_loss":0.0,"damage_taken":0.0},{"damage_healed":0.0,"max_hp_gain":0.0,"max_hp_loss":0.0,"gold_gain":0.0,"event_name":"Vampires","player_choice":"Ignored","floor":21.0,"gold_loss":0.0,"damage_taken":0.0}],"is_beta":false,"boss_relics":[{"not_picked":["Eternal Feather","Calling Bell"],"picked":"Coffee Dripper"}],"items_purged_floors":[3,19,27],"is_endless":false,"potions_floor_spawned":[5,6,13,14,18,20,31],"killed_by":"Collector","ascension_level":11}