{"gold_per_floor":[111,122,122,47,67,67,96,109,157,168,168,203,203,218,218,313,313,323,323,353,253,270,270,66,80,80,91,19,19,19,19,19,121,121,132,132,143,143,153,153,173,207,207,207,207,221,45,267,267,267],"floor_reached":51,"playtime":2066,"items_purged":["Strike_G","Writhe","Defend_G","Strike_G+1"],"score":835,"play_id":"d97de135-6587-42d0-a4bb-c9d14d795127","local_time":"20181101193459","is_ascension_mode":false,"campfire_choices":[{"data":"Deadly Poison","floor":6.0,"key":"SMITH"},{"data":"Glass Knife","floor":11.0,"key":"SMITH"},{"data":"Neutralize","floor":13.0,"key":"SMITH"},{"data":"Accuracy","floor":15.0,"key":"SMITH"},{"floor":23,"key":"REST"},{"data":"Well Laid Plans","floor":29,"key":"SMITH"},{"data":"Well Laid Plans","floor":32,"key":"SMITH"},{"floor":40,"key":"REST"},{"data":"Backflip","floor":44,"key":"SMITH"},{"data":"Backflip","floor":49,"key":"SMITH"}],"neow_cost":"NONE","seed_source_timestamp":33984512851399,"circlet_count":0,"master_deck":["Defend_G+1","Defend_G+1","Survivor+1","Neutralize+1","Cloak And Dagger+1","Caltrops+1","Deadly Poison+1","Glass Knife+1","Terror+1","Footwork+1","Accuracy+1","Grand Finale+1","Poisoned Stab+1","Noxious Fumes+1","Prepared+1","Acrobatics+1","Dodge and Roll+1","Reflex+1","Well Laid Plans+1","Phantasmal Killer+1","Well Laid Plans+1","Adrenaline+1","Corpse Explosion+1","Tactician+1","Acrobatics+1","Backflip+1","Accuracy+1","Backflip+1","Blade Dance+1","Backflip+1"],"special_seed":0,"relics":["Ring of the Snake","Mummified Hand","Lantern","PreservedInsect","Astrolabe","Paper Crane","Red Mask","Ninja Scroll","Orrery","Mark of the Bloom","Oddly Smooth Stone","Blue Candle","Matryoshka"],"potions_floor_usage":[37,50,50],"damage_taken":[{"damage":0.0,"enemies":"Small Slimes","floor":1.0,"turns":3.0},{"damage":0.0,"enemies":"Jaw Worm","floor":2.0,"turns":4.0},{"damage":0.0,"enemies":"Cultist","floor":5.0,"turns":4.0},{"damage":15.0,"enemies":"Lagavulin","floor":7.0,"turns":8.0},{"damage":0.0,"enemies":"3 Louse","floor":8.0,"turns":4.0},{"damage":0.0,"enemies":"Large Slime","floor":10.0,"turns":4.0},{"damage":0.0,"enemies":"3 Sentries","floor":12.0,"turns":6.0},{"damage":0.0,"enemies":"Exordium Wildlife","floor":14.0,"turns":5.0},{"damage":9.0,"enemies":"Slime Boss","floor":16.0,"turns":9.0},{"damage":0.0,"enemies":"3 Byrds","floor":18.0,"turns":4.0},{"damage":26.0,"enemies":"Masked Bandits","floor":20.0,"turns":5.0},{"damage":6,"enemies":"2 Thieves","floor":22,"turns":5},{"damage":6,"enemies":"Sentry and Sphere","floor":25,"turns":3},{"damage":3,"enemies":"Snake Plant","floor":27,"turns":3},{"damage":47,"enemies":"Collector","floor":33,"turns":8},{"damage":0,"enemies":"3 Shapes","floor":35,"turns":4},{"damage":0,"enemies":"3 Darklings","floor":37,"turns":3},{"damage":0,"enemies":"Transient","floor":39,"turns":5},{"damage":0,"enemies":"Maw","floor":41,"turns":3},{"damage":0,"enemies":"Giant Head","floor":42,"turns":3},{"damage":0,"enemies":"Sphere and 2 Shapes","floor":46,"turns":3},{"damage":0,"enemies":"Donu and Deca","floor":50,"turns":3}],"seed_played":"4420564543282640149","potions_obtained":[{"floor":5.0,"key":"Strength Potion"},{"floor":7.0,"key":"SkillPotion"},{"floor":10.0,"key":"Ancient Potion"},{"floor":20.0,"key":"Strength Potion"},{"floor":33,"key":"EntropicBrew"},{"floor":35,"key":"Block Potion"},{"floor":37,"key":"Fruit Juice"},{"floor":39,"key":"Poison Potion"},{"floor":46,"key":"Energy Potion"}],"is_trial":false,"path_per_floor":["M","M","?","$","M","R","E","M","T","M","R","E","R","M","R","B",null,"M","?","?","$","M","R","$","M","T","M","$","R","?","?","R","B",null,"M","?","M","?","M","R","M","E","T","R","?","M","$","?","R","B"],"character_chosen":"THE_SILENT","items_purchased":["Well Laid Plans","Well Laid Plans","Backflip"],"campfire_rested":2,"item_purchase_floors":[24,28,47],"current_hp_per_floor":[70,70,70,70,70,70,55,55,55,55,55,55,55,55,55,46,70,70,70,44,44,38,59,59,53,53,50,50,50,37,62,62,15,75,75,75,75,71,71,71,71,71,71,71,71,71,71,71,71,71],"gold":267,"neow_bonus":"REMOVE_CARD","is_prod":false,"is_daily":false,"chose_seed":false,"campfire_upgraded":8,"win_rate":0,"timestamp":1541072099,"path_taken":["M","M","?","$","M","R","E","M","T","M","R","E","R","M","R","BOSS","M","?","?","?","M","R","$","M","T","?","$","R","?","?","R","BOSS","M","?","M","?","M","R","?","E","T","R","?","?","$","?","R","BOSS"],"build_version":"2018-10-25v2","purchased_purges":4,"victory":true,"max_hp_per_floor":[70,70,70,70,70,70,70,70,70,70,70,70,70,70,70,70,70,70,70,70,70,70,70,70,70,70,70,70,70,75,75,75,75,75,75,75,75,71,71,71,71,71,71,71,71,71,71,71,71,71],"card_choices":[{"not_picked":["Slice","Blade Dance"],"picked":"Cloak And Dagger","floor":1.0},{"not_picked":["Dagger Spray","Dagger Throw"],"picked":"Caltrops","floor":2.0},{"not_picked":["Quick Slash","Setup"],"picked":"Deadly Poison","floor":5.0},{"not_picked":["Terror","Dash"],"picked":"Glass Knife","floor":7.0},{"not_picked":["Reflex","Slice"],"picked":"Terror","floor":8.0},{"not_picked":["Backflip","Infinite Blades"],"picked":"Footwork","floor":10.0},{"not_picked":["Tactician","Quick Slash","Underhanded Strike"],"picked":"SKIP","floor":12.0},{"not_picked":["Skewer","Flying Knee"],"picked":"Accuracy","floor":14.0},{"not_picked":["Phantasmal Killer","Wraith Form v2"],"picked":"Grand Finale","floor":16.0},{"not_picked":["Quick Slash","Predator"],"picked":"Acrobatics","floor":18.0},{"not_picked":["Deflect+1","Dagger Throw"],"picked":"Dodge and Roll+1","floor":20.0},{"not_picked":["Tactician","Deflect+1"],"picked":"Reflex","floor":22},{"not_picked":["Riddle With Holes","Bane","Poisoned Stab"],"picked":"SKIP","floor":25},{"not_picked":["Concentrate","Phantasmal Killer","Dodge and Roll"],"picked":"SKIP","floor":27},{"not_picked":["Concentrate","Dodge and Roll"],"picked":"Phantasmal Killer","floor":27},{"not_picked":["Envenom","Venomology"],"picked":"Adrenaline","floor":33},{"not_picked":["Masterful Stab","Cloak And Dagger"],"picked":"Corpse Explosion","floor":34},{"not_picked":["Acrobatics","Outmaneuver"],"picked":"Tactician+1","floor":34},{"not_picked":["Quick Slash+1","Crippling Poison"],"picked":"Acrobatics","floor":34},{"not_picked":["Dagger Throw+1","Prepared+1"],"picked":"Backflip","floor":35},{"not_picked":["Bane","Heel Hook+1","All Out Attack+1"],"picked":"SKIP","floor":37},{"not_picked":["Skewer","Masterful Stab"],"picked":"Accuracy+1","floor":39},{"not_picked":["Cloak And Dagger+1","Deflect+1"],"picked":"Backflip","floor":41},{"not_picked":["Blade Dance+1","PiercingWail","Masterful Stab"],"picked":"SKIP","floor":42},{"not_picked":["PiercingWail","Masterful Stab"],"picked":"Blade Dance+1","floor":42},{"not_picked":["PiercingWail+1","Quick Slash","Masterful Stab+1"],"picked":"SKIP","floor":46}],"player_experience":819903,"relics_obtained":[{"floor":7.0,"key":"Mummified Hand"},{"floor":9.0,"key":"Lantern"},{"floor":12.0,"key":"PreservedInsect"},{"floor":20.0,"key":"Red Mask"},{"floor":26,"key":"Ninja Scroll"},{"floor":42,"key":"Oddly Smooth Stone"},{"floor":43,"key":"Blue Candle"}],"event_choices":[{"cards_removed":["Defend_G"],"damage_healed":0.0,"max_hp_gain":0.0,"max_hp_loss":0.0,"gold_gain":0.0,"event_name":"Living Wall","player_choice":"Forget","floor":3.0,"gold_loss":0.0,"damage_taken":0.0},{"damage_healed":0.0,"max_hp_gain":0.0,"max_hp_loss":0.0,"gold_gain":0.0,"event_name":"The Mausoleum","player_choice":"Opened","floor":19.0,"gold_loss":0.0,"damage_taken":0.0,"relics_obtained":["Paper Crane"],"cards_obtained":["Writhe"]},{"damage_healed":0.0,"max_hp_gain":0.0,"max_hp_loss":0.0,"gold_gain":0.0,"event_name":"Masked Bandits","player_choice":"Fought Bandits","floor":20.0,"gold_loss":0.0,"damage_taken":0.0},{"damage_healed":0,"gold_gain":0,"player_choice":"Shed Blood","damage_taken":18,"max_hp_gain":5,"max_hp_loss":0,"event_name":"Forgotten Altar","floor":30,"gold_loss":0},{"damage_healed":25,"gold_gain":0,"player_choice":"Heal","damage_taken":0,"max_hp_gain":0,"max_hp_loss":0,"event_name":"The Library","floor":31,"gold_loss":0},{"damage_healed":0,"gold_gain":0,"player_choice":"Upgrade","damage_taken":0,"relics_obtained":["Mark of the Bloom"],"max_hp_gain":0,"max_hp_loss":0,"event_name":"MindBloom","floor":36,"gold_loss":0,"cards_upgraded":["Defend_G","Defend_G","Strike_G","Survivor","Cloak And Dagger","Caltrops","Terror","Footwork","Grand Finale","Acrobatics","Reflex","Phantasmal Killer","Adrenaline","Corpse Explosion","Acrobatics","Backflip"]},{"damage_healed":0,"gold_gain":0,"player_choice":"Max HP","damage_taken":0,"max_hp_gain":0,"max_hp_loss":4,"event_name":"Winding Halls","floor":38,"gold_loss":0},{"damage_healed":0,"gold_gain":0,"player_choice":"Gave Potion","damage_taken":0,"relics_obtained":["Matryoshka"],"max_hp_gain":0,"max_hp_loss":0,"event_name":"WeMeetAgain","floor":45,"gold_loss":0},{"damage_healed":0,"gold_gain":222,"player_choice":"Wore Mask","damage_taken":0,"max_hp_gain":0,"max_hp_loss":0,"event_name":"Tomb of Lord Red Mask","floor":48,"gold_loss":0}],"is_beta":false,"boss_relics":[{"not_picked":["Eternal Feather","HoveringKite"],"picked":"Astrolabe"},{"not_picked":["Sozu","Empty Cage"],"picked":"Orrery"}],"items_purged_floors":[4,21,24,47],"is_endless":false,"potions_floor_spawned":[5,7,10,16,20,33,35,37,39,46],"ascension_level":0}