{"gold_per_floor":[118,35,47,47,70,70,88,88,88,13,13,13,13,13,13,107,107,123,123,48,66,85,85,85,85,108,108,127,127,163,177,177,273,273,293,357,372,395,395,395,215,246,246,246,371,34,68,68,68,68,68,68,68,12,55,55],"floor_reached":57,"playtime":4387,"items_purged":["Dagger Throw","Choke","A Thousand Cuts"],"score":2778,"play_id":"ee8452d1-43ae-482c-8b17-389915f36cc8","local_time":"20190125141157","is_ascension_mode":true,"campfire_choices":[{"data":"Acrobatics","floor":6.0,"key":"SMITH"},{"data":"Flechettes","floor":8.0,"key":"SMITH"},{"data":"Neutralize","floor":11.0,"key":"SMITH"},{"data":"Catalyst","floor":15.0,"key":"SMITH"},{"data":"Acrobatics","floor":23.0,"key":"SMITH"},{"data":"Terror","floor":25.0,"key":"SMITH"},{"floor":27.0,"key":"REST"},{"data":"Adrenaline","floor":32,"key":"SMITH"},{"data":"Doppelganger","floor":40,"key":"SMITH"},{"data":"Reflex","floor":44,"key":"SMITH"},{"floor":49,"key":"RECALL"},{"data":"Caltrops","floor":53,"key":"SMITH"}],"neow_cost":"NONE","seed_source_timestamp":3079594153243,"circlet_count":0,"master_deck":["AscendersBane","Survivor","Neutralize+1","Acrobatics+1","Catalyst+1","Flechettes+1","Doppelganger+1","Night Terror","Terror+1","After Image","Acrobatics+1","Caltrops+1","Adrenaline+1","Well Laid Plans","Reflex+1"],"special_seed":0,"relics":["Ring of the Snake","Boot","Golden Idol","Sundial","Gremlin Horn","Pandora\u0027s Box","Oddly Smooth Stone","Meat on the Bone","Busted Crown","Prayer Wheel","Omamori","Calipers","ClockworkSouvenir","Tough Bandages","Bronze Scales"],"potions_floor_usage":[47,56],"damage_taken":[{"damage":0.0,"enemies":"Small Slimes","floor":1.0,"turns":3.0},{"damage":11.0,"enemies":"Jaw Worm","floor":3.0,"turns":4.0},{"damage":0.0,"enemies":"2 Louse","floor":5.0,"turns":3.0},{"damage":5.0,"enemies":"Blue Slaver","floor":7.0,"turns":2.0},{"damage":8.0,"enemies":"The Guardian","floor":16.0,"turns":10.0},{"damage":18.0,"enemies":"theJungle:5_Spyders","floor":18.0,"turns":4.0},{"damage":11.0,"enemies":"theJungle:GiantWrat","floor":21.0,"turns":3.0},{"damage":0.0,"enemies":"theJungle:Snecko_Cultist_And_Trap","floor":22.0,"turns":2.0},{"damage":14.0,"enemies":"Snake Plant","floor":28.0,"turns":2.0},{"damage":3.0,"enemies":"theJungle:2_Phrogs","floor":30.0,"turns":2.0},{"damage":0.0,"enemies":"theJungle:JungleHuntersEncounter","floor":31.0,"turns":2.0},{"damage":3,"enemies":"theJungle:FunGuy","floor":33,"turns":11},{"damage":3,"enemies":"Orb Walker","floor":35,"turns":2},{"damage":6,"enemies":"2 Orb Walkers","floor":36,"turns":2},{"damage":11,"enemies":"3 Darklings","floor":37,"turns":2},{"damage":0,"enemies":"Maw","floor":38,"turns":2},{"damage":0,"enemies":"Reptomancer","floor":42,"turns":1},{"damage":0,"enemies":"Mind Bloom Boss Battle","floor":45,"turns":1},{"damage":23,"enemies":"Nemesis","floor":47,"turns":4},{"damage":2,"enemies":"Awakened One","floor":50,"turns":3},{"damage":0,"enemies":"Time Eater","floor":51,"turns":3},{"damage":0,"enemies":"Shield and Spear","floor":55,"turns":1},{"damage":5,"enemies":"The Heart","floor":56,"turns":4}],"seed_played":"-4392461238170913463","potions_obtained":[{"floor":3.0,"key":"Block Potion"},{"floor":5.0,"key":"Poison Potion"},{"floor":18.0,"key":"Fruit Juice"},{"floor":22.0,"key":"Explosive Potion"},{"floor":30.0,"key":"Poison Potion"},{"floor":31.0,"key":"Energy Potion"},{"floor":55,"key":"SpeedPotion"}],"is_trial":false,"path_per_floor":["M","$","M","?","M","R","M","R","T","?","R","?","$","T","R","B",null,"M","?","$","M","M","R","$","R","T","R","M","?","E","M","R","B",null,"M","?","M","M","?","R","$","E","T","R","?","$","E","$","R","B","B",null,"R","$","E","B",null],"character_chosen":"THE_SILENT","items_purchased":["Catalyst","Reflex","ClockworkSouvenir","SkillPotion"],"campfire_rested":1,"item_purchase_floors":[2,41,46,54],"current_hp_per_floor":[59,59,48,48,48,48,43,43,43,43,43,25,25,25,25,17,49,36,36,36,25,25,25,25,25,25,44,30,30,27,39,39,36,58,55,49,38,38,38,38,38,38,38,38,38,38,27,27,27,37,37,56,56,56,56,51],"gold":55,"neow_bonus":"RANDOM_COMMON_RELIC","is_prod":false,"is_daily":false,"chose_seed":false,"campfire_upgraded":10,"win_rate":0,"timestamp":1548396717,"path_taken":["M","$","M","?","M","R","M","R","T","?","R","?","$","?","R","BOSS","M","?","$","M","?","R","$","R","T","R","M","?","E","?","R","BOSS","M","?","M","M","?","R","$","E","T","R","?","$","E","$","R","BOSS","BOSS","R","$","E","BOSS"],"build_version":"2019-01-23","purchased_purges":3,"victory":true,"max_hp_per_floor":[66,66,66,60,60,60,60,60,60,60,60,60,60,60,60,60,60,65,65,65,65,65,65,65,65,65,65,65,65,65,65,65,65,65,65,65,65,65,62,62,62,62,62,62,62,62,62,62,62,62,62,62,62,62,62,62],"card_choices":[{"not_picked":["Bane","PiercingWail"],"picked":"Acrobatics","floor":1.0},{"not_picked":["Flying Knee","Blade Dance","Crippling Poison"],"picked":"SKIP","floor":3.0},{"not_picked":["Deflect","Outmaneuver"],"picked":"Flechettes","floor":5.0},{"not_picked":["Distraction","Slice","Cloak And Dagger"],"picked":"SKIP","floor":7.0},{"not_picked":["Flying Knee+1","Acrobatics","Slice"],"picked":"SKIP","floor":18.0},{"not_picked":["All Out Attack","Sucker Punch","Escape Plan"],"picked":"SKIP","floor":21.0},{"not_picked":["Sucker Punch+1","Slice+1","Cloak And Dagger"],"picked":"SKIP","floor":22.0},{"not_picked":["Sucker Punch","Underhanded Strike","Corpse Explosion"],"picked":"SKIP","floor":28.0},{"not_picked":["Unload","Backflip"],"picked":"Adrenaline","floor":30.0},{"not_picked":["Riddle With Holes","Deflect","Dodge and Roll"],"picked":"SKIP","floor":31.0},{"not_picked":[],"picked":"Well Laid Plans","floor":35},{"not_picked":["Backstab"],"picked":"SKIP","floor":37},{"not_picked":["Sucker Punch"],"picked":"SKIP","floor":37},{"not_picked":["Outmaneuver"],"picked":"SKIP","floor":38},{"not_picked":["Calculated Gamble"],"picked":"SKIP","floor":38},{"not_picked":["Acrobatics"],"picked":"SKIP","floor":42},{"not_picked":["PiercingWail"],"picked":"SKIP","floor":47},{"not_picked":["Skewer"],"picked":"SKIP","floor":55}],"player_experience":2225710,"relics_obtained":[{"floor":9.0,"key":"Sundial"},{"floor":14.0,"key":"Gremlin Horn"},{"floor":26.0,"key":"Oddly Smooth Stone"},{"floor":30.0,"key":"Meat on the Bone"},{"floor":36,"key":"Prayer Wheel"},{"floor":42,"key":"Omamori"},{"floor":45,"key":"Calipers"},{"floor":47,"key":"Tough Bandages"},{"floor":55,"key":"Bronze Scales"}],"event_choices":[{"damage_healed":0.0,"max_hp_gain":0.0,"max_hp_loss":6.0,"gold_gain":0.0,"event_name":"Golden Idol","player_choice":"Lose Max HP","floor":4.0,"gold_loss":0.0,"damage_taken":0.0,"relics_obtained":["Golden Idol"]},{"cards_removed":["Strike_G"],"damage_healed":0.0,"max_hp_gain":0.0,"max_hp_loss":0.0,"gold_gain":0.0,"event_name":"The Cleric","player_choice":"Card Removal","floor":10.0,"gold_loss":75.0,"damage_taken":0.0},{"damage_healed":0.0,"max_hp_gain":0.0,"max_hp_loss":0.0,"gold_gain":0.0,"event_name":"Shining Light","player_choice":"Entered Light","floor":12.0,"gold_loss":0.0,"damage_taken":18.0,"cards_upgraded":["Defend_G","Strike_G"]},{"damage_healed":0.0,"max_hp_gain":0.0,"max_hp_loss":0.0,"gold_gain":0.0,"cards_transformed":["Riddle With Holes"],"event_name":"Transmorgrifier","player_choice":"Transformed","floor":19.0,"gold_loss":0.0,"damage_taken":0.0,"cards_obtained":["Caltrops"]},{"damage_healed":0.0,"max_hp_gain":0.0,"max_hp_loss":0.0,"gold_gain":0.0,"event_name":"Wheel of Change","player_choice":"Gold","floor":29.0,"gold_loss":0.0,"damage_taken":0.0},{"damage_healed":0,"gold_gain":0,"player_choice":"Fight","damage_taken":0,"max_hp_gain":0,"max_hp_loss":0,"event_name":"Mysterious Sphere","floor":36,"gold_loss":0},{"damage_healed":0,"gold_gain":0,"player_choice":"Max HP","damage_taken":0,"max_hp_gain":0,"max_hp_loss":3,"event_name":"Winding Halls","floor":39,"gold_loss":0},{"damage_healed":0,"gold_gain":0,"player_choice":"Fight","damage_taken":0,"max_hp_gain":0,"max_hp_loss":0,"event_name":"MindBloom","floor":45,"gold_loss":0}],"is_beta":false,"boss_relics":[{"not_picked":["Velvet Choker","Fusion Hammer"],"picked":"Pandora\u0027s Box"},{"not_picked":["Runic Dome","Orrery"],"picked":"Busted Crown"}],"items_purged_floors":[20,41,46],"is_endless":false,"potions_floor_spawned":[3,5,18,22,30,31,35,37,38,55],"ascension_level":20}