{"path_per_floor":["M","?","T","$","M","R","E","R","T","R","M","?","$","?","R"],"character_chosen":"THE_SILENT","items_purchased":["Trip","Eviscerate"],"gold_per_floor":[117,117,117,16,26,26,52,52,52,52,72,72,39,139,139,139],"floor_reached":16,"campfire_rested":0,"playtime":394,"item_purchase_floors":[4,13],"current_hp_per_floor":[59,59,59,59,59,59,28,28,28,28,25,13,13,13,13,0],"items_purged":[],"gold":139,"score":163,"play_id":"a936f869-5091-4d73-879b-2609f64da1ef","local_time":"20180615205609","is_prod":false,"is_daily":false,"chose_seed":false,"is_ascension_mode":true,"campfire_upgraded":4,"win_rate":0,"timestamp":1529067369,"campfire_choices":[{"data":"Neutralize","floor":6,"key":"SMITH"},{"data":"Setup","floor":8,"key":"SMITH"},{"data":"Sucker Punch","floor":10,"key":"SMITH"},{"data":"Eviscerate","floor":15,"key":"SMITH"}],"path_taken":["M","?","?","?","M","R","E","R","T","R","M","?","?","?","R","BOSS"],"build_version":"2018-06-14v2","seed_source_timestamp":41460535935657,"purchased_purges":0,"victory":false,"master_deck":["Defend_G","Defend_G+1","Defend_G","Defend_G+1","Defend_G","Strike_G","Strike_G","Strike_G","Strike_G","Survivor","Neutralize+1","AscendersBane","Poisoned Stab","Setup+1","Trip","Sucker Punch+1","Unload","Dagger Throw","Eviscerate+1"],"max_hp_per_floor":[66,66,66,66,66,66,66,66,66,66,66,66,66,66,66,66],"relics":["Ring of the Snake","Dodecahedron","Oddly Smooth Stone","War Paint","The Courier"],"card_choices":[{"not_picked":["Prepared","Cloak And Dagger"],"picked":"Poisoned Stab","floor":1},{"not_picked":["Well Laid Plans","Setup"],"picked":"Sucker Punch","floor":5},{"not_picked":["Deflect","Slice"],"picked":"Unload","floor":7},{"not_picked":["Infinite Blades","Deflect"],"picked":"Dagger Throw","floor":11}],"player_experience":614949,"potions_floor_usage":[16],"damage_taken":[{"damage":0,"enemies":"Jaw Worm","floor":1,"turns":5},{"damage":0,"enemies":"2 Louse","floor":5,"turns":3},{"damage":31,"enemies":"Lagavulin","floor":7,"turns":9},{"damage":3,"enemies":"Small Slimes","floor":11,"turns":3},{"damage":34,"enemies":"The Guardian","floor":16,"turns":12}],"relics_obtained":[{"floor":3,"key":"Dodecahedron"},{"floor":7,"key":"Oddly Smooth Stone"},{"floor":9,"key":"War Paint"}],"event_choices":[{"event_name":"Living Wall","player_choice":"Change","floor":2,"damage_taken":0},{"event_name":"Scrap Ooze","player_choice":"success","floor":12,"damage_taken":12},{"event_name":"Golden Shrine","player_choice":"Pray","floor":14,"damage_taken":0}],"boss_relics":[],"items_purged_floors":[],"is_endless":false,"potions_floor_spawned":[7,11],"seed_played":"238631869725910071","killed_by":"The Guardian","ascension_level":14,"potions_obtained":[{"floor":7,"key":"SmokeBomb"},{"floor":11,"key":"Dexterity Potion"}],"is_trial":false}