{"gold_per_floor":[117,117,131,56,56,56,94,94,94,127,141,182,206,220,220,314,314,329,329,329,343,343],"floor_reached":22,"playtime":818,"items_purged":["Strike_G"],"score":458,"play_id":"9cd1d1ba-c4eb-42b9-bc5c-a94f71cd619e","local_time":"20190413124935","is_ascension_mode":true,"campfire_choices":[{"data":"Apotheosis","floor":6.0,"key":"SMITH"},{"floor":8.0,"key":"REST"},{"floor":15.0,"key":"REST"}],"neow_cost":"PERCENT_DAMAGE","seed_source_timestamp":2948737147476,"circlet_count":0,"master_deck":["AscendersBane","Defend_G","Defend_G","Defend_G","Defend_G","Defend_G","Strike_G","Strike_G","Strike_G","Strike_G","Survivor","Neutralize","Forethought","Apotheosis+1","Poisoned Stab","Concentrate","Venomology","Dagger Spray","Adrenaline","Night Terror","Well Laid Plans","PiercingWail"],"special_seed":0,"relics":["Ring of the Snake","Golden Idol","Regal Pillow","Letter Opener","Ginger","Fusion Hammer","Sundial"],"potions_floor_usage":[21],"damage_taken":[{"damage":0.0,"enemies":"Jaw Worm","floor":1.0,"turns":5.0},{"damage":0.0,"enemies":"2 Louse","floor":3.0,"turns":3.0},{"damage":7.0,"enemies":"Lagavulin","floor":7.0,"turns":13.0},{"damage":22.0,"enemies":"3 Sentries","floor":10.0,"turns":8.0},{"damage":0.0,"enemies":"Cultist","floor":11.0,"turns":3.0},{"damage":0.0,"enemies":"Gremlin Nob","floor":12.0,"turns":4.0},{"damage":0.0,"enemies":"Blue Slaver","floor":13.0,"turns":4.0},{"damage":0.0,"enemies":"2 Fungi Beasts","floor":14.0,"turns":4.0},{"damage":11.0,"enemies":"Slime Boss","floor":16.0,"turns":11.0},{"damage":6.0,"enemies":"Chosen","floor":18.0,"turns":4.0},{"damage":34,"enemies":"2 Thieves","floor":21,"turns":5},{"damage":37,"enemies":"Shelled Parasite and Fungi","floor":22,"turns":3}],"seed_played":"9065036188175856578","potions_obtained":[{"floor":1.0,"key":"Block Potion"},{"floor":5.0,"key":"GhostInAJar"},{"floor":7.0,"key":"Strength Potion"},{"floor":10.0,"key":"GhostInAJar"},{"floor":13.0,"key":"FearPotion"}],"is_trial":false,"path_per_floor":["M","?","M","$","?","R","E","R","T","E","M","E","M","M","R","B",null,"M","?","?","M","M"],"character_chosen":"THE_SILENT","items_purchased":[],"campfire_rested":2,"item_purchase_floors":[],"current_hp_per_floor":[44,21,21,21,21,21,14,48,48,26,26,26,26,26,60,49,62,56,56,56,22,0],"gold":343,"neow_bonus":"RANDOM_COLORLESS_2","is_prod":false,"is_daily":false,"chose_seed":false,"campfire_upgraded":1,"win_rate":0,"timestamp":1555130975,"path_taken":["M","?","M","$","?","R","E","R","T","E","?","E","M","M","R","BOSS","M","?","?","M","M"],"build_version":"2019-01-23","purchased_purges":1,"victory":false,"max_hp_per_floor":[66,66,66,66,66,66,66,66,66,66,66,66,66,66,66,66,66,66,66,66,66,66],"card_choices":[{"not_picked":["Bane","Dagger Spray"],"picked":"Poisoned Stab","floor":1.0},{"not_picked":["Dagger Spray","Crippling Poison"],"picked":"Concentrate","floor":3.0},{"not_picked":["Sucker Punch","Escape Plan"],"picked":"Venomology","floor":7.0},{"not_picked":["Deflect","Bane","Dodge and Roll"],"picked":"SKIP","floor":10.0},{"not_picked":["Distraction","Bane"],"picked":"Dagger Spray","floor":11.0},{"not_picked":["Calculated Gamble","Sucker Punch"],"picked":"Adrenaline","floor":12.0},{"not_picked":["Heel Hook","Endless Agony","Deflect"],"picked":"SKIP","floor":13.0},{"not_picked":["Sucker Punch","Masterful Stab"],"picked":"Calculated Gamble","floor":14.0},{"not_picked":["Envenom","Tools of the Trade"],"picked":"Night Terror","floor":16.0},{"not_picked":["Catalyst","Accuracy"],"picked":"Well Laid Plans","floor":18.0},{"not_picked":["PiercingWail","Poisoned Stab","Riddle With Holes"],"picked":"SKIP","floor":21},{"not_picked":["Poisoned Stab","Riddle With Holes"],"picked":"PiercingWail","floor":21}],"player_experience":4243674,"relics_obtained":[{"floor":7.0,"key":"Regal Pillow"},{"floor":10.0,"key":"Letter Opener"},{"floor":12.0,"key":"Ginger"}],"event_choices":[{"damage_healed":0.0,"max_hp_gain":0.0,"max_hp_loss":0.0,"gold_gain":0.0,"event_name":"Golden Idol","player_choice":"Take Damage","floor":2.0,"gold_loss":0.0,"damage_taken":23.0,"relics_obtained":["Golden Idol"]},{"damage_healed":0.0,"max_hp_gain":0.0,"max_hp_loss":0.0,"gold_gain":0.0,"event_name":"Lab","player_choice":"Got Potions","floor":5.0,"gold_loss":0.0,"damage_taken":0.0},{"damage_healed":0,"gold_gain":0,"player_choice":"Ignored","damage_taken":0,"max_hp_gain":0,"max_hp_loss":0,"event_name":"The Mausoleum","floor":19,"gold_loss":0},{"cards_removed":["Calculated Gamble"],"damage_healed":0,"gold_gain":0,"player_choice":"Gave Card","damage_taken":0,"relics_obtained":["Sundial"],"max_hp_gain":0,"max_hp_loss":0,"event_name":"WeMeetAgain","floor":20,"gold_loss":0}],"is_beta":false,"boss_relics":[{"not_picked":["White Beast Statue","Philosopher\u0027s Stone"],"picked":"Fusion Hammer"}],"items_purged_floors":[4],"is_endless":false,"potions_floor_spawned":[1,7,10,13,14],"killed_by":"Shelled Parasite and Fungi","ascension_level":20}