{"gold_per_floor":[109,126,142,37,37,37,63,63,63,63,74,91,101,130,130,207,207,227,277,277,277,277,277,296,296,342,342,374,78,78,93,93,93],"floor_reached":33,"playtime":1089,"items_purged":["Bash"],"score":546,"play_id":"bcb982fe-5727-459d-a74a-90a1823fba24","local_time":"20190602125500","is_ascension_mode":true,"campfire_choices":[{"data":"Armaments","floor":6.0,"key":"SMITH"},{"data":"Hemokinesis","floor":8.0,"key":"SMITH"},{"data":"Second Wind","floor":10.0,"key":"SMITH"},{"data":"Searing Blow","floor":15.0,"key":"SMITH"},{"floor":23.0,"key":"REST"},{"floor":27.0,"key":"REST"},{"floor":32,"key":"REST"}],"neow_cost":"NONE","seed_source_timestamp":71771050520752,"circlet_count":0,"master_deck":["AscendersBane","Strike_R","Strike_R","Defend_R","Defend_R","Defend_R","Defend_R","Hemokinesis+1","Shrug It Off","Armaments+1","Second Wind+1","Trip","Pain","Ghostly Armor","Feed","Searing Blow+1","Dark Embrace+1","Berserk+1","Bludgeon","Decay","Burning Pact","Battle Trance"],"special_seed":0,"relics":["Burning Blood","WarpedTongs","Orichalcum","Question Card","Frozen Egg 2","Velvet Choker","Pen Nib","Regal Pillow","ClockworkSouvenir"],"potions_floor_usage":[],"damage_taken":[{"damage":5.0,"enemies":"2 Louse","floor":1.0,"turns":3.0},{"damage":4.0,"enemies":"Cultist","floor":2.0,"turns":3.0},{"damage":8.0,"enemies":"Jaw Worm","floor":3.0,"turns":3.0},{"damage":41.0,"enemies":"3 Sentries","floor":7.0,"turns":14.0},{"damage":5.0,"enemies":"3 Louse","floor":11.0,"turns":5.0},{"damage":5.0,"enemies":"2 Fungi Beasts","floor":12.0,"turns":5.0},{"damage":9.0,"enemies":"Exordium Thugs","floor":13.0,"turns":6.0},{"damage":20.0,"enemies":"Lagavulin","floor":14.0,"turns":10.0},{"damage":17.0,"enemies":"Slime Boss","floor":16.0,"turns":7.0},{"damage":35.0,"enemies":"Spheric Guardian","floor":18.0,"turns":6.0},{"damage":21.0,"enemies":"Colosseum Slavers","floor":20.0,"turns":6.0},{"damage":25.0,"enemies":"Shell Parasite","floor":24.0,"turns":6.0},{"damage":32.0,"enemies":"Book of Stabbing","floor":28.0,"turns":4.0},{"damage":23,"enemies":"Snake Plant","floor":31,"turns":4},{"damage":56,"enemies":"Automaton","floor":33,"turns":6}],"seed_played":"4323659351489123443","potions_obtained":[{"floor":11.0,"key":"SteroidPotion"},{"floor":12.0,"key":"Block Potion"},{"floor":14.0,"key":"Fire Potion"},{"floor":24.0,"key":"SkillPotion"}],"is_trial":false,"path_per_floor":["M","M","M","$","?","R","E","R","T","R","M","M","M","E","R","B",null,"M","?","?","?","?","R","M","?","T","R","E","$","?","M","R","B"],"character_chosen":"IRONCLAD","items_purchased":["Trip","ClockworkSouvenir"],"campfire_rested":3,"item_purchase_floors":[4,29],"current_hp_per_floor":[69,71,69,69,69,69,34,34,34,34,35,36,36,22,22,15,65,36,36,25,25,25,50,31,31,31,56,30,30,30,13,53,0],"gold":93,"neow_bonus":"TRANSFORM_CARD","is_prod":false,"is_daily":false,"chose_seed":false,"campfire_upgraded":4,"win_rate":0,"timestamp":1559451300,"path_taken":["M","M","M","$","?","R","E","R","T","R","M","M","M","E","R","BOSS","M","?","?","?","?","R","M","?","T","R","E","$","?","M","R","BOSS"],"build_version":"2019-01-23","purchased_purges":1,"victory":false,"max_hp_per_floor":[75,75,75,75,75,75,75,75,75,75,75,75,78,78,78,82,82,82,82,86,86,86,86,86,86,86,86,86,86,86,86,86,86],"card_choices":[{"not_picked":["Warcry","Thunderclap"],"picked":"Shrug It Off","floor":1.0},{"not_picked":["Havoc","Sentinel"],"picked":"Armaments","floor":2.0},{"not_picked":["Rupture","Havoc"],"picked":"Second Wind","floor":3.0},{"not_picked":["Shrug It Off","Clash"],"picked":"Ghostly Armor","floor":7.0},{"not_picked":["Armaments","Thunderclap","Twin Strike","Sword Boomerang"],"picked":"SKIP","floor":11.0},{"not_picked":["Heavy Blade","Fire Breathing","Clothesline"],"picked":"Feed","floor":12.0},{"not_picked":["Cleave","Headbutt","Sword Boomerang"],"picked":"Searing Blow","floor":13.0},{"not_picked":["Sentinel","Iron Wave","Whirlwind","Headbutt"],"picked":"SKIP","floor":14.0},{"not_picked":["Berserk+1","Limit Break","Immolate"],"picked":"Dark Embrace+1","floor":16.0},{"not_picked":["Searing Blow","Rupture+1","Anger","Rage"],"picked":"SKIP","floor":18.0},{"not_picked":["Pummel","Havoc+1","Infernal Blade","Iron Wave"],"picked":"SKIP","floor":24.0},{"not_picked":["Hemokinesis+1","Anger","Inflame+1"],"picked":"Burning Pact","floor":28.0},{"not_picked":["Twin Strike","Heavy Blade","Rage","Blood for Blood"],"picked":"SKIP","floor":31}],"player_experience":5006625,"relics_obtained":[{"floor":7.0,"key":"Orichalcum"},{"floor":9.0,"key":"Question Card"},{"floor":14.0,"key":"Frozen Egg 2"},{"floor":26.0,"key":"Pen Nib"},{"floor":28.0,"key":"Regal Pillow"}],"event_choices":[{"damage_healed":0.0,"max_hp_gain":0.0,"max_hp_loss":0.0,"gold_gain":0.0,"event_name":"Accursed Blacksmith","player_choice":"Rummage","floor":5.0,"gold_loss":0.0,"damage_taken":0.0,"relics_obtained":["WarpedTongs"],"cards_obtained":["Pain"]},{"damage_healed":0.0,"max_hp_gain":0.0,"max_hp_loss":0.0,"gold_gain":50.0,"event_name":"Nest","player_choice":"Stole From Cult","floor":19.0,"gold_loss":0.0,"damage_taken":0.0},{"damage_healed":0.0,"max_hp_gain":0.0,"max_hp_loss":0.0,"gold_gain":0.0,"event_name":"Colosseum","player_choice":"Fight","floor":20.0,"gold_loss":0.0,"damage_taken":0.0},{"damage_healed":0.0,"max_hp_gain":0.0,"max_hp_loss":0.0,"gold_gain":0.0,"event_name":"Colosseum","player_choice":"Fled From Nobs","floor":20.0,"gold_loss":0.0,"damage_taken":0.0},{"damage_healed":0.0,"max_hp_gain":0.0,"max_hp_loss":0.0,"gold_gain":0.0,"cards_transformed":["Strike_R","Strike_R"],"event_name":"Drug Dealer","player_choice":"Became Test Subject","floor":21.0,"gold_loss":0.0,"damage_taken":0.0,"cards_obtained":["Berserk","Bludgeon"]},{"damage_healed":0.0,"max_hp_gain":0.0,"max_hp_loss":0.0,"gold_gain":0.0,"event_name":"Forgotten Altar","player_choice":"Smashed Altar","floor":22.0,"gold_loss":0.0,"damage_taken":0.0,"cards_obtained":["Decay"]},{"damage_healed":0.0,"max_hp_gain":0.0,"max_hp_loss":0.0,"gold_gain":0.0,"event_name":"Cursed Tome","player_choice":"Ignored","floor":25.0,"gold_loss":0.0,"damage_taken":0.0},{"damage_healed":0.0,"max_hp_gain":0.0,"max_hp_loss":0.0,"gold_gain":0.0,"event_name":"The Library","player_choice":"Read","floor":30.0,"gold_loss":0.0,"damage_taken":0.0,"cards_obtained":["Battle Trance"]}],"is_beta":false,"boss_relics":[{"not_picked":["White Beast Statue","Orrery"],"picked":"Velvet Choker"}],"items_purged_floors":[29],"is_endless":false,"potions_floor_spawned":[11,12,13,14,20,24],"killed_by":"Automaton","ascension_level":20}