{"gold_per_floor":[113,113,136,11,286,325,325,339,387,387,25,43,61,129,129,129],"floor_reached":16,"playtime":285,"items_purged":["Strike_R","Regret"],"score":270,"play_id":"e7b874fd-121b-4453-9fe8-4caf8aefd620","local_time":"20190805145259","is_ascension_mode":true,"campfire_choices":[{"data":"Armaments","floor":7.0,"key":"SMITH"},{"data":"Inflame","floor":10.0,"key":"SMITH"},{"data":"Body Slam","floor":15,"key":"SMITH"}],"neow_cost":"NONE","seed_source_timestamp":770122924274800,"circlet_count":0,"master_deck":["AscendersBane","Strike_R","Strike_R","Strike_R","Strike_R","Defend_R","Defend_R","Defend_R","Defend_R","Bash","Flex","Armaments+1","Inflame+1","True Grit+1","Body Slam+1"],"special_seed":0,"relics":["Burning Blood","NeowsBlessing","Golden Idol","PreservedInsect","Blood Vial","Toxic Egg 2","Tiny Chest"],"potions_floor_usage":[16],"damage_taken":[{"damage":0.0,"enemies":"Small Slimes","floor":1.0,"turns":1.0},{"damage":0.0,"enemies":"2 Louse","floor":3.0,"turns":1.0},{"damage":0.0,"enemies":"Lagavulin","floor":6.0,"turns":1.0},{"damage":9.0,"enemies":"Cultist","floor":8.0,"turns":5.0},{"damage":41.0,"enemies":"Gremlin Gang","floor":12.0,"turns":4.0},{"damage":3,"enemies":"Looter","floor":13,"turns":4},{"damage":11,"enemies":"3 Sentries","floor":14,"turns":7},{"damage":37,"enemies":"Hexaghost","floor":16,"turns":7}],"seed_played":"3272037261671169033","potions_obtained":[{"floor":1.0,"key":"FairyPotion"},{"floor":6.0,"key":"Weak Potion"},{"floor":14,"key":"Fire Potion"}],"is_trial":false,"path_per_floor":["M","?","M","$","?","E","R","M","T","R","$","M","M","E","R","B"],"character_chosen":"IRONCLAD","items_purchased":["Armaments","Toxic Egg 2"],"campfire_rested":0,"item_purchase_floors":[4,11],"current_hp_per_floor":[74,48,54,54,54,60,60,57,57,57,57,24,29,26,26,0],"gold":129,"neow_bonus":"THREE_ENEMY_KILL","is_prod":false,"is_daily":false,"chose_seed":false,"campfire_upgraded":3,"win_rate":0,"timestamp":1564987979,"path_taken":["M","?","M","$","?","E","R","M","T","R","$","M","M","E","R","BOSS"],"build_version":"2019-07-17","purchased_purges":2,"victory":false,"max_hp_per_floor":[75,75,75,75,75,75,75,75,75,75,75,75,75,75,75,75],"card_choices":[{"not_picked":["Flame Barrier","Entrench","Warcry"],"picked":"SKIP","floor":1.0},{"not_picked":["Battle Trance","Pommel Strike"],"picked":"Flex","floor":3.0},{"not_picked":["Juggernaut","Clash"],"picked":"Inflame","floor":6.0},{"not_picked":["Clash","Cleave","Heavy Blade"],"picked":"SKIP","floor":8.0},{"not_picked":["Clash","Clothesline"],"picked":"True Grit+1","floor":12.0},{"not_picked":["Anger","Flex+1","Fire Breathing"],"picked":"SKIP","floor":13},{"not_picked":["Rage+1","Thunderclap"],"picked":"Body Slam","floor":14}],"player_experience":732673,"relics_obtained":[{"floor":6.0,"key":"PreservedInsect"},{"floor":9.0,"key":"Blood Vial"},{"floor":14,"key":"Tiny Chest"}],"event_choices":[{"damage_healed":0.0,"max_hp_gain":0.0,"max_hp_loss":0.0,"gold_gain":0.0,"event_name":"Golden Idol","player_choice":"Take Damage","floor":2.0,"gold_loss":0.0,"damage_taken":26.0,"relics_obtained":["Golden Idol"]},{"damage_healed":0.0,"max_hp_gain":0.0,"max_hp_loss":0.0,"gold_gain":275.0,"event_name":"Golden Shrine","player_choice":"Desecrate","floor":5.0,"gold_loss":0.0,"damage_taken":0.0,"cards_obtained":["Regret"]}],"is_beta":false,"boss_relics":[],"items_purged_floors":[4,11],"is_endless":false,"potions_floor_spawned":[1,6,14],"killed_by":"Hexaghost","ascension_level":20}