{"gold_per_floor":[113,1,13,13,29,29,55,55,109,137,137,137,160,7,7,100,100,123,123,123,144,19,19,40,63,63,88,88,88,88,109,109,202,202,217,550,550,570,585,615,625,660,660,233,233,247,264,264,264,264,264,264,264,32,65,65],"floor_reached":57,"playtime":7029,"items_purged":["Strike_G","Strike_G","Strike_G","Strike_G","Defend_G"],"score":2869,"play_id":"c2ecd2b4-6f20-48aa-b259-1204cf850ab7","local_time":"20190219133454","is_ascension_mode":true,"campfire_choices":[{"data":"Bouncing Flask","floor":6.0,"key":"SMITH"},{"data":"Well Laid Plans","floor":8.0,"key":"SMITH"},{"floor":12.0,"key":"REST"},{"data":"Noxious Fumes","floor":15.0,"key":"SMITH"},{"data":"Burst","floor":23.0,"key":"SMITH"},{"data":"Neutralize","floor":28.0,"key":"SMITH"},{"data":"Footwork","floor":32.0,"key":"SMITH"},{"data":"Acrobatics","floor":45,"key":"SMITH"},{"floor":49,"key":"RECALL"},{"data":"Tactician","floor":53,"key":"SMITH"}],"neow_cost":"TEN_PERCENT_HP_LOSS","seed_source_timestamp":12263383994404,"circlet_count":0,"master_deck":["AscendersBane","Defend_G","Defend_G","Defend_G","Survivor","Neutralize+1","Bouncing Flask+1","Well Laid Plans+1","Burst+1","Escape Plan","Noxious Fumes+1","Corpse Explosion","Well Laid Plans+1","Footwork+1","Caltrops+1","Tactician+1","Prepared+1","Acrobatics+1","Acrobatics","Calculated Gamble"],"special_seed":0,"relics":["Ring of the Snake","Blood Vial","Potion Belt","Oddly Smooth Stone","Coffee Dripper","Gremlin Horn","White Beast Statue","Darkstone Periapt","Strawberry","Omamori","Toy Ornithopter","Kunai"],"potions_floor_usage":[40,40,46,47,50,51,56,56,56,56],"damage_taken":[{"damage":3.0,"enemies":"Cultist","floor":1.0,"turns":5.0},{"damage":5.0,"enemies":"Small Slimes","floor":3.0,"turns":4.0},{"damage":2.0,"enemies":"2 Louse","floor":5.0,"turns":3.0},{"damage":30.0,"enemies":"Lagavulin","floor":7.0,"turns":8.0},{"damage":17.0,"enemies":"3 Sentries","floor":10.0,"turns":7.0},{"damage":9.0,"enemies":"Lots of Slimes","floor":13.0,"turns":7.0},{"damage":13.0,"enemies":"Slime Boss","floor":16.0,"turns":8.0},{"damage":0.0,"enemies":"Spheric Guardian","floor":18.0,"turns":2.0},{"damage":6.0,"enemies":"3 Byrds","floor":21.0,"turns":3.0},{"damage":9.0,"enemies":"3 Cultists","floor":24.0,"turns":4.0},{"damage":17.0,"enemies":"Shelled Parasite and Fungi","floor":25.0,"turns":6.0},{"damage":0.0,"enemies":"Centurion and Healer","floor":27.0,"turns":5.0},{"damage":2.0,"enemies":"Snake Plant","floor":31.0,"turns":3.0},{"damage":0.0,"enemies":"Collector","floor":33.0,"turns":7.0},{"damage":6.0,"enemies":"3 Shapes","floor":35.0,"turns":3.0},{"damage":6.0,"enemies":"Orb Walker","floor":38.0,"turns":5.0},{"damage":2.0,"enemies":"Maw","floor":39.0,"turns":7.0},{"damage":12,"enemies":"Nemesis","floor":40,"turns":3},{"damage":27,"enemies":"Writhing Mass","floor":41,"turns":5},{"damage":0,"enemies":"Giant Head","floor":42,"turns":8},{"damage":0,"enemies":"4 Shapes","floor":46,"turns":3},{"damage":2,"enemies":"Transient","floor":47,"turns":6},{"damage":4,"enemies":"Donu and Deca","floor":50,"turns":11},{"damage":10,"enemies":"Awakened One","floor":51,"turns":16},{"damage":0,"enemies":"Shield and Spear","floor":55,"turns":2},{"damage":52,"enemies":"The Heart","floor":56,"turns":8}],"seed_played":"-4354538972734708006","potions_obtained":[{"floor":1.0,"key":"Fire Potion"},{"floor":3.0,"key":"AttackPotion"},{"floor":21.0,"key":"Poison Potion"},{"floor":24.0,"key":"Energy Potion"},{"floor":25.0,"key":"PowerPotion"},{"floor":35.0,"key":"Strength Potion"},{"floor":38.0,"key":"Strength Potion"},{"floor":39.0,"key":"SkillPotion"},{"floor":40,"key":"Explosive Potion"},{"floor":41,"key":"Explosive Potion"},{"floor":42,"key":"SpeedPotion"},{"floor":46,"key":"Weak Potion"},{"floor":47,"key":"PowerPotion"},{"floor":48,"key":"Dexterity Potion"},{"floor":48,"key":"Dexterity Potion"},{"floor":55,"key":"Poison Potion"}],"is_trial":false,"path_per_floor":["M","$","M","?","M","R","E","R","T","E","?","R","M","$","R","B",null,"M","?","?","M","$","R","M","M","T","M","R","$","?","M","R","B",null,"M","?","?","M","M","E","M","E","T","$","R","M","M","?","R","B","B",null,"R","$","E","B",null],"character_chosen":"THE_SILENT","items_purchased":["Well Laid Plans","Block Potion","Acrobatics","Toy Ornithopter","AttackPotion"],"campfire_rested":1,"item_purchase_floors":[2,14,44,44,54],"current_hp_per_floor":[56,56,51,51,49,49,19,19,19,4,4,20,13,13,13,2,41,43,43,43,39,39,39,32,17,17,19,19,19,19,19,19,21,46,42,42,42,38,38,35,10,12,12,12,12,19,24,24,24,27,24,52,52,52,54,18],"gold":65,"neow_bonus":"REMOVE_TWO","is_prod":false,"is_daily":false,"chose_seed":false,"campfire_upgraded":8,"win_rate":0,"timestamp":1550554494,"path_taken":["M","$","M","?","M","R","E","R","T","E","?","R","M","$","R","BOSS","M","?","?","?","$","R","M","M","T","M","R","$","?","M","R","BOSS","M","?","?","M","M","E","M","E","T","$","R","M","?","?","R","BOSS","BOSS","R","$","E","BOSS"],"build_version":"2019-01-23","purchased_purges":5,"victory":true,"max_hp_per_floor":[60,60,60,60,60,60,60,60,60,60,54,54,54,54,54,54,54,54,54,54,54,54,54,54,54,54,54,54,54,54,54,54,54,54,54,54,54,54,54,61,61,61,61,61,61,61,61,61,61,61,61,61,61,61,61,61],"card_choices":[{"not_picked":["Calculated Gamble","Blade Dance"],"picked":"Bouncing Flask","floor":1.0},{"not_picked":["Outmaneuver","Deflect","Poisoned Stab"],"picked":"SKIP","floor":3.0},{"not_picked":["Dagger Throw","Backstab","Masterful Stab"],"picked":"SKIP","floor":5.0},{"not_picked":["Phantasmal Killer","Acrobatics"],"picked":"Burst","floor":7.0},{"not_picked":["All Out Attack","Cloak And Dagger"],"picked":"Escape Plan","floor":10.0},{"not_picked":["Setup","Flying Knee"],"picked":"Noxious Fumes","floor":13.0},{"not_picked":["Wraith Form v2","Venomology"],"picked":"Corpse Explosion","floor":16.0},{"not_picked":["Slice","Expertise","Blade Dance"],"picked":"SKIP","floor":18.0},{"not_picked":["PiercingWail","Acrobatics","Dagger Throw"],"picked":"SKIP","floor":21.0},{"not_picked":["Backflip","Quick Slash"],"picked":"Footwork","floor":24.0},{"not_picked":["Finisher","Dagger Throw"],"picked":"Caltrops+1","floor":25.0},{"not_picked":["Choke+1","Flying Knee","Underhanded Strike"],"picked":"SKIP","floor":27.0},{"not_picked":["Distraction","Terror","Underhanded Strike"],"picked":"SKIP","floor":31.0},{"not_picked":["Deflect","Dagger Spray"],"picked":"Prepared+1","floor":35.0},{"not_picked":["Prepared","Quick Slash+1"],"picked":"Acrobatics","floor":38.0},{"not_picked":["Poisoned Stab+1","Masterful Stab","Blade Dance"],"picked":"SKIP","floor":39.0},{"not_picked":["Expertise","Terror+1","Sucker Punch"],"picked":"SKIP","floor":40},{"not_picked":["Blade Dance","Dagger Throw","Slice"],"picked":"SKIP","floor":41},{"not_picked":["Finisher+1","Riddle With Holes","Quick Slash+1"],"picked":"SKIP","floor":42},{"not_picked":["Deadly Poison+1","Prepared","Riddle With Holes"],"picked":"SKIP","floor":46},{"not_picked":["Slice","Flechettes"],"picked":"Calculated Gamble","floor":47},{"not_picked":["Skewer","Die Die Die","Outmaneuver"],"picked":"SKIP","floor":55},{"not_picked":["Skewer","Die Die Die","Outmaneuver"],"picked":"SKIP","floor":55}],"player_experience":2942721,"relics_obtained":[{"floor":7.0,"key":"Blood Vial"},{"floor":9.0,"key":"Potion Belt"},{"floor":10.0,"key":"Oddly Smooth Stone"},{"floor":26.0,"key":"Gremlin Horn"},{"floor":40,"key":"Strawberry"},{"floor":42,"key":"Omamori"},{"floor":55,"key":"Kunai"}],"event_choices":[{"damage_healed":0.0,"max_hp_gain":0.0,"max_hp_loss":0.0,"gold_gain":0.0,"event_name":"The Cleric","player_choice":"Leave","floor":4.0,"gold_loss":0.0,"damage_taken":0.0},{"damage_healed":0.0,"max_hp_gain":0.0,"max_hp_loss":6.0,"gold_gain":0.0,"event_name":"Golden Idol","player_choice":"Lose Max HP","floor":11.0,"gold_loss":0.0,"damage_taken":0.0,"relics_obtained":["Golden Idol"]},{"damage_healed":0.0,"max_hp_gain":0.0,"max_hp_loss":0.0,"gold_gain":0.0,"event_name":"The Mausoleum","player_choice":"Ignored","floor":19.0,"gold_loss":0.0,"damage_taken":0.0},{"damage_healed":0.0,"max_hp_gain":0.0,"max_hp_loss":0.0,"gold_gain":0.0,"event_name":"Duplicator","player_choice":"Copied","floor":20.0,"gold_loss":0.0,"damage_taken":0.0,"cards_obtained":["Well Laid Plans"]},{"damage_healed":0.0,"max_hp_gain":0.0,"max_hp_loss":0.0,"gold_gain":0.0,"event_name":"The Library","player_choice":"Read","floor":30.0,"gold_loss":0.0,"damage_taken":0.0,"cards_obtained":["Tactician"]},{"damage_healed":0.0,"max_hp_gain":0.0,"max_hp_loss":0.0,"gold_gain":333.0,"event_name":"The Moai Head","player_choice":"Gave Idol","floor":36.0,"relics_lost":["Golden Idol"],"gold_loss":0.0,"damage_taken":0.0},{"damage_healed":0.0,"max_hp_gain":0.0,"max_hp_loss":0.0,"gold_gain":0.0,"event_name":"WeMeetAgain","player_choice":"Gave Potion","floor":37.0,"gold_loss":0.0,"damage_taken":0.0,"relics_obtained":["Darkstone Periapt"]},{"damage_healed":0,"gold_gain":0,"player_choice":"Got Potions","damage_taken":0,"max_hp_gain":0,"max_hp_loss":0,"event_name":"Lab","floor":48,"gold_loss":0}],"is_beta":false,"boss_relics":[{"not_picked":["Velvet Choker","Fusion Hammer"],"picked":"Coffee Dripper"},{"not_picked":["Lizard Tail","Ring of the Serpent"],"picked":"White Beast Statue"}],"items_purged_floors":[2,14,22,44,54],"is_endless":false,"potions_floor_spawned":[1,3,21,24,25,35,38,39,40,41,42,46,47,55],"ascension_level":20}