{"gold_per_floor":[119,119,194,194,212,212,242,242,242,269,269,304,1,19,19,90,90,102,17,36,136,61,61,61,61,84,60,110,143,143,162,162,236,236,246,261,272,45,64,64,96,96,123,23,38,63,63,81,81,81,81,81,81,81,107,107],"floor_reached":57,"playtime":3066,"items_purged":["Strike_B","Strike_B"],"score":3293,"play_id":"cb503856-23d1-4c34-a2ac-2fa8af67f926","local_time":"20190417083856","is_ascension_mode":true,"campfire_choices":[{"data":"Biased Cognition","floor":6.0,"key":"SMITH"},{"data":"Coolheaded","floor":8.0,"key":"SMITH"},{"data":"Zap","floor":11.0,"key":"SMITH"},{"data":"Capacitor","floor":15.0,"key":"SMITH"},{"data":"Loop","floor":23.0,"key":"SMITH"},{"floor":25.0,"key":"REST"},{"floor":30.0,"key":"REST"},{"data":"Panacea","floor":32.0,"key":"SMITH"},{"data":"Skim","floor":40,"key":"SMITH"},{"data":"Turbo","floor":42,"key":"SMITH"},{"floor":49,"key":"RECALL"},{"data":"Buffer","floor":53,"key":"SMITH"}],"neow_cost":"TEN_PERCENT_HP_LOSS","seed_source_timestamp":96666521169120,"circlet_count":0,"master_deck":["AscendersBane","Strike_B+1","Defend_B","Defend_B","Defend_B","Defend_B+1","Zap+1","Dualcast","Biased Cognition+1","White Noise","Chill+1","Coolheaded+1","Electrodynamics","Capacitor+1","Panacea+1","Master of Strategy+1","Echo Form","Loop+1","Turbo+1","Buffer+1","Skim+1","Hologram+1"],"special_seed":0,"relics":["Cracked Core","Art of War","Incense Burner","Calipers","Busted Crown","Molten Egg 2","Torii","PreservedInsect","War Paint","Runic Pyramid","Medical Kit","Bag of Preparation","Juzu Bracelet","Mummified Hand","Bronze Scales"],"potions_floor_usage":[56,56],"damage_taken":[{"damage":0.0,"enemies":"Small Slimes","floor":1.0,"turns":3.0},{"damage":0.0,"enemies":"Cultist","floor":5.0,"turns":3.0},{"damage":0.0,"enemies":"3 Sentries","floor":10.0,"turns":6.0},{"damage":2.0,"enemies":"Lagavulin","floor":12.0,"turns":8.0},{"damage":0.0,"enemies":"2 Louse","floor":14.0,"turns":2.0},{"damage":0.0,"enemies":"The Guardian","floor":16.0,"turns":8.0},{"damage":0.0,"enemies":"3 Byrds","floor":18.0,"turns":2.0},{"damage":0.0,"enemies":"Spheric Guardian","floor":20.0,"turns":4.0},{"damage":24.0,"enemies":"Colosseum Slavers","floor":21.0,"turns":4.0},{"damage":7.0,"enemies":"Colosseum Nobs","floor":21.0,"turns":3.0},{"damage":15.0,"enemies":"Book of Stabbing","floor":29.0,"turns":4.0},{"damage":0.0,"enemies":"Centurion and Healer","floor":31.0,"turns":4.0},{"damage":15.0,"enemies":"Automaton","floor":33.0,"turns":8.0},{"damage":1.0,"enemies":"3 Darklings","floor":35.0,"turns":5.0},{"damage":0.0,"enemies":"Orb Walker","floor":36.0,"turns":4.0},{"damage":0.0,"enemies":"4 Shapes","floor":37.0,"turns":3.0},{"damage":0,"enemies":"3 Darklings","floor":39,"turns":3},{"damage":0,"enemies":"Reptomancer","floor":41,"turns":4},{"damage":0,"enemies":"Maw","floor":45,"turns":4},{"damage":0,"enemies":"Nemesis","floor":46,"turns":5},{"damage":0,"enemies":"Spire Growth","floor":48,"turns":4},{"damage":0,"enemies":"Awakened One","floor":50,"turns":5},{"damage":0,"enemies":"Time Eater","floor":51,"turns":30},{"damage":13,"enemies":"Shield and Spear","floor":55,"turns":5},{"damage":39,"enemies":"The Heart","floor":56,"turns":8}],"seed_played":"-8905659315205642052","potions_obtained":[{"floor":5.0,"key":"Explosive Potion"},{"floor":10.0,"key":"AttackPotion"},{"floor":14.0,"key":"Weak Potion"},{"floor":16.0,"key":"Energy Potion"},{"floor":21.0,"key":"FocusPotion"},{"floor":37,"key":"Strength Potion"},{"floor":41,"key":"FocusPotion"}],"is_trial":false,"path_per_floor":["M","?","?","?","M","R","?","R","T","E","R","E","$","M","R","B",null,"M","?","M","?","$","R","?","R","T","$","?","E","R","M","R","B",null,"M","M","M","$","M","R","E","R","T","$","M","E","?","M","R","B","B",null,"R","$","E","B",null],"character_chosen":"DEFECT","items_purchased":["Panacea","Master of Strategy","Turbo","Medical Kit"],"campfire_rested":2,"item_purchase_floors":[13,13,27,38],"current_hp_per_floor":[64,45,34,34,34,34,34,34,34,34,34,32,32,32,32,32,56,56,56,56,25,25,25,8,28,28,28,28,13,33,33,33,18,56,55,55,55,55,55,55,55,55,55,55,55,55,51,51,51,51,51,65,65,65,52,13],"gold":107,"neow_bonus":"THREE_RARE_CARDS","is_prod":false,"is_daily":false,"chose_seed":false,"campfire_upgraded":9,"win_rate":0,"timestamp":1555461536,"path_taken":["M","?","?","?","?","R","?","R","T","E","R","E","$","M","R","BOSS","M","?","M","?","$","R","?","R","T","$","?","E","R","M","R","BOSS","M","?","?","?","M","R","E","R","T","$","M","E","?","M","R","BOSS","BOSS","R","$","E","BOSS"],"build_version":"2019-01-23","purchased_purges":2,"victory":true,"max_hp_per_floor":[64,64,64,64,64,64,64,64,64,64,64,64,64,64,64,64,64,64,64,64,64,64,64,69,69,69,69,69,69,69,69,69,69,69,69,69,69,69,69,69,69,69,69,69,69,69,69,69,69,69,69,69,69,69,69,69],"card_choices":[{"not_picked":["Meteor Strike","Creative AI"],"picked":"Biased Cognition","floor":0.0},{"not_picked":["Compile Driver","Beam Cell"],"picked":"White Noise","floor":1.0},{"not_picked":["Melter","Go for the Eyes"],"picked":"Coolheaded","floor":5.0},{"not_picked":["Sweeping Beam","Turbo"],"picked":"Electrodynamics","floor":10.0},{"not_picked":["Conserve Battery","Double Energy"],"picked":"Capacitor","floor":12.0},{"not_picked":["Beam Cell","Rebound","Go for the Eyes"],"picked":"SKIP","floor":14.0},{"not_picked":["Electrodynamics","Machine Learning"],"picked":"Echo Form","floor":16.0},{"not_picked":["Cold Snap"],"picked":"SKIP","floor":18.0},{"not_picked":["Auto Shields"],"picked":"SKIP","floor":20.0},{"not_picked":[],"picked":"Loop","floor":21.0},{"not_picked":["Turbo"],"picked":"SKIP","floor":29.0},{"not_picked":["Fusion"],"picked":"SKIP","floor":31.0},{"not_picked":[],"picked":"Buffer","floor":33.0},{"not_picked":[],"picked":"Skim","floor":35.0},{"not_picked":["Turbo"],"picked":"SKIP","floor":36.0},{"not_picked":[],"picked":"Hologram+1","floor":37},{"not_picked":["Redo"],"picked":"SKIP","floor":39},{"not_picked":["Doom and Gloom+1"],"picked":"SKIP","floor":41},{"not_picked":["Ball Lightning+1"],"picked":"SKIP","floor":45},{"not_picked":["Stack+1"],"picked":"SKIP","floor":46},{"not_picked":["Steam"],"picked":"SKIP","floor":48},{"not_picked":["Sweeping Beam+1"],"picked":"SKIP","floor":55}],"player_experience":4354163,"relics_obtained":[{"floor":10.0,"key":"Incense Burner"},{"floor":12.0,"key":"Calipers"},{"floor":21.0,"key":"Torii"},{"floor":26.0,"key":"PreservedInsect"},{"floor":29.0,"key":"War Paint"},{"floor":41,"key":"Bag of Preparation"},{"floor":43,"key":"Juzu Bracelet"},{"floor":46,"key":"Mummified Hand"},{"floor":55,"key":"Bronze Scales"}],"event_choices":[{"damage_healed":0.0,"max_hp_gain":0.0,"max_hp_loss":0.0,"gold_gain":0.0,"event_name":"Shining Light","player_choice":"Entered Light","floor":2.0,"gold_loss":0.0,"damage_taken":19.0,"cards_upgraded":["Strike_B","Defend_B"]},{"damage_healed":0.0,"max_hp_gain":0.0,"max_hp_loss":0.0,"gold_gain":75.0,"event_name":"World of Goop","player_choice":"Gather Gold","floor":3.0,"gold_loss":0.0,"damage_taken":11.0},{"damage_healed":0.0,"max_hp_gain":0.0,"max_hp_loss":0.0,"gold_gain":0.0,"cards_transformed":["Strike_B"],"event_name":"Transmorgrifier","player_choice":"Transformed","floor":4.0,"gold_loss":0.0,"damage_taken":0.0,"cards_obtained":["Chill"]},{"damage_healed":0.0,"max_hp_gain":0.0,"max_hp_loss":0.0,"gold_gain":30.0,"event_name":"Dead Adventurer","player_choice":"Searched \u00273\u0027 times","floor":7.0,"gold_loss":0.0,"damage_taken":0.0,"relics_obtained":["Art of War"]},{"damage_healed":0.0,"max_hp_gain":0.0,"max_hp_loss":0.0,"gold_gain":0.0,"event_name":"Addict","player_choice":"Obtained Relic","floor":19.0,"gold_loss":85.0,"damage_taken":0.0,"relics_obtained":["Molten Egg 2"]},{"damage_healed":0.0,"max_hp_gain":0.0,"max_hp_loss":0.0,"gold_gain":0.0,"event_name":"Colosseum","player_choice":"Fight","floor":21.0,"gold_loss":0.0,"damage_taken":0.0},{"damage_healed":0.0,"max_hp_gain":0.0,"max_hp_loss":0.0,"gold_gain":0.0,"event_name":"Colosseum","player_choice":"Fought Nobs","floor":21.0,"gold_loss":0.0,"damage_taken":0.0},{"damage_healed":0.0,"max_hp_gain":5.0,"max_hp_loss":0.0,"gold_gain":0.0,"event_name":"Forgotten Altar","player_choice":"Shed Blood","floor":24.0,"gold_loss":0.0,"damage_taken":22.0},{"damage_healed":0.0,"max_hp_gain":0.0,"max_hp_loss":0.0,"gold_gain":50.0,"event_name":"Golden Shrine","player_choice":"Pray","floor":28.0,"gold_loss":0.0,"damage_taken":0.0},{"damage_healed":0,"gold_gain":0,"player_choice":"Bought 0 Potions","damage_taken":0,"max_hp_gain":0,"max_hp_loss":0,"event_name":"The Woman in Blue","floor":47,"gold_loss":0}],"is_beta":false,"boss_relics":[{"not_picked":["Sozu","Orrery"],"picked":"Busted Crown"},{"not_picked":["Coffee Dripper","Snecko Eye"],"picked":"Runic Pyramid"}],"items_purged_floors":[22,44],"is_endless":false,"potions_floor_spawned":[5,10,14,16,21,21,37,41,45,48],"ascension_level":20}