{"gold_per_floor":[110,126,126,126,126,126,161,161,161,179,179,206,216,216,216,288,288,308,233,251,31,50,50,50],"floor_reached":24,"playtime":552,"items_purged":[],"score":458,"play_id":"348eaf22-d87b-4017-8ccb-10829c40c45c","local_time":"20190709014114","is_ascension_mode":true,"campfire_choices":[{"data":"Dagger Spray","floor":6.0,"key":"SMITH"},{"data":"Malaise","floor":8.0,"key":"SMITH"},{"data":"Terror","floor":11.0,"key":"SMITH"},{"data":"Deadly Poison","floor":15.0,"key":"SMITH"},{"data":"Calculated Gamble","floor":23,"key":"SMITH"}],"neow_cost":"NONE","seed_source_timestamp":887250981334500,"circlet_count":0,"master_deck":["AscendersBane","Strike_G","Strike_G","Strike_G","Defend_G","Defend_G","Defend_G","Defend_G","Defend_G","Survivor","Neutralize","Dagger Spray+1","Malaise+1","Terror+1","Well Laid Plans","Deadly Poison+1","Calculated Gamble+1"],"special_seed":0,"relics":["Ring of the Snake","NeowsBlessing","Dream Catcher","Omamori","Molten Egg 2","PreservedInsect","Runic Dome","Lee\u0027s Waffle"],"potions_floor_usage":[],"damage_taken":[{"damage":0.0,"enemies":"Jaw Worm","floor":1.0,"turns":1.0},{"damage":0.0,"enemies":"Small Slimes","floor":2.0,"turns":1.0},{"damage":0.0,"enemies":"Gremlin Nob","floor":7.0,"turns":1.0},{"damage":1.0,"enemies":"Cultist","floor":10.0,"turns":4.0},{"damage":32.0,"enemies":"3 Sentries","floor":12.0,"turns":9.0},{"damage":0.0,"enemies":"Blue Slaver","floor":13.0,"turns":4.0},{"damage":14.0,"enemies":"The Guardian","floor":16.0,"turns":12.0},{"damage":9,"enemies":"Shell Parasite","floor":18,"turns":5},{"damage":23,"enemies":"Spheric Guardian","floor":20,"turns":5},{"damage":30,"enemies":"3 Cultists","floor":22,"turns":6},{"damage":43,"enemies":"Shelled Parasite and Fungi","floor":24,"turns":5}],"seed_played":"-3385745060782192502","potions_obtained":[{"floor":2.0,"key":"Poison Potion"},{"floor":10.0,"key":"FearPotion"},{"floor":20,"key":"EssenceOfSteel"}],"is_trial":false,"path_per_floor":["M","M","?","?","?","R","E","R","T","M","R","E","M","?","R","B",null,"M","?","M","$","M","R","M"],"character_chosen":"THE_SILENT","items_purchased":["Lee\u0027s Waffle"],"campfire_rested":0,"item_purchase_floors":[21],"current_hp_per_floor":[59,59,59,54,54,54,54,54,54,53,53,21,21,21,21,7,51,42,42,19,73,43,43,0],"gold":50,"neow_bonus":"THREE_ENEMY_KILL","is_prod":false,"is_daily":false,"chose_seed":false,"campfire_upgraded":5,"win_rate":0,"timestamp":1562607674,"path_taken":["M","M","?","?","?","R","E","R","T","?","R","E","M","?","R","BOSS","M","?","M","$","M","R","M"],"build_version":"2019-07-05","purchased_purges":0,"victory":false,"max_hp_per_floor":[66,66,66,66,66,66,66,66,66,66,66,66,66,66,66,66,66,66,66,66,73,73,73,73],"card_choices":[{"not_picked":["Poisoned Stab","Heel Hook","Blade Dance"],"picked":"SKIP","floor":1.0},{"not_picked":["Endless Agony","PiercingWail"],"picked":"Dagger Spray","floor":2.0},{"not_picked":["Dagger Throw","Riddle With Holes","Bane"],"picked":"SKIP","floor":7.0},{"not_picked":["Flying Knee+1","Backflip"],"picked":"Terror","floor":10.0},{"not_picked":["Flying Knee+1","Night Terror"],"picked":"Well Laid Plans","floor":12.0},{"not_picked":["Distraction","Escape Plan"],"picked":"Deadly Poison","floor":13.0},{"not_picked":["Poisoned Stab+1","Bane+1"],"picked":"Calculated Gamble","floor":18},{"not_picked":["Slice+1","Dagger Spray+1","Dash+1"],"picked":"SKIP","floor":20},{"not_picked":["Bane+1","Sucker Punch+1","Distraction"],"picked":"SKIP","floor":22}],"player_experience":648662,"relics_obtained":[{"floor":7.0,"key":"Molten Egg 2"},{"floor":12.0,"key":"PreservedInsect"}],"event_choices":[{"damage_healed":0.0,"max_hp_gain":0.0,"max_hp_loss":0.0,"gold_gain":0.0,"cards_transformed":["Strike_G"],"event_name":"Living Wall","player_choice":"Change","floor":3.0,"gold_loss":0.0,"damage_taken":0.0,"cards_obtained":["Malaise"]},{"damage_healed":0.0,"max_hp_gain":0.0,"max_hp_loss":0.0,"gold_gain":0.0,"event_name":"Scrap Ooze","player_choice":"Success","floor":4.0,"gold_loss":0.0,"damage_taken":5.0,"relics_obtained":["Dream Catcher"]},{"damage_healed":0.0,"max_hp_gain":0.0,"max_hp_loss":0.0,"gold_gain":0.0,"event_name":"WeMeetAgain","player_choice":"Gave Potion","floor":5.0,"gold_loss":0.0,"damage_taken":0.0,"relics_obtained":["Omamori"]},{"damage_healed":0.0,"max_hp_gain":0.0,"max_hp_loss":0.0,"gold_gain":0.0,"event_name":"Liars Game","player_choice":"Ignored","floor":14.0,"gold_loss":0.0,"damage_taken":0.0},{"cards_removed":["Strike_G"],"damage_healed":0,"gold_gain":0,"player_choice":"Gave Gold","damage_taken":0,"max_hp_gain":0,"max_hp_loss":0,"event_name":"Beggar","floor":19,"gold_loss":75}],"is_beta":false,"boss_relics":[{"not_picked":["Orrery","WristBlade"],"picked":"Runic Dome"}],"items_purged_floors":[],"is_endless":false,"potions_floor_spawned":[2,10,20],"killed_by":"Shelled Parasite and Fungi","ascension_level":20}