{"gold_per_floor":[17,17,17,17,17,17,38,54,101,101,115,34,53,74,74,164,164,178,98,132,132,151,174,174,99,177,177,190,234,234,134,134,227,227,245,268,143,201,224,224,267,267,292,292,312,336,372,386,386,386,386,386,386,280,315,315],"floor_reached":57,"playtime":3089,"items_purged":["Strike_G","Strike_G","Strike_G","Defend_G"],"score":3015,"play_id":"defd08dc-eee0-4a84-8fd6-3d3cd523f551","local_time":"20190720204744","is_ascension_mode":true,"campfire_choices":[{"data":"Survivor","floor":6.0,"key":"SMITH"},{"data":"Noxious Fumes","floor":10.0,"key":"SMITH"},{"data":"Footwork","floor":15.0,"key":"SMITH"},{"data":"Well Laid Plans","floor":24.0,"key":"SMITH"},{"data":"Acrobatics","floor":27.0,"key":"SMITH"},{"data":"Tactician","floor":30,"key":"SMITH"},{"data":"Wraith Form v2","floor":32,"key":"SMITH"},{"data":"Strike_G","floor":40,"key":"PURGE"},{"data":"Defend_G","floor":42,"key":"PURGE"},{"data":"Defend_G","floor":44,"key":"PURGE"},{"floor":49,"key":"RECALL"},{"data":"Defend_G","floor":53,"key":"PURGE"}],"neow_cost":"NO_GOLD","seed_source_timestamp":13197539518417,"circlet_count":0,"master_deck":["AscendersBane","Defend_G","Survivor+1","Neutralize+1","Wraith Form v2+1","Noxious Fumes+1","Footwork+1","Grand Finale+1","Backflip","Well Laid Plans+1","Calculated Gamble","Wraith Form v2+1","Acrobatics+1","Tactician+1","Adrenaline"],"special_seed":0,"relics":["Ring of the Snake","Golden Idol","Ornamental Fan","Bronze Scales","Orrery","Red Mask","Meat on the Bone","Eternal Feather","Peace Pipe","Smiling Mask","Whetstone","Oddly Smooth Stone","Strawberry","Incense Burner"],"potions_floor_usage":[29,56,56],"damage_taken":[{"damage":3.0,"enemies":"Small Slimes","floor":1.0,"turns":4.0},{"damage":0.0,"enemies":"2 Louse","floor":7.0,"turns":4.0},{"damage":0.0,"enemies":"Jaw Worm","floor":8.0,"turns":6.0},{"damage":3.0,"enemies":"Large Slime","floor":11.0,"turns":7.0},{"damage":1.0,"enemies":"Exordium Thugs","floor":13.0,"turns":5.0},{"damage":3.0,"enemies":"Red Slaver","floor":14.0,"turns":5.0},{"damage":22.0,"enemies":"Hexaghost","floor":16.0,"turns":12.0},{"damage":8.0,"enemies":"Spheric Guardian","floor":18.0,"turns":4.0},{"damage":2.0,"enemies":"2 Thieves","floor":19.0,"turns":4.0},{"damage":0.0,"enemies":"Masked Bandits","floor":20.0,"turns":2.0},{"damage":4.0,"enemies":"Sentry and Sphere","floor":22.0,"turns":7.0},{"damage":3.0,"enemies":"Centurion and Healer","floor":23.0,"turns":5.0},{"damage":0.0,"enemies":"3 Cultists","floor":28.0,"turns":2.0},{"damage":3,"enemies":"Slavers","floor":29,"turns":5},{"damage":2,"enemies":"Champ","floor":33,"turns":14},{"damage":2,"enemies":"3 Darklings","floor":35,"turns":3},{"damage":10,"enemies":"3 Shapes","floor":36,"turns":6},{"damage":6,"enemies":"2 Orb Walkers","floor":38,"turns":6},{"damage":0,"enemies":"Giant Head","floor":41,"turns":3},{"damage":0,"enemies":"Writhing Mass","floor":45,"turns":3},{"damage":0,"enemies":"3 Darklings","floor":46,"turns":2},{"damage":0,"enemies":"Reptomancer","floor":47,"turns":2},{"damage":0,"enemies":"Spire Growth","floor":48,"turns":3},{"damage":0,"enemies":"Time Eater","floor":50,"turns":6},{"damage":0,"enemies":"Donu and Deca","floor":51,"turns":3},{"damage":0,"enemies":"Shield and Spear","floor":55,"turns":2},{"damage":23,"enemies":"The Heart","floor":56,"turns":5}],"seed_played":"2875656233040103555","potions_obtained":[{"floor":7.0,"key":"LiquidBronze"},{"floor":8.0,"key":"GamblersBrew"},{"floor":18.0,"key":"GhostInAJar"},{"floor":20.0,"key":"GhostInAJar"},{"floor":29,"key":"Dexterity Potion"}],"is_trial":false,"path_per_floor":["M","?","?","?","T","R","M","M","T","R","M","$","M","M","R","B",null,"M","M","?","?","M","M","R","$","T","R","M","E","R","$","R","B",null,"M","M","$","?","T","R","E","R","T","R","M","M","E","M","R","B","B",null,"R","$","E","B",null],"character_chosen":"THE_SILENT","items_purchased":["Footwork","Swift Potion"],"campfire_rested":0,"item_purchase_floors":[12,54],"current_hp_per_floor":[56,56,38,31,31,31,31,31,31,31,28,28,27,24,24,2,46,38,36,36,33,29,26,26,26,26,26,26,23,23,23,23,33,53,51,41,41,35,35,47,47,56,56,60,60,60,67,67,67,67,67,67,67,67,67,44],"gold":315,"neow_bonus":"THREE_RARE_CARDS","is_prod":false,"is_daily":false,"chose_seed":false,"campfire_upgraded":7,"win_rate":0,"timestamp":1563626864,"path_taken":["M","?","?","?","?","R","M","M","T","R","M","$","M","M","R","BOSS","M","M","?","?","M","?","R","?","T","R","M","E","R","$","R","BOSS","M","M","$","?","?","R","E","R","T","R","M","?","E","M","R","BOSS","BOSS","R","$","E","BOSS"],"build_version":"2019-07-17","purchased_purges":4,"victory":true,"max_hp_per_floor":[66,60,60,60,60,60,60,60,60,60,60,60,60,60,60,60,60,60,60,60,60,60,60,60,60,60,60,60,60,60,60,60,60,60,60,60,60,60,60,60,60,60,60,60,60,60,67,67,67,67,67,67,67,67,67,67],"card_choices":[{"not_picked":["Doppelganger","Phantasmal Killer"],"picked":"Wraith Form v2","floor":0.0},{"not_picked":["Sucker Punch","Cloak And Dagger","Concentrate"],"picked":"SKIP","floor":1.0},{"not_picked":["Bane","Deadly Poison"],"picked":"Noxious Fumes","floor":7.0},{"not_picked":["Slice","Sucker Punch","Heel Hook"],"picked":"SKIP","floor":8.0},{"not_picked":["Acrobatics","Poisoned Stab","Sucker Punch"],"picked":"SKIP","floor":11.0},{"not_picked":["Prepared","Outmaneuver","Underhanded Strike"],"picked":"SKIP","floor":13.0},{"not_picked":["Flechettes","Reflex","Eviscerate"],"picked":"SKIP","floor":14.0},{"not_picked":["Storm of Steel","Glass Knife"],"picked":"Grand Finale","floor":16.0},{"not_picked":["Prepared","Noxious Fumes"],"picked":"Backflip","floor":17.0},{"not_picked":["Outmaneuver","PiercingWail"],"picked":"Well Laid Plans","floor":17.0},{"not_picked":["Bane","Poisoned Stab"],"picked":"Calculated Gamble","floor":17.0},{"not_picked":["Crippling Poison","Prepared"],"picked":"Wraith Form v2","floor":18.0},{"not_picked":["Skewer","Dodge and Roll"],"picked":"Acrobatics","floor":19.0},{"not_picked":["Underhanded Strike","Deflect"],"picked":"Tactician","floor":22.0},{"not_picked":["Leg Sweep+1","Blade Dance","Reflex"],"picked":"SKIP","floor":23.0},{"not_picked":["Blur","Endless Agony","Crippling Poison"],"picked":"SKIP","floor":28.0},{"not_picked":["Dagger Throw","Bouncing Flask","Blade Dance"],"picked":"SKIP","floor":29},{"not_picked":["Venomology","Phantasmal Killer"],"picked":"Adrenaline","floor":33},{"not_picked":["Sucker Punch+1","Dagger Throw+1","Deadly Poison"],"picked":"SKIP","floor":35},{"not_picked":["Expertise+1","Dagger Spray","Dagger Throw"],"picked":"SKIP","floor":36},{"not_picked":["All Out Attack","Caltrops","Burst"],"picked":"SKIP","floor":41},{"not_picked":["Calculated Gamble+1","Footwork","Bane"],"picked":"SKIP","floor":45},{"not_picked":["Deadly Poison","Bane","Expertise"],"picked":"SKIP","floor":46},{"not_picked":["Accuracy","Bane","Heel Hook+1"],"picked":"SKIP","floor":47},{"not_picked":["PiercingWail","Blur","Underhanded Strike+1"],"picked":"SKIP","floor":48},{"not_picked":["All Out Attack+1","Expertise+1","Bane"],"picked":"SKIP","floor":55}],"player_experience":5807294,"relics_obtained":[{"floor":5.0,"key":"Ornamental Fan"},{"floor":9.0,"key":"Bronze Scales"},{"floor":20.0,"key":"Red Mask"},{"floor":29,"key":"Meat on the Bone"},{"floor":38,"key":"Peace Pipe"},{"floor":39,"key":"Smiling Mask"},{"floor":41,"key":"Whetstone"},{"floor":43,"key":"Oddly Smooth Stone"},{"floor":47,"key":"Strawberry"},{"floor":55,"key":"Incense Burner"}],"event_choices":[{"damage_healed":0.0,"max_hp_gain":0.0,"max_hp_loss":6.0,"gold_gain":0.0,"event_name":"Golden Idol","player_choice":"Lose Max HP","floor":2.0,"gold_loss":0.0,"damage_taken":0.0,"relics_obtained":["Golden Idol"]},{"damage_healed":0.0,"max_hp_gain":0.0,"max_hp_loss":0.0,"gold_gain":0.0,"event_name":"Shining Light","player_choice":"Entered Light","floor":3.0,"gold_loss":0.0,"damage_taken":18.0,"cards_upgraded":["Neutralize","Wraith Form v2"]},{"cards_removed":["Strike_G"],"damage_healed":0.0,"max_hp_gain":0.0,"max_hp_loss":0.0,"gold_gain":0.0,"event_name":"Golden Wing","player_choice":"Card Removal","floor":4.0,"gold_loss":0.0,"damage_taken":7.0},{"damage_healed":0.0,"max_hp_gain":0.0,"max_hp_loss":0.0,"gold_gain":0.0,"event_name":"Masked Bandits","player_choice":"Fought Bandits","floor":20.0,"gold_loss":0.0,"damage_taken":0.0},{"damage_healed":0.0,"max_hp_gain":0.0,"max_hp_loss":0.0,"gold_gain":0.0,"event_name":"The Woman in Blue","player_choice":"Bought 0 Potions","floor":21.0,"gold_loss":0.0,"damage_taken":0.0},{"damage_healed":0,"gold_gain":0,"player_choice":"Fight","damage_taken":0,"max_hp_gain":0,"max_hp_loss":0,"event_name":"Mysterious Sphere","floor":38,"gold_loss":0}],"is_beta":false,"boss_relics":[{"not_picked":["Sozu","Busted Crown"],"picked":"Orrery"},{"not_picked":["Velvet Choker","Philosopher\u0027s Stone"],"picked":"Eternal Feather"}],"items_purged_floors":[25,31,37,54],"is_endless":false,"potions_floor_spawned":[7,8,13,18,20,29,35,36,41],"ascension_level":20}