{"gold_per_floor":[111,123,123,48,48,75,75,93,93,93,18,30,30,130,130,229,229,243,243,243,253,253,253,264,264,288,288,305,131,230,249,249,352,352,366,366,386,402,77,77,77,77,102,119,154,154,4,22,22,22],"floor_reached":51,"playtime":1677,"items_purged":["Strike_G","Defend_G","Strike_G","Eviscerate+1"],"score":823,"play_id":"f2a85223-c158-45ec-9f88-425fe550ee3b","local_time":"20181023114443","is_ascension_mode":false,"campfire_choices":[{"data":"Catalyst","floor":7.0,"key":"SMITH"},{"data":"Envenom","floor":10.0,"key":"SMITH"},{"data":"Poisoned Stab","floor":13.0,"key":"SMITH"},{"data":"Footwork","floor":15.0,"key":"SMITH"},{"data":"Night Terror","floor":23,"key":"SMITH"},{"data":"Leg Sweep","floor":25,"key":"SMITH"},{"data":"Deadly Poison","floor":27,"key":"SMITH"},{"data":"Well Laid Plans","floor":32,"key":"SMITH"},{"data":"Malaise","floor":40,"key":"SMITH"},{"data":"Ghostly","floor":42,"key":"SMITH"},{"data":"Ghostly","floor":46,"key":"SMITH"},{"data":"Defend_G","floor":49,"key":"SMITH"}],"neow_cost":"NONE","seed_source_timestamp":7243981288369,"circlet_count":0,"master_deck":["Defend_G+1","Survivor","Neutralize","Poisoned Stab+1","Envenom+1","Leg Sweep+1","Catalyst+1","Footwork+1","Night Terror+1","Ghostly+1","Ghostly+1","Ghostly+1","Ghostly","Ghostly+1","Cloak And Dagger","Flechettes","Deadly Poison+1","Backflip+1","Well Laid Plans+1","Dodge and Roll+1","Malaise+1","Heel Hook+1","Venomology+1","Catalyst+1","Burning Pact+1","Parasite"],"special_seed":0,"relics":["Ring of the Snake","NeowsBlessing","Pocketwatch","Runic Dome","War Paint","Astrolabe","PrismaticShard","Lantern","Toxic Egg 2"],"potions_floor_usage":[18,35,37,38,44,45,48,50,50,50,50],"damage_taken":[{"damage":0.0,"enemies":"Cultist","floor":1.0,"turns":1.0},{"damage":0.0,"enemies":"2 Louse","floor":2.0,"turns":1.0},{"damage":0.0,"enemies":"Lagavulin","floor":6.0,"turns":1.0},{"damage":0.0,"enemies":"Jaw Worm","floor":8.0,"turns":3.0},{"damage":7.0,"enemies":"Looter","floor":12.0,"turns":3.0},{"damage":19.0,"enemies":"Slime Boss","floor":16.0,"turns":8.0},{"damage":8,"enemies":"3 Byrds","floor":18,"turns":9},{"damage":1,"enemies":"Shell Parasite","floor":21,"turns":7},{"damage":0,"enemies":"Centurion and Healer","floor":24,"turns":6},{"damage":4,"enemies":"Cultist and Chosen","floor":28,"turns":7},{"damage":1,"enemies":"Shelled Parasite and Fungi","floor":31,"turns":5},{"damage":0,"enemies":"Automaton","floor":33,"turns":7},{"damage":13,"enemies":"3 Darklings","floor":35,"turns":7},{"damage":0,"enemies":"Orb Walker","floor":37,"turns":5},{"damage":0,"enemies":"Spire Growth","floor":38,"turns":5},{"damage":0,"enemies":"4 Shapes","floor":44,"turns":9},{"damage":0,"enemies":"Reptomancer","floor":45,"turns":6},{"damage":0,"enemies":"Writhing Mass","floor":48,"turns":3},{"damage":4,"enemies":"Donu and Deca","floor":50,"turns":11}],"seed_played":"-6209844383196959758","potions_obtained":[{"floor":6.0,"key":"Swift Potion"},{"floor":8.0,"key":"Swift Potion"},{"floor":12.0,"key":"Energy Potion"},{"floor":16.0,"key":"Energy Potion"},{"floor":18,"key":"Energy Potion"},{"floor":38,"key":"Swift Potion"},{"floor":48,"key":"EntropicBrew"}],"is_trial":false,"path_per_floor":["M","M","?","$","?","E","R","M","T","R","$","M","R","?","R","B",null,"M","?","?","M","?","R","M","R","T","R","M","$","?","M","R","B",null,"M","?","M","M","$","R","?","R","T","M","E","R","$","M","R","B"],"character_chosen":"THE_SILENT","items_purchased":["Footwork","Well Laid Plans","PrismaticShard"],"campfire_rested":0,"item_purchase_floors":[11,29,39],"current_hp_per_floor":[70,70,70,70,75,75,75,75,75,75,75,68,68,68,68,49,75,67,37,37,36,36,36,36,36,36,36,32,32,32,31,31,31,37,24,24,24,24,24,24,24,24,24,24,24,24,24,24,24,35],"gold":22,"neow_bonus":"THREE_ENEMY_KILL","is_prod":false,"is_daily":false,"chose_seed":false,"campfire_upgraded":12,"win_rate":0,"timestamp":1540266283,"path_taken":["M","M","?","$","?","E","R","M","T","R","?","M","R","?","R","BOSS","M","?","?","M","?","R","?","R","T","R","M","$","?","M","R","BOSS","M","?","M","M","$","R","?","R","T","M","E","R","$","M","R","BOSS"],"build_version":"2018-10-18","purchased_purges":4,"victory":true,"max_hp_per_floor":[70,70,70,70,75,75,75,75,75,75,75,75,75,75,75,75,75,75,37,37,37,37,37,37,37,37,37,37,37,37,37,37,37,37,37,37,37,37,37,37,35,35,35,35,35,35,35,35,35,35],"card_choices":[{"not_picked":["Blade Dance","Acrobatics"],"picked":"Poisoned Stab","floor":1.0},{"not_picked":["Choke","Quick Slash","Underhanded Strike"],"picked":"SKIP","floor":2.0},{"not_picked":["Infinite Blades","Acrobatics"],"picked":"Catalyst","floor":6.0},{"not_picked":["Expertise","Flechettes","Masterful Stab"],"picked":"SKIP","floor":8.0},{"not_picked":["Tactician","Sucker Punch","Prepared"],"picked":"SKIP","floor":12.0},{"not_picked":["Malaise","Envenom"],"picked":"Night Terror","floor":16.0},{"not_picked":["Dagger Spray","Deflect","Cloak And Dagger"],"picked":"SKIP","floor":18},{"not_picked":["Dagger Spray","Blade Dance+1","Accuracy"],"picked":"SKIP","floor":21},{"not_picked":["Backstab","Flying Knee"],"picked":"Deadly Poison","floor":24},{"not_picked":["Distraction","Outmaneuver"],"picked":"Backflip+1","floor":28},{"not_picked":["Prepared","Deflect"],"picked":"Dodge and Roll+1","floor":31},{"not_picked":["Storm of Steel","Grand Finale"],"picked":"Malaise","floor":33},{"not_picked":["Underhanded Strike","Bane+1","Cloak And Dagger"],"picked":"SKIP","floor":35},{"not_picked":["Blur+1","Infinite Blades+1"],"picked":"Catalyst+1","floor":37},{"not_picked":["Endless Agony+1","Cloak And Dagger+1","Poisoned Stab+1"],"picked":"SKIP","floor":38},{"not_picked":["Flex","Barrage","Cloak And Dagger+1"],"picked":"SKIP","floor":44},{"not_picked":["Beam Cell","Backstab+1"],"picked":"Burning Pact+1","floor":45},{"not_picked":["Metamorphosis+1","Clash","Sword Boomerang"],"picked":"SKIP","floor":48}],"player_experience":549169,"relics_obtained":[{"floor":6.0,"key":"Pocketwatch"},{"floor":26,"key":"War Paint"},{"floor":43,"key":"Lantern"},{"floor":45,"key":"Toxic Egg 2"}],"event_choices":[{"damage_healed":0.0,"max_hp_gain":0.0,"max_hp_loss":0.0,"gold_gain":0.0,"event_name":"Match and Keep!","player_choice":"2 cards matched","floor":3.0,"gold_loss":0.0,"damage_taken":0.0,"cards_obtained":["Envenom","Leg Sweep"]},{"damage_healed":0.0,"max_hp_gain":5.0,"max_hp_loss":0.0,"gold_gain":0.0,"event_name":"Big Fish","player_choice":"Donut","floor":5.0,"gold_loss":0.0,"damage_taken":0.0},{"damage_healed":0.0,"max_hp_gain":0.0,"max_hp_loss":0.0,"gold_gain":100.0,"event_name":"Golden Shrine","player_choice":"Pray","floor":14.0,"gold_loss":0.0,"damage_taken":0.0},{"damage_healed":0,"gold_gain":0,"player_choice":"Became a Ghost","damage_taken":0,"max_hp_gain":0,"max_hp_loss":38,"event_name":"Ghosts","floor":19,"gold_loss":0,"cards_obtained":["Ghostly","Ghostly","Ghostly","Ghostly","Ghostly"]},{"cards_removed":["Defend_G"],"damage_healed":0,"gold_gain":0,"player_choice":"Elegance","damage_taken":0,"max_hp_gain":0,"max_hp_loss":0,"event_name":"Back to Basics","floor":20,"gold_loss":0},{"damage_healed":0,"gold_gain":0,"cards_transformed":["Defend_G","Strike_G"],"player_choice":"Became Test Subject","damage_taken":0,"max_hp_gain":0,"max_hp_loss":0,"event_name":"Drug Dealer","floor":22,"gold_loss":0,"cards_obtained":["Cloak And Dagger","Flechettes"]},{"damage_healed":0,"gold_gain":99,"player_choice":"Stole From Cult","damage_taken":0,"max_hp_gain":0,"max_hp_loss":0,"event_name":"Nest","floor":30,"gold_loss":0},{"damage_healed":0,"gold_gain":0,"player_choice":"Ignored","damage_taken":0,"max_hp_gain":0,"max_hp_loss":0,"event_name":"Mysterious Sphere","floor":36,"gold_loss":0},{"damage_healed":0,"gold_gain":0,"player_choice":"Max HP","damage_taken":0,"max_hp_gain":0,"max_hp_loss":2,"event_name":"Winding Halls","floor":41,"gold_loss":0}],"is_beta":false,"boss_relics":[{"not_picked":["Ring of the Serpent","Pandora\u0027s Box"],"picked":"Runic Dome"},{"not_picked":["Fusion Hammer","Black Star"],"picked":"Astrolabe"}],"items_purged_floors":[4,29,39,47],"is_endless":false,"potions_floor_spawned":[6,8,12,16,18,31,38,45,48],"ascension_level":0}