{"gold_per_floor":[211,56,56,66,78,88,88,106,106,139,139,159,179,79,79,156,156,156],"floor_reached":18,"playtime":753,"items_purged":["Strike_G","Strike_G"],"score":428,"play_id":"fd3ae1ff-9149-4bdb-a156-9c8176a0ef91","local_time":"20190127155828","is_ascension_mode":true,"campfire_choices":[{"data":"Acrobatics","floor":7.0,"key":"SMITH"},{"data":"Noxious Fumes","floor":11.0,"key":"SMITH"},{"data":"Catalyst","floor":15.0,"key":"SMITH"}],"neow_cost":"NONE","seed_source_timestamp":8267706564615,"circlet_count":0,"master_deck":["AscendersBane","Defend_G","Defend_G","Defend_G","Defend_G","Defend_G","Strike_G","Strike_G","Survivor","Neutralize","Corpse Explosion","Tactician","Infinite Blades","Acrobatics+1","Noxious Fumes+1","Blade Dance","Catalyst+1","Burst"],"special_seed":0,"relics":["Ring of the Snake","Kunai","Strawberry","White Beast Statue"],"potions_floor_usage":[16],"damage_taken":[{"damage":0.0,"enemies":"Small Slimes","floor":1.0,"turns":4.0},{"damage":1.0,"enemies":"Cultist","floor":4.0,"turns":6.0},{"damage":8.0,"enemies":"Jaw Worm","floor":5.0,"turns":4.0},{"damage":6.0,"enemies":"3 Louse","floor":6.0,"turns":4.0},{"damage":18.0,"enemies":"Large Slime","floor":8.0,"turns":5.0},{"damage":25.0,"enemies":"Lagavulin","floor":10.0,"turns":9.0},{"damage":12.0,"enemies":"Lots of Slimes","floor":12.0,"turns":3.0},{"damage":0.0,"enemies":"3 Louse","floor":13.0,"turns":4.0},{"damage":0,"enemies":"Hexaghost","floor":16,"turns":7},{"damage":12,"enemies":"theJungle:Flameango_and_Byrd","floor":18,"turns":3}],"seed_played":"6742425180270158041","potions_obtained":[{"floor":4.0,"key":"Swift Potion"},{"floor":6.0,"key":"FairyPotion"},{"floor":13.0,"key":"GamblersBrew"}],"is_trial":false,"path_per_floor":["M","$","?","M","M","M","R","M","T","E","R","M","M","$","R","B",null,"M"],"character_chosen":"THE_SILENT","items_purchased":["Corpse Explosion"],"campfire_rested":0,"item_purchase_floors":[2],"current_hp_per_floor":[59,59,59,58,50,44,44,26,26,8,8,7,7,7,7,7,57,45],"gold":156,"neow_bonus":"HUNDRED_GOLD","is_prod":false,"is_daily":false,"chose_seed":false,"campfire_upgraded":3,"win_rate":0,"timestamp":1548575908,"path_taken":["M","$","?","?","M","M","R","M","T","E","R","M","?","$","R","BOSS","M"],"build_version":"2019-01-23","purchased_purges":2,"victory":false,"max_hp_per_floor":[66,66,66,66,66,66,66,66,66,73,73,73,73,73,73,73,73,73],"card_choices":[{"not_picked":["Backflip","Underhanded Strike","Crippling Poison"],"picked":"SKIP","floor":1.0},{"not_picked":["Reflex","All Out Attack"],"picked":"Tactician","floor":4.0},{"not_picked":["Poisoned Stab","Deflect","Infinite Blades"],"picked":"SKIP","floor":5.0},{"not_picked":["Poisoned Stab","Deflect"],"picked":"Infinite Blades","floor":5.0},{"not_picked":["Backflip","Skewer"],"picked":"Acrobatics","floor":6.0},{"not_picked":["Outmaneuver","Poisoned Stab","Cloak And Dagger"],"picked":"SKIP","floor":8.0},{"not_picked":["Dodge and Roll","Underhanded Strike"],"picked":"Noxious Fumes","floor":10.0},{"not_picked":["Quick Slash","Concentrate"],"picked":"Blade Dance","floor":12.0},{"not_picked":["Backflip","Bullet Time"],"picked":"Catalyst","floor":13.0},{"not_picked":["Night Terror","Adrenaline"],"picked":"Burst","floor":16}],"player_experience":2321243,"relics_obtained":[{"floor":9.0,"key":"Kunai"},{"floor":10.0,"key":"Strawberry"}],"event_choices":[{"cards_removed":["Strike_G"],"damage_healed":0.0,"max_hp_gain":0.0,"max_hp_loss":0.0,"gold_gain":0.0,"event_name":"Purifier","player_choice":"Purged","floor":3.0,"gold_loss":0.0,"damage_taken":0.0}],"is_beta":false,"boss_relics":[{"not_picked":["HoveringKite","Lizard Tail"],"picked":"White Beast Statue"}],"items_purged_floors":[2,14],"is_endless":false,"potions_floor_spawned":[4,6,13],"killed_by":"theJungle:Flameango_and_Byrd","ascension_level":20}