{"gold_per_floor":[113,132,142,155,167,167,167,92,92,92,116,129,129,145,145,238,238,259,159,84,104,104,104,128,128,128,128],"floor_reached":27,"playtime":893,"items_purged":["Strike_B","Strike_B"],"score":414,"play_id":"cdd202d2-368d-40ba-8183-6c043dcf3009","local_time":"20190205174917","is_ascension_mode":true,"campfire_choices":[{"data":"Sunder","floor":6.0,"key":"SMITH"},{"data":"Streamline","floor":13.0,"key":"SMITH"},{"data":"Dualcast","floor":15.0,"key":"SMITH"},{"floor":23,"key":"REST"},{"data":"Consume","floor":25,"key":"SMITH"}],"neow_cost":"TEN_PERCENT_HP_LOSS","seed_source_timestamp":12127753839421,"circlet_count":0,"master_deck":["AscendersBane","Strike_B","Defend_B","Defend_B","Defend_B","Zap","Dualcast+1","Hologram","Streamline+1","Sunder+1","FTL","Echo Form","Self Repair","Creative AI","Creative AI","Doom and Gloom","Consume+1"],"special_seed":0,"relics":["Cracked Core","WingedGreaves","Golden Idol","Snecko Eye","Pear"],"potions_floor_usage":[24],"damage_taken":[{"damage":1.0,"enemies":"Cultist","floor":1.0,"turns":3.0},{"damage":4.0,"enemies":"Jaw Worm","floor":2.0,"turns":4.0},{"damage":1.0,"enemies":"Small Slimes","floor":3.0,"turns":3.0},{"damage":14.0,"enemies":"Gremlin Gang","floor":4.0,"turns":3.0},{"damage":23.0,"enemies":"Large Slime","floor":5.0,"turns":5.0},{"damage":0.0,"enemies":"2 Fungi Beasts","floor":11.0,"turns":2.0},{"damage":1.0,"enemies":"Red Slaver","floor":12.0,"turns":3.0},{"damage":11.0,"enemies":"Blue Slaver","floor":14.0,"turns":3.0},{"damage":9.0,"enemies":"Slime Boss","floor":16.0,"turns":6.0},{"damage":17.0,"enemies":"Spheric Guardian","floor":18.0,"turns":4.0},{"damage":28.0,"enemies":"Shell Parasite","floor":21.0,"turns":3.0},{"damage":7,"enemies":"3 Cultists","floor":24,"turns":4},{"damage":44,"enemies":"Shelled Parasite and Fungi","floor":27,"turns":3}],"seed_played":"94650655964200244","potions_obtained":[{"floor":2.0,"key":"Fire Potion"},{"floor":4.0,"key":"Regen Potion"},{"floor":12.0,"key":"Fire Potion"},{"floor":14.0,"key":"Swift Potion"},{"floor":21.0,"key":"Strength Potion"}],"is_trial":false,"path_per_floor":["M","M","M","M","M","R","?","$","T","?","M","M","R","M","R","B",null,"M","$","?","M","?","R","M","R","T","M"],"character_chosen":"DEFECT","items_purchased":[],"campfire_rested":1,"item_purchase_floors":[],"current_hp_per_floor":[63,59,58,44,33,33,33,33,33,33,33,32,32,21,21,12,47,30,30,30,16,16,33,33,33,43,0],"gold":128,"neow_bonus":"ONE_RARE_RELIC","is_prod":false,"is_daily":false,"chose_seed":false,"campfire_upgraded":4,"win_rate":0,"timestamp":1549360157,"path_taken":["M","?","M","M","M","R","?","$","T","?","?","M","R","M","R","BOSS","M","$","?","M","?","R","?","R","T","M"],"build_version":"2019-01-23","purchased_purges":2,"victory":false,"max_hp_per_floor":[64,64,64,64,64,64,58,58,58,58,58,58,58,58,58,58,58,58,58,58,58,58,58,58,58,68,68],"card_choices":[{"not_picked":["Leap","Coolheaded"],"picked":"Hologram","floor":1.0},{"not_picked":["Sweeping Beam","Leap"],"picked":"Streamline","floor":2.0},{"not_picked":["Cold Snap","Stack"],"picked":"Sunder","floor":3.0},{"not_picked":["Barrage","Rebound","Conserve Battery"],"picked":"SKIP","floor":4.0},{"not_picked":["Rebound","Conserve Battery"],"picked":"FTL","floor":5.0},{"not_picked":["Leap","White Noise","Ball Lightning"],"picked":"SKIP","floor":11.0},{"not_picked":["Leap","Ball Lightning"],"picked":"Echo Form","floor":12.0},{"not_picked":["Leap","Steam"],"picked":"Self Repair","floor":14.0},{"not_picked":["Machine Learning","Reboot"],"picked":"Creative AI","floor":16.0},{"not_picked":["Steam","Redo","Barrage"],"picked":"SKIP","floor":18.0},{"not_picked":["FTL","Compile Driver+1","BootSequence"],"picked":"SKIP","floor":21.0},{"not_picked":["Rebound","Ball Lightning"],"picked":"Consume","floor":24}],"player_experience":2539911,"relics_obtained":[{"floor":26,"key":"Pear"}],"event_choices":[{"damage_healed":0.0,"max_hp_gain":0.0,"max_hp_loss":6.0,"gold_gain":0.0,"event_name":"Golden Idol","player_choice":"Lose Max HP","floor":7.0,"gold_loss":0.0,"damage_taken":0.0,"relics_obtained":["Golden Idol"]},{"cards_removed":["Strike_B"],"damage_healed":0.0,"max_hp_gain":0.0,"max_hp_loss":0.0,"gold_gain":0.0,"event_name":"Purifier","player_choice":"Purged","floor":10.0,"gold_loss":0.0,"damage_taken":0.0},{"cards_removed":["Defend_B"],"damage_healed":0.0,"max_hp_gain":0.0,"max_hp_loss":0.0,"gold_gain":0.0,"event_name":"Beggar","player_choice":"Gave Gold","floor":20.0,"gold_loss":75.0,"damage_taken":0.0},{"damage_healed":0,"gold_gain":0,"player_choice":"2 cards matched","damage_taken":0,"max_hp_gain":0,"max_hp_loss":0,"event_name":"Match and Keep!","floor":22,"gold_loss":0,"cards_obtained":["Creative AI","Doom and Gloom"]}],"is_beta":false,"boss_relics":[{"not_picked":["White Beast Statue","Busted Crown"],"picked":"Snecko Eye"}],"items_purged_floors":[8,19],"is_endless":false,"potions_floor_spawned":[2,4,12,14,21],"killed_by":"Shelled Parasite and Fungi","ascension_level":20}