{"gold_per_floor":[111,128,278,122,122,122,136,136,436,470,470,491,491],"floor_reached":13,"playtime":269,"items_purged":["Doubt"],"score":158,"play_id":"62f0b677-71cf-4b97-b8ff-ab40f09883a4","local_time":"20181012114157","is_ascension_mode":true,"campfire_choices":[{"data":"Zap","floor":6,"key":"SMITH"},{"data":"Defragment","floor":8,"key":"SMITH"}],"neow_cost":"NONE","seed_source_timestamp":129463085880328,"circlet_count":0,"master_deck":["Strike_B","Strike_B","Strike_B","Strike_B","Defend_B","Defend_B","Defend_B","Defend_B","Zap+1","Dualcast","AscendersBane","Electrodynamics","White Noise","Conserve Battery","Defragment+1","Glacier","Coolheaded"],"special_seed":0,"relics":["Cracked Core","Old Coin","Shuriken","Golden Idol"],"potions_floor_usage":[12,13],"damage_taken":[{"damage":3,"enemies":"2 Louse","floor":1,"turns":2},{"damage":0,"enemies":"Cultist","floor":2,"turns":3},{"damage":2,"enemies":"Small Slimes","floor":7,"turns":2},{"damage":13,"enemies":"Lagavulin","floor":10,"turns":6},{"damage":17,"enemies":"Exordium Thugs","floor":12,"turns":3},{"damage":23,"enemies":"Gremlin Nob","floor":13,"turns":3}],"seed_played":"56099842272306799","potions_obtained":[{"floor":1,"key":"Energy Potion"},{"floor":7,"key":"Poison Potion"}],"is_trial":false,"path_per_floor":["M","M","?","$","?","R","M","R","T","E","?","M"],"character_chosen":"DEFECT","items_purchased":["Defragment"],"campfire_rested":0,"item_purchase_floors":[4],"current_hp_per_floor":[61,61,61,61,51,51,49,49,49,36,36,19,0],"gold":491,"neow_bonus":"ONE_RANDOM_RARE_CARD","is_prod":false,"is_daily":false,"chose_seed":false,"campfire_upgraded":2,"win_rate":0,"timestamp":1539315717,"path_taken":["M","M","?","$","?","R","M","R","T","E","?","?","E"],"build_version":"2018-10-11","purchased_purges":1,"victory":false,"max_hp_per_floor":[71,71,71,71,71,71,71,71,71,71,64,64,64],"card_choices":[{"not_picked":["Redo","Steam"],"picked":"White Noise","floor":1},{"not_picked":["Streamline","Compile Driver"],"picked":"Conserve Battery","floor":2},{"not_picked":["Reinforced Body","Compile Driver","Conserve Battery"],"picked":"SKIP","floor":7},{"not_picked":["Leap","Beam Cell"],"picked":"Glacier","floor":10},{"not_picked":["Aggregate","Scrape"],"picked":"Coolheaded","floor":12}],"player_experience":300085,"relics_obtained":[{"floor":9,"key":"Old Coin"},{"floor":10,"key":"Shuriken"}],"event_choices":[{"event_name":"Liars Game","player_choice":"agreed","floor":3,"damage_taken":0},{"event_name":"Wheel of Change","player_choice":"Damage","floor":5,"damage_taken":0},{"event_name":"Golden Idol","player_choice":"Lose Max HP","floor":11,"damage_taken":0}],"is_beta":false,"boss_relics":[],"items_purged_floors":[4],"is_endless":false,"potions_floor_spawned":[1,7,10],"killed_by":"Gremlin Nob","ascension_level":18}