{"gold_per_floor":[117,117,127,7,26,26,52,52,52,52,52,68,68,108,108,232,232,232,232,232,61,61,61,61,61,61,61,61,61,61,61,61,61,61,61,61,61,61,61,61,61,61,61,61,61,61,61,61,61,61],"floor_reached":51,"playtime":1665,"items_purged":["Bash","Strike_R"],"score":882,"play_id":"f8e98ea2-1d3a-4a06-a784-33de8523b75b","local_time":"20190717181937","is_ascension_mode":false,"campfire_choices":[{"data":"Heavy Blade","floor":6.0,"key":"SMITH"},{"data":"Uppercut","floor":8.0,"key":"SMITH"},{"data":"Flex","floor":13.0,"key":"SMITH"},{"data":"Inflame","floor":15.0,"key":"SMITH"},{"floor":23.0,"key":"REST"},{"data":"Evolve","floor":25.0,"key":"SMITH"},{"data":"Thunderclap","floor":27.0,"key":"SMITH"},{"data":"Ghostly","floor":32.0,"key":"SMITH"},{"floor":40.0,"key":"REST"},{"data":"Barricade","floor":47,"key":"SMITH"},{"data":"Power Through","floor":49,"key":"SMITH"}],"neow_cost":"NONE","seed_source_timestamp":1890877227909,"circlet_count":0,"master_deck":["Inflame+1","Cleave+1","Heavy Blade+1","Flex+1","Uppercut+1","Thunderclap+1","True Grit+1","Flex+1","Ghostly+1","Ghostly+1","Ghostly+1","Ghostly+1","Ghostly+1","Limit Break+1","Perfected Strike+1","Sever Soul+1","Iron Wave+1","Evolve+1","Burning Pact+1","Barricade+1","Power Through+1"],"special_seed":0,"relics":["Burning Blood","Nunchaku","FossilizedHelix","Golden Idol","Letter Opener","Ectoplasm","Old Coin","Juzu Bracelet","Pandora\u0027s Box","Mark of the Bloom","Torii","Blue Candle","Meat on the Bone","Boot"],"potions_floor_usage":[],"damage_taken":[{"damage":10.0,"enemies":"Jaw Worm","floor":1.0,"turns":5.0},{"damage":1.0,"enemies":"Cultist","floor":3.0,"turns":4.0},{"damage":0.0,"enemies":"2 Louse","floor":5.0,"turns":2.0},{"damage":31.0,"enemies":"Lagavulin","floor":7.0,"turns":6.0},{"damage":0.0,"enemies":"Large Slime","floor":12.0,"turns":3.0},{"damage":13.0,"enemies":"3 Sentries","floor":14.0,"turns":7.0},{"damage":0.0,"enemies":"Slime Boss","floor":16.0,"turns":6.0},{"damage":4.0,"enemies":"3 Byrds","floor":18.0,"turns":3.0},{"damage":17.0,"enemies":"Shell Parasite","floor":20.0,"turns":4.0},{"damage":14.0,"enemies":"Centurion and Healer","floor":22.0,"turns":5.0},{"damage":0.0,"enemies":"Cultist and Chosen","floor":24.0,"turns":4.0},{"damage":25.0,"enemies":"Book of Stabbing","floor":28.0,"turns":5.0},{"damage":9.0,"enemies":"Automaton","floor":33.0,"turns":9.0},{"damage":2.0,"enemies":"Orb Walker","floor":35.0,"turns":4.0},{"damage":3.0,"enemies":"3 Shapes","floor":37.0,"turns":3.0},{"damage":0.0,"enemies":"Giant Head","floor":41.0,"turns":8.0},{"damage":2.0,"enemies":"Jaw Worm Horde","floor":44.0,"turns":5.0},{"damage":3,"enemies":"Reptomancer","floor":46,"turns":5},{"damage":2,"enemies":"Nemesis","floor":48,"turns":9},{"damage":3,"enemies":"Time Eater","floor":50,"turns":9}],"seed_played":"5393505597789511276","potions_obtained":[{"floor":3.0,"key":"Energy Potion"},{"floor":14.0,"key":"FearPotion"},{"floor":22.0,"key":"Fire Potion"},{"floor":24.0,"key":"Explosive Potion"},{"floor":35.0,"key":"Energy Potion"}],"is_trial":false,"path_per_floor":["M","?","M","$","M","R","E","R","T","?","?","M","R","E","R","B",null,"M","?","M","$","M","R","M","R","T","R","E","$","?","$","R","B",null,"M","$","M","?","?","R","E","$","T","M","?","E","R","E","R","B",null],"character_chosen":"IRONCLAD","items_purchased":["Heavy Blade","Evolve"],"campfire_rested":2,"item_purchase_floors":[4,21],"current_hp_per_floor":[76,76,80,80,80,80,55,55,55,55,55,61,61,54,54,60,74,74,60,49,49,41,64,70,70,70,70,51,51,39,39,39,36,39,39,39,39,39,39,39,39,39,39,37,37,34,34,32,32,29],"gold":61,"neow_bonus":"REMOVE_CARD","is_prod":false,"is_daily":false,"chose_seed":false,"campfire_upgraded":9,"win_rate":0,"timestamp":1563358777,"path_taken":["M","?","?","?","M","R","E","R","T","?","?","M","R","E","R","BOSS","M","?","M","$","M","R","M","R","T","R","E","$","?","?","R","BOSS","M","$","M","?","?","R","E","$","T","M","?","E","R","E","R","BOSS"],"build_version":"2019-07-05","purchased_purges":2,"victory":true,"max_hp_per_floor":[80,80,80,80,80,80,80,80,80,74,74,74,74,74,74,74,74,74,79,79,79,79,79,79,79,79,79,79,79,39,39,39,39,39,39,39,39,39,39,39,39,39,39,39,39,39,39,39,39,39],"card_choices":[{"not_picked":["Warcry","Havoc"],"picked":"Inflame","floor":1.0},{"not_picked":["Headbutt","Wild Strike"],"picked":"Cleave","floor":3.0},{"not_picked":["Body Slam","Perfected Strike"],"picked":"Flex","floor":5.0},{"not_picked":["Warcry","Perfected Strike"],"picked":"Uppercut","floor":7.0},{"not_picked":["Carnage","Combust","Pommel Strike"],"picked":"SKIP","floor":12.0},{"not_picked":["Iron Wave","Blood for Blood","Headbutt"],"picked":"SKIP","floor":14.0},{"not_picked":["Anger+1","Perfected Strike","Clothesline"],"picked":"SKIP","floor":18.0},{"not_picked":["Warcry","Uppercut"],"picked":"True Grit+1","floor":20.0},{"not_picked":["Headbutt","Wild Strike","Thunderclap"],"picked":"SKIP","floor":22.0},{"not_picked":["Searing Blow","Carnage","Flex"],"picked":"SKIP","floor":24.0},{"not_picked":["Brutality","Iron Wave"],"picked":"Flex+1","floor":28.0},{"not_picked":["Brutality","Berserk"],"picked":"Limit Break","floor":33.0},{"not_picked":["Havoc+1","Cleave+1","Body Slam+1"],"picked":"SKIP","floor":35.0},{"not_picked":["Rage+1","Headbutt+1","Warcry+1"],"picked":"SKIP","floor":37.0},{"not_picked":["Heavy Blade+1","Thunderclap"],"picked":"Barricade","floor":41.0},{"not_picked":["Warcry","Havoc+1","Whirlwind+1"],"picked":"SKIP","floor":44.0},{"not_picked":["Searing Blow","Clothesline"],"picked":"Power Through","floor":46},{"not_picked":["Juggernaut","Havoc","Perfected Strike"],"picked":"SKIP","floor":48}],"player_experience":5760397,"relics_obtained":[{"floor":7.0,"key":"Nunchaku"},{"floor":9.0,"key":"FossilizedHelix"},{"floor":14.0,"key":"Letter Opener"},{"floor":26.0,"key":"Old Coin"},{"floor":28.0,"key":"Juzu Bracelet"},{"floor":41.0,"key":"Torii"},{"floor":43.0,"key":"Blue Candle"},{"floor":46,"key":"Meat on the Bone"},{"floor":48,"key":"Boot"}],"event_choices":[{"cards_removed":["Strike_R"],"damage_healed":0.0,"max_hp_gain":0.0,"max_hp_loss":0.0,"gold_gain":0.0,"event_name":"Purifier","player_choice":"Purged","floor":2.0,"gold_loss":0.0,"damage_taken":0.0},{"damage_healed":0.0,"max_hp_gain":0.0,"max_hp_loss":6.0,"gold_gain":0.0,"event_name":"Golden Idol","player_choice":"Lose Max HP","floor":10.0,"gold_loss":0.0,"damage_taken":0.0,"relics_obtained":["Golden Idol"]},{"damage_healed":0.0,"max_hp_gain":0.0,"max_hp_loss":0.0,"gold_gain":0.0,"cards_transformed":["Strike_R"],"event_name":"Living Wall","player_choice":"Change","floor":11.0,"gold_loss":0.0,"damage_taken":0.0,"cards_obtained":["Thunderclap"]},{"damage_healed":0.0,"max_hp_gain":5.0,"max_hp_loss":0.0,"gold_gain":0.0,"event_name":"Forgotten Altar","player_choice":"Shed Blood","floor":19.0,"gold_loss":0.0,"damage_taken":19.0},{"damage_healed":0.0,"max_hp_gain":0.0,"max_hp_loss":40.0,"gold_gain":0.0,"event_name":"Ghosts","player_choice":"Became a Ghost","floor":30.0,"gold_loss":0.0,"damage_taken":0.0,"cards_obtained":["Ghostly","Ghostly","Ghostly","Ghostly","Ghostly"]},{"cards_removed":["Evolve"],"damage_healed":0.0,"max_hp_gain":0.0,"max_hp_loss":0.0,"gold_gain":0.0,"event_name":"Falling","player_choice":"Removed Power","floor":38.0,"gold_loss":0.0,"damage_taken":0.0},{"damage_healed":0.0,"max_hp_gain":0.0,"max_hp_loss":0.0,"gold_gain":0.0,"event_name":"MindBloom","player_choice":"Upgrade","floor":39.0,"gold_loss":0.0,"damage_taken":0.0,"cards_upgraded":["Cleave","Ghostly","Ghostly","Ghostly","Ghostly","Limit Break","Perfected Strike","Sever Soul","Iron Wave","Evolve","Burning Pact"],"relics_obtained":["Mark of the Bloom"]},{"damage_healed":0,"gold_gain":0,"player_choice":"Ignored","damage_taken":0,"max_hp_gain":0,"max_hp_loss":0,"event_name":"Mysterious Sphere","floor":45,"gold_loss":0}],"is_beta":false,"boss_relics":[{"not_picked":["Lizard Tail","Mark of Pain"],"picked":"Ectoplasm"},{"not_picked":["Black Blood","Snecko Eye"],"picked":"Pandora\u0027s Box"}],"items_purged_floors":[4,21],"is_endless":false,"potions_floor_spawned":[3,14,22,24,35,41,48],"ascension_level":0}