{"gold_per_floor":[368,368,388,388,36,36,66,66,90,90,109,127,49,68,68,146,146,164,164,164,180,180,180,205,205],"floor_reached":25,"playtime":1112,"items_purged":["Defend_G"],"score":438,"play_id":"aec2ad22-7cfb-4579-87ca-82768df2574e","local_time":"20190106193932","is_ascension_mode":true,"campfire_choices":[{"data":"Well Laid Plans","floor":6.0,"key":"SMITH"},{"data":"Neutralize","floor":8.0,"key":"SMITH"},{"floor":10.0,"key":"REST"},{"data":"Streamline","floor":15.0,"key":"SMITH"},{"floor":23.0,"key":"REST"}],"neow_cost":"PERCENT_DAMAGE","seed_source_timestamp":28553814140432,"circlet_count":0,"master_deck":["AscendersBane","Defend_G+1","Defend_G+1","Defend_G+1","Defend_G+1","Strike_G+1","Strike_G+1","Strike_G+1","Strike_G+1","Survivor","Neutralize+1","Well Laid Plans+1","Endless Agony","Calculated Gamble","Rage","Recycle","Streamline+1","Noxious Fumes+1","Flash of Steel","Echo Form","Armaments","Corpse Explosion","Second Wind"],"special_seed":0,"relics":["Ring of the Snake","PrismaticShard","Singing Bowl","Strawberry","Fusion Hammer","Darkstone Periapt"],"potions_floor_usage":[25],"damage_taken":[{"damage":1.0,"enemies":"Jaw Worm","floor":1.0,"turns":6.0},{"damage":0.0,"enemies":"2 Louse","floor":3.0,"turns":2.0},{"damage":18.0,"enemies":"Gremlin Nob","floor":7.0,"turns":4.0},{"damage":1.0,"enemies":"Small Slimes","floor":11.0,"turns":3.0},{"damage":23.0,"enemies":"Exordium Thugs","floor":12.0,"turns":7.0},{"damage":1.0,"enemies":"Blue Slaver","floor":14.0,"turns":5.0},{"damage":21.0,"enemies":"Slime Boss","floor":16.0,"turns":13.0},{"damage":3.0,"enemies":"Spheric Guardian","floor":18.0,"turns":6.0},{"damage":24.0,"enemies":"Chosen","floor":21.0,"turns":4.0},{"damage":51.0,"enemies":"Book of Stabbing","floor":24.0,"turns":7.0},{"damage":12,"enemies":"Sentry and Sphere","floor":25,"turns":4}],"seed_played":"-8484420309346911179","potions_obtained":[{"floor":3.0,"key":"Block Potion"},{"floor":7.0,"key":"Weak Potion"},{"floor":16.0,"key":"Swift Potion"},{"floor":21.0,"key":"EssenceOfSteel"},{"floor":24.0,"key":"Fire Potion"}],"is_trial":false,"path_per_floor":["M","?","M","?","$","R","E","R","T","R","M","M","$","M","R","B",null,"M","?","?","M","?","R","E","M"],"character_chosen":"THE_SILENT","items_purchased":["PrismaticShard","SteroidPotion","Noxious Fumes"],"campfire_rested":2,"item_purchase_floors":[5,5,13],"current_hp_per_floor":[43,43,43,43,43,43,25,25,32,53,52,29,29,28,28,7,57,56,56,56,32,32,54,3,0],"gold":205,"neow_bonus":"TWO_FIFTY_GOLD","is_prod":false,"is_daily":false,"chose_seed":false,"campfire_upgraded":3,"win_rate":0,"timestamp":1546774772,"path_taken":["M","?","M","?","?","R","E","R","T","R","M","M","$","M","R","BOSS","M","?","?","?","?","R","E","M"],"build_version":"2019-01-03v4","purchased_purges":1,"victory":false,"max_hp_per_floor":[66,66,66,66,66,66,66,66,73,73,73,73,73,73,73,73,73,75,75,75,75,75,75,75,75],"card_choices":[{"not_picked":["PiercingWail","Escape Plan"],"picked":"Well Laid Plans","floor":1.0},{"not_picked":["Bane","Cloak And Dagger"],"picked":"Calculated Gamble","floor":3.0},{"not_picked":["Slice","Gash"],"picked":"Rage","floor":7.0},{"not_picked":["Corruption","Searing Blow"],"picked":"Recycle","floor":11.0},{"not_picked":["Rip and Tear","Infinite Blades"],"picked":"Streamline","floor":12.0},{"not_picked":["Bane","Choke"],"picked":"Flash of Steel","floor":14.0},{"not_picked":["Electrodynamics","Amplify"],"picked":"Echo Form","floor":16.0},{"not_picked":["Quick Slash","Pummel","Warcry"],"picked":"Singing Bowl","floor":18.0},{"not_picked":["Anger","Conserve Battery"],"picked":"Armaments","floor":21.0},{"not_picked":["Ball Lightning+1","Terror"],"picked":"Second Wind","floor":24.0}],"player_experience":1790255,"relics_obtained":[{"floor":7.0,"key":"Singing Bowl"},{"floor":9.0,"key":"Strawberry"},{"floor":24.0,"key":"Darkstone Periapt"}],"event_choices":[{"damage_healed":0.0,"max_hp_gain":0.0,"max_hp_loss":0.0,"gold_gain":0.0,"cards_transformed":["Strike_G"],"event_name":"Living Wall","player_choice":"Change","floor":2.0,"gold_loss":0.0,"damage_taken":0.0,"cards_obtained":["Endless Agony"]},{"damage_healed":0.0,"max_hp_gain":0.0,"max_hp_loss":0.0,"gold_gain":0.0,"event_name":"Liars Game","player_choice":"Ignored","floor":4.0,"gold_loss":0.0,"damage_taken":0.0},{"damage_healed":0.0,"max_hp_gain":0.0,"max_hp_loss":0.0,"gold_gain":0.0,"event_name":"Back to Basics","player_choice":"Simplicity","floor":19.0,"gold_loss":0.0,"damage_taken":0.0,"cards_upgraded":["Defend_G","Defend_G","Defend_G","Defend_G","Strike_G","Strike_G","Strike_G","Strike_G"]},{"damage_healed":0.0,"max_hp_gain":0.0,"max_hp_loss":0.0,"gold_gain":0.0,"event_name":"Accursed Blacksmith","player_choice":"Forge","floor":20.0,"gold_loss":0.0,"damage_taken":0.0,"cards_upgraded":["Noxious Fumes"]},{"damage_healed":0.0,"max_hp_gain":0.0,"max_hp_loss":0.0,"gold_gain":0.0,"event_name":"Match and Keep!","player_choice":"1 cards matched","floor":22.0,"gold_loss":0.0,"damage_taken":0.0,"cards_obtained":["Corpse Explosion"]}],"is_beta":false,"boss_relics":[{"not_picked":["Philosopher\u0027s Stone","Calling Bell"],"picked":"Fusion Hammer"}],"items_purged_floors":[5],"is_endless":false,"potions_floor_spawned":[3,7,16,21,24],"killed_by":"Sentry and Sphere","ascension_level":20}