{"gold_per_floor":[362,378,378,108,383,232,232,248,248,259,434,445,128,128,128,228,228,243,243,210,210,210,210,226,226,280,300,104,114,114,144,144,247,247,257,257,276,276,296,296,146,146,146,146,176,176,276,294,294,294],"floor_reached":51,"playtime":1364,"items_purged":["Strike_G","Regret","Doubt","Strike_G"],"score":783,"play_id":"cef5f79c-d23d-46a1-9479-ae56912249ce","local_time":"20181031100727","is_ascension_mode":false,"campfire_choices":[{"data":"Deadly Poison","floor":7.0,"key":"SMITH"},{"data":"Glass Knife","floor":15.0,"key":"SMITH"},{"data":"Night Terror","floor":23.0,"key":"SMITH"},{"data":"Catalyst","floor":25.0,"key":"SMITH"},{"data":"Adrenaline","floor":30.0,"key":"SMITH"},{"data":"Neutralize","floor":32.0,"key":"SMITH"},{"data":"Catalyst","floor":40,"key":"SMITH"},{"data":"Glass Knife","floor":42,"key":"SMITH"},{"data":"Survivor","floor":44,"key":"SMITH"},{"data":"Prepared","floor":46,"key":"SMITH"},{"data":"Defend_G","floor":49,"key":"SMITH"}],"neow_cost":"PERCENT_DAMAGE","seed_source_timestamp":787425514411,"circlet_count":0,"master_deck":["Defend_G+1","Defend_G","Defend_G","Defend_G+1","Strike_G","Survivor+1","Neutralize+1","Backflip+1","Deadly Poison+1","Adrenaline+1","Glass Knife+1","Night Terror+1","Poisoned Stab+1","Prepared+1","Catalyst+1","Night Terror+1","Prepared+1","Glass Knife+1","Catalyst+1","Prepared+1","PiercingWail+1","PiercingWail+1"],"special_seed":0,"relics":["Ring of the Snake","ClockworkSouvenir","Darkstone Periapt","Runic Pyramid","Unceasing Top","War Paint","DollysMirror","Incense Burner","Empty Cage","Tough Bandages","Juzu Bracelet","Mango"],"potions_floor_usage":[35,50,50,50],"damage_taken":[{"damage":0.0,"enemies":"Small Slimes","floor":1.0,"turns":3.0},{"damage":0.0,"enemies":"Cultist","floor":2.0,"turns":5.0},{"damage":0.0,"enemies":"2 Louse","floor":8.0,"turns":2.0},{"damage":0.0,"enemies":"Exordium Wildlife","floor":10.0,"turns":4.0},{"damage":3.0,"enemies":"Lots of Slimes","floor":12.0,"turns":3.0},{"damage":34.0,"enemies":"Slime Boss","floor":16.0,"turns":10.0},{"damage":0.0,"enemies":"Chosen","floor":18.0,"turns":4.0},{"damage":9.0,"enemies":"2 Thieves","floor":20.0,"turns":5.0},{"damage":11.0,"enemies":"Snake Plant","floor":24.0,"turns":5.0},{"damage":1.0,"enemies":"Centurion and Healer","floor":27.0,"turns":4.0},{"damage":6.0,"enemies":"Shelled Parasite and Fungi","floor":29.0,"turns":4.0},{"damage":5.0,"enemies":"Gremlin Leader","floor":31.0,"turns":3.0},{"damage":37.0,"enemies":"Automaton","floor":33.0,"turns":8.0},{"damage":4,"enemies":"3 Darklings","floor":35,"turns":7},{"damage":0,"enemies":"Orb Walker","floor":37,"turns":3},{"damage":0,"enemies":"Writhing Mass","floor":39,"turns":2},{"damage":0,"enemies":"Reptomancer","floor":45,"turns":2},{"damage":0,"enemies":"Mind Bloom Boss Battle","floor":47,"turns":2},{"damage":0,"enemies":"Jaw Worm Horde","floor":48,"turns":4},{"damage":61,"enemies":"Awakened One","floor":50,"turns":5}],"seed_played":"-8236065832985586249","potions_obtained":[{"floor":1.0,"key":"SkillPotion"},{"floor":20.0,"key":"Dexterity Potion"},{"floor":29.0,"key":"LiquidBronze"},{"floor":31.0,"key":"Weak Potion"},{"floor":35,"key":"LiquidBronze"},{"floor":47,"key":"Poison Potion"}],"is_trial":false,"path_per_floor":["M","M","?","$","?","$","R","M","T","M","?","M","$","?","R","B",null,"M","?","M","?","T","R","M","R","T","M","$","M","R","E","R","B",null,"M","?","M","?","M","R","$","R","T","R","E","R","?","M","R","B"],"character_chosen":"THE_SILENT","items_purchased":["ClockworkSouvenir","Deadly Poison","Glass Knife","FearPotion","DollysMirror"],"campfire_rested":0,"item_purchase_floors":[4,6,13,13,28],"current_hp_per_floor":[49,49,49,49,49,49,49,49,49,49,55,52,52,45,45,11,76,76,76,67,67,67,67,56,56,56,55,55,49,49,44,44,7,76,72,72,72,72,72,72,72,72,72,72,72,72,86,86,86,25],"gold":294,"neow_bonus":"TWO_FIFTY_GOLD","is_prod":false,"is_daily":false,"chose_seed":false,"campfire_upgraded":11,"win_rate":0,"timestamp":1540951647,"path_taken":["M","M","?","$","?","$","R","M","T","?","?","M","$","?","R","BOSS","M","?","?","?","?","R","M","R","T","M","$","M","R","E","R","BOSS","M","?","M","?","M","R","$","R","T","R","E","R","?","M","R","BOSS"],"build_version":"2018-10-25v2","purchased_purges":4,"victory":true,"max_hp_per_floor":[70,70,70,70,70,70,70,70,70,70,76,76,76,76,76,76,76,76,76,76,76,76,76,76,76,76,76,76,76,76,76,76,76,76,76,76,76,76,76,76,76,76,76,76,76,76,90,90,90,90],"card_choices":[{"not_picked":["Heel Hook","Blade Dance","Outmaneuver"],"picked":"SKIP","floor":1.0},{"not_picked":["Deflect","Reflex"],"picked":"Backflip","floor":2.0},{"not_picked":["Quick Slash","Flying Knee","Dodge and Roll"],"picked":"SKIP","floor":8.0},{"not_picked":["Backflip","Dash"],"picked":"Adrenaline","floor":10.0},{"not_picked":["Quick Slash","Sucker Punch","Deflect"],"picked":"SKIP","floor":12.0},{"not_picked":["Adrenaline","After Image"],"picked":"Night Terror","floor":16.0},{"not_picked":["All Out Attack","Quick Slash"],"picked":"Poisoned Stab+1","floor":18.0},{"not_picked":["Backflip","Poisoned Stab"],"picked":"Prepared+1","floor":20.0},{"not_picked":["Predator+1","Dash"],"picked":"Catalyst","floor":24.0},{"not_picked":["Dagger Spray","Accuracy","Outmaneuver"],"picked":"SKIP","floor":27.0},{"not_picked":["Poisoned Stab","Dash","Slice"],"picked":"SKIP","floor":29.0},{"not_picked":["Finisher","Dagger Spray"],"picked":"Prepared+1","floor":31.0},{"not_picked":["Tools of the Trade","Phantasmal Killer"],"picked":"Glass Knife","floor":33.0},{"not_picked":["Sucker Punch","Leg Sweep"],"picked":"Catalyst","floor":35},{"not_picked":["Flying Knee","Prepared","Quick Slash+1"],"picked":"SKIP","floor":37},{"not_picked":["Flying Knee","Quick Slash+1"],"picked":"Prepared","floor":37},{"not_picked":["Deflect","Dash+1"],"picked":"PiercingWail+1","floor":39},{"not_picked":["Poisoned Stab","Choke","Cloak And Dagger"],"picked":"SKIP","floor":45},{"not_picked":["Dodge and Roll+1","Outmaneuver+1"],"picked":"PiercingWail+1","floor":47},{"not_picked":["Backstab","Backflip","Quick Slash+1"],"picked":"SKIP","floor":48}],"player_experience":763454,"relics_obtained":[{"floor":9.0,"key":"Darkstone Periapt"},{"floor":22.0,"key":"Unceasing Top"},{"floor":26.0,"key":"War Paint"},{"floor":31.0,"key":"Incense Burner"},{"floor":43,"key":"Tough Bandages"},{"floor":45,"key":"Juzu Bracelet"},{"floor":47,"key":"Mango"}],"event_choices":[{"damage_healed":0.0,"max_hp_gain":0.0,"max_hp_loss":0.0,"gold_gain":0.0,"event_name":"The Woman in Blue","player_choice":"Bought 0 Potions","floor":3.0,"gold_loss":0.0,"damage_taken":0.0},{"damage_healed":0.0,"max_hp_gain":0.0,"max_hp_loss":0.0,"gold_gain":275.0,"event_name":"Golden Shrine","player_choice":"Desecrate","floor":5.0,"gold_loss":0.0,"damage_taken":0.0,"cards_obtained":["Regret"]},{"damage_healed":0.0,"max_hp_gain":0.0,"max_hp_loss":0.0,"gold_gain":175.0,"event_name":"Liars Game","player_choice":"AGREE","floor":11.0,"gold_loss":0.0,"damage_taken":0.0,"cards_obtained":["Doubt"]},{"cards_removed":["Defend_G"],"damage_healed":0.0,"max_hp_gain":0.0,"max_hp_loss":0.0,"gold_gain":0.0,"event_name":"Golden Wing","player_choice":"Card Removal","floor":14.0,"gold_loss":0.0,"damage_taken":7.0},{"damage_healed":0.0,"max_hp_gain":0.0,"max_hp_loss":0.0,"gold_gain":0.0,"event_name":"Vampires","player_choice":"Ignored","floor":19.0,"gold_loss":0.0,"damage_taken":0.0},{"damage_healed":0.0,"max_hp_gain":0.0,"max_hp_loss":0.0,"gold_gain":0.0,"event_name":"Cursed Tome","player_choice":"Ignored","floor":21.0,"gold_loss":0.0,"damage_taken":0.0},{"damage_healed":0,"gold_gain":0,"player_choice":"Memory 1","damage_taken":0,"max_hp_gain":0,"max_hp_loss":0,"event_name":"SensoryStone","floor":36,"gold_loss":0},{"damage_healed":0,"gold_gain":0,"player_choice":"Ignored","damage_taken":0,"max_hp_gain":0,"max_hp_loss":0,"event_name":"Tomb of Lord Red Mask","floor":38,"gold_loss":0},{"damage_healed":0,"gold_gain":0,"player_choice":"Fight","damage_taken":0,"max_hp_gain":0,"max_hp_loss":0,"event_name":"MindBloom","floor":47,"gold_loss":0}],"is_beta":false,"boss_relics":[{"not_picked":["HoveringKite","Black Star"],"picked":"Runic Pyramid"},{"not_picked":["Pandora\u0027s Box","White Beast Statue"],"picked":"Empty Cage"}],"items_purged_floors":[4,6,13,41],"is_endless":false,"potions_floor_spawned":[1,20,29,31,35,47],"ascension_level":0}