{"gold_per_floor":[116,41,191,203,203,203,222,222,246,256,284,105,105,122,122,201,201,201,201,201,201,201,201,201,201,201,201,201],"floor_reached":28,"playtime":1860,"items_purged":["Strike_R","Strike_R"],"score":560,"play_id":"81e2fb7f-905f-4485-9a62-d20448606489","local_time":"20190807054057","is_ascension_mode":true,"campfire_choices":[{"data":"Uppercut","floor":6,"key":"SMITH"},{"data":"Flame Barrier","floor":8,"key":"SMITH"},{"data":"Hemokinesis","floor":13,"key":"SMITH"},{"floor":15,"key":"REST"},{"floor":23,"key":"REST"},{"data":"Body Slam","floor":25,"key":"SMITH"}],"neow_cost":"NONE","seed_source_timestamp":0,"circlet_count":0,"master_deck":["AscendersBane","Strike_R","Strike_R","Defend_R","Defend_R","Defend_R","Defend_R","Bash","Shrug It Off","Uppercut+1","Flame Barrier+1","Entrench","Iron Wave","Hemokinesis+1","Demon Form","Heavy Blade","Heavy Blade","Decay","Body Slam+1","Twin Strike"],"special_seed":0,"relics":["Burning Blood","Centennial Puzzle","Oddly Smooth Stone","Ectoplasm","Matryoshka"],"potions_floor_usage":[11,11,16,16,24,24,24,24],"damage_taken":[{"damage":13,"enemies":"Small Slimes","floor":1,"turns":6},{"damage":9,"enemies":"2 Louse","floor":4,"turns":4},{"damage":0,"enemies":"Cultist","floor":7,"turns":3},{"damage":12,"enemies":"Blue Slaver","floor":10,"turns":3},{"damage":27,"enemies":"3 Sentries","floor":11,"turns":7},{"damage":12,"enemies":"Exordium Thugs","floor":14,"turns":5},{"damage":41,"enemies":"The Guardian","floor":16,"turns":11},{"damage":25,"enemies":"Spheric Guardian","floor":18,"turns":6},{"damage":15,"enemies":"Shell Parasite","floor":19,"turns":5},{"damage":18,"enemies":"3 Cultists","floor":20,"turns":5},{"damage":32,"enemies":"Sentry and Sphere","floor":24,"turns":7},{"damage":35,"enemies":"Cultist and Chosen","floor":27,"turns":9},{"damage":24,"enemies":"Snake Plant","floor":28,"turns":3}],"seed_played":"-134780328880190496","potions_obtained":[{"floor":7,"key":"EntropicBrew"},{"floor":11,"key":"Strength Potion"},{"floor":16,"key":"SteroidPotion"},{"floor":19,"key":"Weak Potion"},{"floor":20,"key":"SkillPotion"},{"floor":22,"key":"EntropicBrew"}],"is_trial":false,"path_per_floor":["M","$","?","M","?","R","M","R","T","M","E","$","R","M","R","B",null,"M","M","M","?","?","R","M","R","T","M","M"],"character_chosen":"IRONCLAD","items_purchased":["Hemokinesis"],"campfire_rested":2,"item_purchase_floors":[12],"current_hp_per_floor":[61,61,61,58,58,58,64,64,64,58,37,37,37,31,53,18,61,42,33,21,21,21,43,50,50,50,21,0],"gold":201,"neow_bonus":"REMOVE_CARD","is_prod":false,"is_daily":false,"chose_seed":false,"campfire_upgraded":4,"win_rate":0,"timestamp":1565174457,"path_taken":["M","$","?","M","?","R","M","R","T","?","E","$","R","M","R","BOSS","M","M","M","?","?","R","M","R","T","M","?"],"build_version":"2019-07-17","purchased_purges":2,"victory":false,"max_hp_per_floor":[75,75,75,75,75,75,75,75,75,75,75,75,75,75,75,75,75,75,75,75,75,75,75,75,75,75,75,75],"card_choices":[{"not_picked":["Thunderclap","Reckless Charge"],"picked":"Shrug It Off","floor":1},{"not_picked":["Sword Boomerang","Flex"],"picked":"Uppercut","floor":4},{"not_picked":["Twin Strike","Shrug It Off"],"picked":"Flame Barrier","floor":7},{"not_picked":["Flex","Disarm"],"picked":"Entrench","floor":10},{"not_picked":["Warcry","Blood for Blood"],"picked":"Iron Wave","floor":11},{"not_picked":["Anger","Havoc","Cleave"],"picked":"SKIP","floor":14},{"not_picked":["Anger","Havoc","Cleave"],"picked":"SKIP","floor":14},{"not_picked":["Feed","Impervious"],"picked":"Demon Form","floor":16},{"not_picked":["Clothesline","Cleave"],"picked":"Heavy Blade","floor":18},{"not_picked":["Clash","Thunderclap","Warcry"],"picked":"SKIP","floor":19},{"not_picked":["Sword Boomerang","Wild Strike"],"picked":"Heavy Blade","floor":20},{"not_picked":["Shrug It Off","Clash"],"picked":"Body Slam","floor":24},{"not_picked":["Entrench","Infernal Blade"],"picked":"Twin Strike","floor":27}],"player_experience":460635,"relics_obtained":[{"floor":9,"key":"Centennial Puzzle"},{"floor":11,"key":"Oddly Smooth Stone"},{"floor":26,"key":"Matryoshka"}],"event_choices":[{"damage_healed":0,"gold_gain":150,"player_choice":"AGREE","damage_taken":0,"max_hp_gain":0,"max_hp_loss":0,"event_name":"Liars Game","floor":3,"gold_loss":0,"cards_obtained":["Doubt"]},{"cards_removed":["Doubt"],"damage_healed":0,"gold_gain":0,"player_choice":"Purged","damage_taken":0,"max_hp_gain":0,"max_hp_loss":0,"event_name":"Purifier","floor":5,"gold_loss":0},{"damage_healed":0,"gold_gain":0,"player_choice":"Smashed Altar","damage_taken":0,"max_hp_gain":0,"max_hp_loss":0,"event_name":"Forgotten Altar","floor":21,"gold_loss":0,"cards_obtained":["Decay"]},{"damage_healed":0,"gold_gain":0,"player_choice":"Got Potions","damage_taken":0,"max_hp_gain":0,"max_hp_loss":0,"event_name":"Lab","floor":22,"gold_loss":0}],"is_beta":false,"boss_relics":[{"not_picked":["Astrolabe","Runic Pyramid"],"picked":"Ectoplasm"}],"items_purged_floors":[2,12],"is_endless":false,"potions_floor_spawned":[7,11,16,19,20],"killed_by":"Snake Plant","ascension_level":15}