{"gold_per_floor":[110,285,301,226,226,226,240,240,285,285,304,304,304,314,314,417,417,404,422,433,333,351,351,383,258,258,275,286,286,286,300,300,398,398,418,268,281,106,0,0,20,20,104,104,104,117,117,117,117,117],"floor_reached":51,"playtime":1661,"items_purged":["Doubt","Strike_G","Strike_G","Strike_G","Strike_G"],"score":732,"play_id":"eb14f9ef-3225-41e4-8836-cf4ee472bf03","local_time":"20181115131234","is_ascension_mode":false,"campfire_choices":[{"data":"Footwork","floor":6.0,"key":"SMITH"},{"data":"Accuracy","floor":8.0,"key":"SMITH"},{"data":"Neutralize","floor":10.0,"key":"SMITH"},{"data":"Cloak And Dagger","floor":13.0,"key":"SMITH"},{"data":"Bouncing Flask","floor":15.0,"key":"SMITH"},{"data":"Noxious Fumes","floor":23.0,"key":"SMITH"},{"data":"Corpse Explosion","floor":29.0,"key":"SMITH"},{"data":"Footwork","floor":32,"key":"SMITH"},{"data":"Burst","floor":40,"key":"SMITH"},{"floor":45,"key":"REST"},{"floor":49,"key":"REST"}],"neow_cost":"NONE","seed_source_timestamp":10355021121635,"circlet_count":0,"master_deck":["Defend_G+1","Defend_G+1","Defend_G+1","Defend_G+1","Defend_G+1","Strike_G+1","Survivor+1","Neutralize+1","Accuracy+1","Footwork+1","Cloak And Dagger+1","Bouncing Flask+1","Corpse Explosion+1","Backflip+1","Noxious Fumes+1","Footwork+1","Malaise+1","Burst+1","Cloak And Dagger+1","Leg Sweep"],"special_seed":0,"relics":["Ring of the Serpent","Bag of Preparation","Potion Belt","Snake Skull","Question Card","WingedGreaves","Sozu","Red Mask","Mark of the Bloom","Tiny Chest","Dream Catcher","Bottled Lightning"],"potions_floor_usage":[31,33,33,33,33,33,33,33,50],"damage_taken":[{"damage":0.0,"enemies":"Jaw Worm","floor":1.0,"turns":6.0},{"damage":0.0,"enemies":"2 Louse","floor":3.0,"turns":4.0},{"damage":0.0,"enemies":"Cultist","floor":7.0,"turns":4.0},{"damage":3.0,"enemies":"Gremlin Gang","floor":11.0,"turns":6.0},{"damage":1.0,"enemies":"Looter","floor":14.0,"turns":3.0},{"damage":12.0,"enemies":"The Guardian","floor":16.0,"turns":9.0},{"damage":0.0,"enemies":"2 Thieves","floor":18.0,"turns":4.0},{"damage":7.0,"enemies":"3 Byrds","floor":19.0,"turns":6.0},{"damage":0.0,"enemies":"Shelled Parasite and Fungi","floor":20.0,"turns":9.0},{"damage":12.0,"enemies":"Cultist and Chosen","floor":22.0,"turns":7.0},{"damage":27.0,"enemies":"Slavers","floor":24.0,"turns":4.0},{"damage":0.0,"enemies":"Snecko","floor":27.0,"turns":4.0},{"damage":0.0,"enemies":"3 Cultists","floor":28.0,"turns":2.0},{"damage":4,"enemies":"Chosen and Byrds","floor":31,"turns":4},{"damage":13,"enemies":"Collector","floor":33,"turns":8},{"damage":0,"enemies":"3 Darklings","floor":35,"turns":3},{"damage":0,"enemies":"3 Shapes","floor":37,"turns":4},{"damage":0,"enemies":"Jaw Worm Horde","floor":41,"turns":4},{"damage":6,"enemies":"4 Shapes","floor":46,"turns":4},{"damage":0,"enemies":"Donu and Deca","floor":50,"turns":11}],"seed_played":"1987092280238198003","potions_obtained":[{"floor":1.0,"key":"Weak Potion"},{"floor":7.0,"key":"Strength Potion"},{"floor":11.0,"key":"EntropicBrew"},{"floor":16.0,"key":"Strength Potion"},{"floor":20.0,"key":"EntropicBrew"},{"floor":22.0,"key":"FearPotion"},{"floor":27.0,"key":"AttackPotion"},{"floor":33,"key":"SpeedPotion"}],"is_trial":false,"path_per_floor":["M","?","M","$","?","R","M","R","T","R","M","?","R","M","R","B",null,"M","M","M","$","M","R","E","$","T","M","M","R","?","M","R","B",null,"M","$","M","$","?","R","M","?","T","?","R","M","T","T","R","B",null],"character_chosen":"THE_SILENT","items_purchased":[],"campfire_rested":2,"item_purchase_floors":[],"current_hp_per_floor":[70,70,70,70,56,56,56,56,56,56,53,53,53,52,52,40,70,70,63,63,63,51,51,24,24,24,24,24,24,24,20,20,7,70,70,70,70,70,70,70,70,70,70,70,70,64,64,64,64,64],"gold":117,"neow_bonus":"RANDOM_COMMON_RELIC","is_prod":false,"is_daily":false,"chose_seed":false,"campfire_upgraded":9,"win_rate":0,"timestamp":1542258754,"path_taken":["M","?","M","$","?","R","M","R","T","R","M","?","R","?","R","BOSS","M","?","M","$","?","R","E","$","T","M","M","R","?","M","R","BOSS","M","$","M","$","?","R","M","?","T","?","R","M","?","?","R","BOSS"],"build_version":"2018-11-08","purchased_purges":5,"victory":true,"max_hp_per_floor":[70,70,70,70,70,70,70,70,70,70,70,70,70,70,70,70,70,70,70,70,70,70,70,70,70,70,70,70,70,70,70,70,70,70,70,70,70,70,70,70,70,70,70,70,70,70,70,70,70,70],"card_choices":[{"not_picked":["Acrobatics","Backstab"],"picked":"Accuracy","floor":1.0},{"not_picked":["Backstab","Sucker Punch"],"picked":"Footwork","floor":3.0},{"not_picked":["Quick Slash","Bane"],"picked":"Cloak And Dagger","floor":7.0},{"not_picked":["Prepared","Underhanded Strike","Dagger Spray"],"picked":"SKIP","floor":11.0},{"not_picked":["PiercingWail","Acrobatics"],"picked":"Bouncing Flask","floor":14.0},{"not_picked":["Night Terror","Tools of the Trade"],"picked":"Corpse Explosion","floor":16.0},{"not_picked":["Quick Slash+1","Slice"],"picked":"Backflip+1","floor":18.0},{"not_picked":["Dash","Finisher"],"picked":"Noxious Fumes","floor":19.0},{"not_picked":["Bane+1","Choke","Sucker Punch"],"picked":"SKIP","floor":20.0},{"not_picked":["Bouncing Flask","Sucker Punch","Dash"],"picked":"SKIP","floor":22.0},{"not_picked":["Quick Slash","Deflect"],"picked":"Footwork","floor":24.0},{"not_picked":["Accuracy","Underhanded Strike","Flying Knee+1"],"picked":"Escape Plan","floor":27.0},{"not_picked":["Finisher","Escape Plan","Flying Knee+1"],"picked":"Malaise","floor":28.0},{"not_picked":["Bane+1","Slice+1","Outmaneuver","Prepared"],"picked":"SKIP","floor":31},{"not_picked":["Unload","Doppelganger","Glass Knife"],"picked":"Burst","floor":33},{"not_picked":["Flying Knee+1","Heel Hook","Outmaneuver","Acrobatics"],"picked":"SKIP","floor":35},{"not_picked":["Caltrops+1","Flechettes","Distraction","Skewer+1"],"picked":"SKIP","floor":37},{"not_picked":["Sucker Punch","Bane","Blade Dance","Reflex+1"],"picked":"SKIP","floor":41},{"not_picked":["Slice+1","Sucker Punch+1","Blur"],"picked":"Cloak And Dagger+1","floor":46},{"not_picked":["Prepared","Slice+1","Heel Hook+1"],"picked":"Leg Sweep","floor":49}],"player_experience":1017844,"relics_obtained":[{"floor":9.0,"key":"Potion Belt"},{"floor":24.0,"key":"Snake Skull"},{"floor":26.0,"key":"Question Card"},{"floor":43,"key":"Tiny Chest"},{"floor":47,"key":"Dream Catcher"},{"floor":48,"key":"Bottled Lightning"}],"event_choices":[{"damage_healed":0.0,"max_hp_gain":0.0,"max_hp_loss":0.0,"gold_gain":175.0,"event_name":"Liars Game","player_choice":"AGREE","floor":2.0,"gold_loss":0.0,"damage_taken":0.0,"cards_obtained":["Doubt"]},{"damage_healed":0.0,"max_hp_gain":0.0,"max_hp_loss":0.0,"gold_gain":0.0,"event_name":"Shining Light","player_choice":"Entered Light","floor":5.0,"gold_loss":0.0,"damage_taken":14.0,"cards_upgraded":["Defend_G","Strike_G"]},{"damage_healed":0.0,"max_hp_gain":0.0,"max_hp_loss":0.0,"gold_gain":0.0,"event_name":"Dead Adventurer","player_choice":"Searched \u00270\u0027 times","floor":12.0,"gold_loss":0.0,"damage_taken":0.0},{"damage_healed":0.0,"max_hp_gain":0.0,"max_hp_loss":0.0,"gold_gain":0.0,"event_name":"The Mausoleum","player_choice":"Opened","floor":30.0,"gold_loss":0.0,"damage_taken":0.0,"relics_obtained":["WingedGreaves"]},{"damage_healed":0,"gold_gain":0,"player_choice":"Paid","damage_taken":0,"relics_obtained":["Red Mask"],"max_hp_gain":0,"max_hp_loss":0,"event_name":"Tomb of Lord Red Mask","floor":39,"gold_loss":106},{"damage_healed":0,"gold_gain":0,"player_choice":"Upgrade","damage_taken":0,"relics_obtained":["Mark of the Bloom"],"max_hp_gain":0,"max_hp_loss":0,"event_name":"MindBloom","floor":42,"gold_loss":0,"cards_upgraded":["Defend_G","Defend_G","Defend_G","Defend_G","Survivor","Escape Plan","Malaise"]},{"cards_removed":["Escape Plan"],"damage_healed":0,"gold_gain":0,"player_choice":"Removed Skill","damage_taken":0,"max_hp_gain":0,"max_hp_loss":0,"event_name":"Falling","floor":44,"gold_loss":0}],"is_beta":false,"boss_relics":[{"not_picked":["Lizard Tail","Pandora\u0027s Box"],"picked":"Ring of the Serpent"},{"not_picked":["Fusion Hammer","HoveringKite"],"picked":"Sozu"}],"items_purged_floors":[4,21,25,36,38],"is_endless":false,"potions_floor_spawned":[1,7,11,16,20,22,27,33,46],"ascension_level":0}