{"gold_per_floor":[112,70,145,70,83,108,108,137,137,157,157,168,68,83,83,161,161,172,172,47,66,76,76,107,107,131,146,146,146,172,185,185,264,264,281,291,291,291,301,301,333,76,131,143,181,193,236,523,535,547,559,571,583,30,55,55],"floor_reached":56,"playtime":4426,"items_purged":["Strike_G","Strike_G","Strike_G","Strike_G","Dash"],"score":2437,"play_id":"3be6def5-ae4f-456a-ac5f-7cc42ff6287b","local_time":"20190219163518","is_ascension_mode":true,"campfire_choices":[{"data":"Deadly Poison","floor":7.0,"key":"SMITH"},{"data":"Neutralize","floor":11.0,"key":"SMITH"},{"data":"Tactician","floor":15.0,"key":"SMITH"},{"data":"Concentrate","floor":23.0,"key":"SMITH"},{"data":"Venomology","floor":25.0,"key":"SMITH"},{"data":"Expertise","floor":32.0,"key":"SMITH"},{"floor":40.0,"key":"RECALL"},{"data":"Impatience","floor":46.0,"key":"SMITH"},{"data":"Backflip","floor":49,"key":"SMITH"},{"data":"Survivor","floor":53,"key":"SMITH"}],"neow_cost":"NONE","seed_source_timestamp":25601670551056,"circlet_count":0,"master_deck":["AscendersBane","Defend_G+1","Defend_G","Defend_G","Defend_G","Defend_G","Strike_G","Survivor+1","Tactician+1","Deadly Poison+1","Backflip+1","Venomology+1","Concentrate+1","Acrobatics+1","Ghostly+1","Ghostly","Ghostly","After Image","Expertise+1","After Image","Impatience+1"],"special_seed":0,"relics":["Ring of the Snake","NeowsBlessing","Vajra","Omamori","Letter Opener","Runic Pyramid","Shuriken","Busted Crown","Juzu Bracelet","MawBank","Gremlin Horn","War Paint","Bag of Preparation","OrangePellets","Bottled Lightning"],"potions_floor_usage":[47,50,51,55,55,56,56],"damage_taken":[{"damage":0.0,"enemies":"Cultist","floor":1.0,"turns":1.0},{"damage":0.0,"enemies":"Small Slimes","floor":5.0,"turns":1.0},{"damage":0.0,"enemies":"3 Sentries","floor":6.0,"turns":2.0},{"damage":24.0,"enemies":"Lagavulin","floor":8.0,"turns":7.0},{"damage":0.0,"enemies":"2 Louse","floor":10.0,"turns":3.0},{"damage":0.0,"enemies":"Gremlin Gang","floor":12.0,"turns":6.0},{"damage":1.0,"enemies":"Blue Slaver","floor":14.0,"turns":4.0},{"damage":16.0,"enemies":"Hexaghost","floor":16.0,"turns":9.0},{"damage":0.0,"enemies":"Chosen","floor":18.0,"turns":7.0},{"damage":1.0,"enemies":"Shell Parasite","floor":21.0,"turns":7.0},{"damage":14.0,"enemies":"Snake Plant","floor":22.0,"turns":5.0},{"damage":2.0,"enemies":"Book of Stabbing","floor":24.0,"turns":7.0},{"damage":0.0,"enemies":"Snecko","floor":27.0,"turns":5.0},{"damage":13.0,"enemies":"Slavers","floor":30.0,"turns":9.0},{"damage":1.0,"enemies":"Sentry and Sphere","floor":31.0,"turns":10.0},{"damage":0.0,"enemies":"Champ","floor":33.0,"turns":14.0},{"damage":0.0,"enemies":"3 Darklings","floor":35.0,"turns":6.0},{"damage":0.0,"enemies":"Orb Walker","floor":36.0,"turns":4.0},{"damage":0.0,"enemies":"Spire Growth","floor":39.0,"turns":5.0},{"damage":2.0,"enemies":"Giant Head","floor":41.0,"turns":11.0},{"damage":3.0,"enemies":"Reptomancer","floor":45.0,"turns":8.0},{"damage":19,"enemies":"Nemesis","floor":47,"turns":11},{"damage":0,"enemies":"Donu and Deca","floor":50,"turns":12},{"damage":0,"enemies":"Awakened One","floor":51,"turns":13},{"damage":20,"enemies":"Shield and Spear","floor":55,"turns":15},{"damage":5,"enemies":"The Heart","floor":56,"turns":8}],"seed_played":"-4904636140194188164","potions_obtained":[{"floor":1.0,"key":"FearPotion"},{"floor":5.0,"key":"EssenceOfSteel"},{"floor":8.0,"key":"EntropicBrew"},{"floor":18.0,"key":"GamblersBrew"},{"floor":19.0,"key":"Explosive Potion"},{"floor":24.0,"key":"EssenceOfSteel"},{"floor":33.0,"key":"Dexterity Potion"},{"floor":45.0,"key":"Ancient Potion"},{"floor":47,"key":"Weak Potion"}],"is_trial":false,"path_per_floor":["M","$","?","$","M","E","R","E","T","M","R","M","$","M","R","B",null,"M","?","$","M","M","R","E","R","T","M","?","?","E","M","R","B",null,"M","M","?","?","M","R","E","$","T","?","E","R","E","?","R","B","B",null,"R","$","E","B"],"character_chosen":"THE_SILENT","items_purchased":["Tactician","Impatience","Bag of Preparation","OrangePellets"],"campfire_rested":0,"item_purchase_floors":[2,42,54,54],"current_hp_per_floor":[59,59,48,48,48,48,48,24,24,24,24,24,24,23,23,7,51,51,51,51,50,36,36,34,34,34,34,33,33,20,19,19,19,30,30,30,30,30,30,30,28,28,28,28,25,25,6,6,6,6,6,25,25,25,5,0],"gold":55,"neow_bonus":"THREE_ENEMY_KILL","is_prod":false,"is_daily":false,"chose_seed":false,"campfire_upgraded":9,"win_rate":0,"timestamp":1550565318,"path_taken":["M","?","?","$","M","E","R","E","T","M","R","M","$","M","R","BOSS","M","?","$","?","M","R","E","R","T","M","?","?","E","M","R","BOSS","M","M","?","?","M","R","E","$","T","?","E","R","E","?","R","BOSS","BOSS","R","$","E","BOSS"],"build_version":"2019-01-23","purchased_purges":5,"victory":false,"max_hp_per_floor":[66,66,66,66,66,66,66,66,66,66,66,66,66,66,66,66,66,66,66,66,66,66,66,66,66,66,66,33,33,33,33,33,33,33,33,33,33,33,33,33,33,33,33,31,31,31,31,31,31,31,31,31,31,31,31,31],"card_choices":[{"not_picked":["Finisher","Quick Slash","Slice"],"picked":"SKIP","floor":1.0},{"not_picked":["Dodge and Roll","Poisoned Stab"],"picked":"Dash","floor":5.0},{"not_picked":["Backflip","Outmaneuver"],"picked":"Deadly Poison","floor":6.0},{"not_picked":["Quick Slash","Accuracy"],"picked":"Backflip","floor":8.0},{"not_picked":["Sucker Punch","Blur","Blade Dance"],"picked":"SKIP","floor":10.0},{"not_picked":["Deflect","Cloak And Dagger","PiercingWail"],"picked":"SKIP","floor":12.0},{"not_picked":["Expertise","Predator","Flechettes"],"picked":"SKIP","floor":14.0},{"not_picked":["Die Die Die","Night Terror"],"picked":"Venomology","floor":16.0},{"not_picked":["Masterful Stab","Infinite Blades","Outmaneuver"],"picked":"SKIP","floor":18.0},{"not_picked":["Reflex","Crippling Poison"],"picked":"Concentrate","floor":21.0},{"not_picked":["Cloak And Dagger","Bane","Dodge and Roll"],"picked":"SKIP","floor":22.0},{"not_picked":["Calculated Gamble","Noxious Fumes"],"picked":"Acrobatics+1","floor":24.0},{"not_picked":["Dodge and Roll","Quick Slash","Masterful Stab"],"picked":"SKIP","floor":27.0},{"not_picked":["Dagger Spray","Cloak And Dagger"],"picked":"After Image","floor":30.0},{"not_picked":["Bane","Dash"],"picked":"Expertise","floor":31.0},{"not_picked":["Malaise","Envenom"],"picked":"After Image","floor":33.0},{"not_picked":["Noxious Fumes"],"picked":"SKIP","floor":35.0},{"not_picked":["Blade Dance"],"picked":"SKIP","floor":36.0},{"not_picked":["Deadly Poison+1"],"picked":"SKIP","floor":39.0},{"not_picked":["Deflect"],"picked":"SKIP","floor":41.0},{"not_picked":["Predator"],"picked":"SKIP","floor":45.0},{"not_picked":["Sucker Punch"],"picked":"SKIP","floor":47},{"not_picked":["Quick Slash+1"],"picked":"SKIP","floor":55}],"player_experience":2954472,"relics_obtained":[{"floor":6.0,"key":"Vajra"},{"floor":8.0,"key":"Omamori"},{"floor":9.0,"key":"Letter Opener"},{"floor":30.0,"key":"Shuriken"},{"floor":41.0,"key":"Juzu Bracelet"},{"floor":43.0,"key":"MawBank"},{"floor":45.0,"key":"Gremlin Horn"},{"floor":47,"key":"War Paint"},{"floor":55,"key":"Bottled Lightning"}],"event_choices":[{"damage_healed":0.0,"max_hp_gain":0.0,"max_hp_loss":0.0,"gold_gain":75.0,"event_name":"World of Goop","player_choice":"Gather Gold","floor":3.0,"gold_loss":0.0,"damage_taken":11.0},{"damage_healed":0.0,"max_hp_gain":0.0,"max_hp_loss":0.0,"gold_gain":0.0,"event_name":"Lab","player_choice":"Got Potions","floor":19.0,"gold_loss":0.0,"damage_taken":0.0},{"damage_healed":0.0,"max_hp_gain":0.0,"max_hp_loss":33.0,"gold_gain":0.0,"event_name":"Ghosts","player_choice":"Became a Ghost","floor":28.0,"gold_loss":0.0,"damage_taken":0.0,"cards_obtained":["Ghostly","Ghostly","Ghostly"]},{"damage_healed":0.0,"max_hp_gain":0.0,"max_hp_loss":0.0,"gold_gain":0.0,"event_name":"Cursed Tome","player_choice":"Ignored","floor":29.0,"gold_loss":0.0,"damage_taken":0.0},{"damage_healed":0.0,"max_hp_gain":0.0,"max_hp_loss":0.0,"gold_gain":0.0,"event_name":"Tomb of Lord Red Mask","player_choice":"Ignored","floor":37.0,"gold_loss":0.0,"damage_taken":0.0},{"cards_removed":["Neutralize"],"damage_healed":0.0,"max_hp_gain":0.0,"max_hp_loss":0.0,"gold_gain":0.0,"event_name":"Falling","player_choice":"Removed Attack","floor":38.0,"gold_loss":0.0,"damage_taken":0.0},{"damage_healed":0.0,"max_hp_gain":0.0,"max_hp_loss":2.0,"gold_gain":0.0,"event_name":"Winding Halls","player_choice":"Max HP","floor":44.0,"gold_loss":0.0,"damage_taken":0.0},{"damage_healed":0,"gold_gain":275,"player_choice":"Desecrate","damage_taken":0,"max_hp_gain":0,"max_hp_loss":0,"event_name":"Golden Shrine","floor":48,"gold_loss":0,"cards_obtained":["Regret"]}],"is_beta":false,"boss_relics":[{"not_picked":["Lizard Tail","Sozu"],"picked":"Runic Pyramid"},{"not_picked":["Velvet Choker","Tiny House"],"picked":"Busted Crown"}],"items_purged_floors":[4,13,20,42,54],"is_endless":false,"potions_floor_spawned":[1,5,8,18,24,33,45,47],"killed_by":"The Heart","ascension_level":20}