{"path_per_floor":["M","M","M","M","$","E","M","R","T","M","?","$","R","M","R","B",null,"M","$","M","M","?","E","R","M","T","R","?","?"],"character_chosen":"DEFECT","items_purchased":["Static Discharge","Capacitor"],"gold_per_floor":[109,123,136,148,73,100,113,113,113,123,180,42,42,53,53,148,148,162,109,122,132,132,157,157,177,177,177,177,177,177],"floor_reached":30,"campfire_rested":2,"playtime":972,"item_purchase_floors":[12,19],"current_hp_per_floor":[74,73,73,73,73,64,64,64,64,63,50,50,50,50,50,50,75,75,75,71,51,51,16,38,25,25,47,31,31,0],"items_purged":["Strike_B","Defend_B"],"gold":177,"score":327,"play_id":"b1588621-080a-4eb6-8a02-113c95975b76","local_time":"20180525205511","is_prod":false,"is_daily":false,"chose_seed":false,"is_ascension_mode":false,"campfire_upgraded":3,"win_rate":0,"timestamp":1527274511,"campfire_choices":[{"data":"Darkness","floor":8,"key":"SMITH"},{"data":"Static Discharge","floor":13,"key":"SMITH"},{"data":"Doom and Gloom","floor":15,"key":"SMITH"},{"floor":24,"key":"REST"},{"floor":27,"key":"REST"}],"path_taken":["M","?","M","M","?","E","M","R","T","M","?","$","R","?","R","BOSS","M","$","M","M","?","E","R","M","T","R","?","?","M"],"build_version":"2018-05-24","seed_source_timestamp":8584467690073,"purchased_purges":2,"victory":false,"master_deck":["Defend_B","Defend_B","Defend_B","Zap","Dualcast","Cold Snap","Leap","Ball Lightning","Streamline","Barrage","Darkness+1","FTL","Beam Cell","Static Discharge+1","Doom and Gloom+1","Creative AI","Beam Cell+1","Capacitor","Force Field+1","Turbo","Capacitor+1","Bite","Bite","Bite","Bite","Bite"],"max_hp_per_floor":[75,75,75,75,75,75,75,75,75,75,75,75,75,75,75,75,75,75,75,75,75,75,75,75,75,75,75,75,52,52],"relics":["Sozu","Sundial","Symbiotic Virus","Bag of Marbles","Runic Pyramid","Letter Opener","Kunai","Enchiridion"],"card_choices":[{"not_picked":["Turbo","Rebound"],"picked":"Cold Snap","floor":1},{"not_picked":["BootSequence","Go for the Eyes"],"picked":"Leap","floor":2},{"not_picked":["Cold Snap","Loop"],"picked":"Ball Lightning","floor":3},{"not_picked":["Coolheaded","Lockon"],"picked":"Streamline","floor":4},{"not_picked":["Leap","Machine Learning"],"picked":"Barrage","floor":6},{"not_picked":["Barrage","Redo"],"picked":"Darkness","floor":7},{"not_picked":["Redo","Beam Cell"],"picked":"FTL","floor":10},{"not_picked":["Stack","Barrage"],"picked":"Beam Cell","floor":11},{"not_picked":["Stack","Go for the Eyes"],"picked":"Doom and Gloom","floor":14},{"not_picked":["Echo Form","All For One"],"picked":"Creative AI","floor":16},{"not_picked":["Rip and Tear","Loop"],"picked":"Beam Cell+1","floor":18},{"not_picked":["Steam","Melter"],"picked":"Force Field+1","floor":20},{"not_picked":["Rip and Tear","Sweeping Beam+1","Streamline"],"picked":"SKIP","floor":21},{"not_picked":["Sweeping Beam+1","Rebound"],"picked":"Turbo","floor":23},{"not_picked":["Auto Shields","Reprogram"],"picked":"Capacitor+1","floor":25}],"player_experience":56318,"potions_floor_usage":[],"damage_taken":[{"damage":1,"enemies":"Cultist","floor":1,"turns":3},{"damage":1,"enemies":"Small Slimes","floor":2,"turns":3},{"damage":0,"enemies":"2 Louse","floor":3,"turns":3},{"damage":0,"enemies":"2 Fungi Beasts","floor":4,"turns":3},{"damage":9,"enemies":"3 Sentries","floor":6,"turns":5},{"damage":0,"enemies":"Red Slaver","floor":7,"turns":4},{"damage":1,"enemies":"3 Louse","floor":10,"turns":2},{"damage":13,"enemies":"Lagavulin Event","floor":11,"turns":4},{"damage":0,"enemies":"Looter","floor":14,"turns":1},{"damage":0,"enemies":"Slime Boss","floor":16,"turns":5},{"damage":0,"enemies":"Chosen","floor":18,"turns":4},{"damage":4,"enemies":"3 Byrds","floor":20,"turns":2},{"damage":20,"enemies":"Centurion and Healer","floor":21,"turns":5},{"damage":35,"enemies":"Slavers","floor":23,"turns":4},{"damage":13,"enemies":"Snecko","floor":25,"turns":4},{"damage":42,"enemies":"Slaver and Parasite","floor":30,"turns":2}],"relics_obtained":[{"floor":6,"key":"Sundial"},{"floor":9,"key":"Symbiotic Virus"},{"floor":11,"key":"Bag of Marbles"},{"floor":23,"key":"Letter Opener"},{"floor":26,"key":"Kunai"},{"floor":28,"key":"Enchiridion"}],"event_choices":[{"event_name":"Dead Adventurer","player_choice":"Searched \u00271\u0027 times","floor":11,"damage_taken":0},{"event_name":"Drug Dealer","player_choice":"Ignored","floor":22,"damage_taken":0},{"event_name":"Cursed Tome","player_choice":"Obtained Book","floor":28,"damage_taken":0},{"event_name":"Vampires","player_choice":"Became a vampire","floor":29,"damage_taken":0}],"boss_relics":[{"not_picked":["Calling Bell","Runic Dome"],"picked":"Runic Pyramid"}],"items_purged_floors":[5,12],"potions_floor_spawned":[2,11,14,16,21,25],"seed_played":"3731658141609290635","killed_by":"Slaver and Parasite","ascension_level":0,"potions_obtained":[],"is_trial":false}