{"gold_per_floor":[112,187,187,187,200,235,235,6,6,17,46,46,46,71,71,149,149,169,69,82,102,112,112,145,145,145,160,160,160,160,170,170,242,242,253,253,128,138,138,138,155,184,184,184,213,213,226,255,255,255,255,255,255,18,44,44],"floor_reached":57,"playtime":2945,"items_purged":["Strike_B","Strike_B","Strike_B","Defend_B"],"score":3127,"play_id":"27b46f47-117a-4ebd-b451-06165dec5c88","local_time":"20190424092400","is_ascension_mode":true,"campfire_choices":[{"data":"Dualcast","floor":7.0,"key":"SMITH"},{"data":"Defragment","floor":12.0,"key":"SMITH"},{"data":"Consume","floor":15.0,"key":"SMITH"},{"data":"Turbo","floor":23.0,"key":"SMITH"},{"data":"Capacitor","floor":25.0,"key":"SMITH"},{"data":"Buffer","floor":28.0,"key":"SMITH"},{"data":"Coolheaded","floor":32.0,"key":"SMITH"},{"data":"Fission","floor":40.0,"key":"SMITH"},{"data":"Recycle","floor":46.0,"key":"SMITH"},{"floor":49.0,"key":"RECALL"},{"data":"Hologram","floor":53.0,"key":"SMITH"}],"neow_cost":"NONE","seed_source_timestamp":145378436967168,"circlet_count":0,"master_deck":["AscendersBane","Defend_B","Defend_B+1","Defend_B","Zap","Dualcast+1","Streamline","Electrodynamics","Ball Lightning","Defragment+1","Chill","Seek+1","Capacitor+1","Consume+1","Buffer+1","Turbo+1","Cold Snap","Glacier","Glacier","Chill","Defragment+1","Coolheaded+1","Fission+1","Redo+1","Capacitor+1","Recycle+1","Hologram+1","Defragment+1","White Noise+1"],"special_seed":0,"relics":["Cracked Core","NeowsBlessing","Letter Opener","Potion Belt","Bottled Tornado","Dodecahedron","DataDisk","War Paint","Runic Pyramid","Omamori","Frozen Egg 2","Coffee Dripper","GremlinMask","Lantern","Blue Candle","StoneCalendar","Gremlin Horn"],"potions_floor_usage":[55,55,55,55,55,56,56,56,56],"damage_taken":[{"damage":0.0,"enemies":"Jaw Worm","floor":1.0,"turns":1.0},{"damage":0.0,"enemies":"2 Louse","floor":5.0,"turns":1.0},{"damage":0.0,"enemies":"Gremlin Nob","floor":6.0,"turns":1.0},{"damage":0.0,"enemies":"Cultist","floor":10.0,"turns":2.0},{"damage":5.0,"enemies":"3 Sentries","floor":11.0,"turns":3.0},{"damage":10.0,"enemies":"Lagavulin","floor":14.0,"turns":5.0},{"damage":13.0,"enemies":"The Guardian","floor":16.0,"turns":8.0},{"damage":0.0,"enemies":"Spheric Guardian","floor":18.0,"turns":5.0},{"damage":6.0,"enemies":"2 Thieves","floor":20.0,"turns":2.0},{"damage":0.0,"enemies":"3 Cultists","floor":21.0,"turns":2.0},{"damage":0.0,"enemies":"Snecko","floor":22.0,"turns":5.0},{"damage":0.0,"enemies":"Gremlin Leader","floor":24.0,"turns":4.0},{"damage":7.0,"enemies":"Snake Plant","floor":27.0,"turns":3.0},{"damage":11.0,"enemies":"Shelled Parasite and Fungi","floor":31.0,"turns":6.0},{"damage":0.0,"enemies":"Collector","floor":33.0,"turns":8.0},{"damage":0.0,"enemies":"Orb Walker","floor":35.0,"turns":4.0},{"damage":0.0,"enemies":"3 Shapes","floor":38.0,"turns":4.0},{"damage":0.0,"enemies":"Sphere and 2 Shapes","floor":41.0,"turns":3.0},{"damage":0.0,"enemies":"Nemesis","floor":42.0,"turns":8.0},{"damage":0.0,"enemies":"Reptomancer","floor":45.0,"turns":7.0},{"damage":0.0,"enemies":"Spire Growth","floor":47.0,"turns":6.0},{"damage":0.0,"enemies":"Giant Head","floor":48.0,"turns":8.0},{"damage":0.0,"enemies":"Donu and Deca","floor":50.0,"turns":11.0},{"damage":26.0,"enemies":"Awakened One","floor":51.0,"turns":12.0},{"damage":31,"enemies":"Shield and Spear","floor":55,"turns":5},{"damage":5,"enemies":"The Heart","floor":56,"turns":13}],"seed_played":"-6830962010915260097","potions_obtained":[{"floor":6.0,"key":"FocusPotion"},{"floor":11.0,"key":"SteroidPotion"},{"floor":14.0,"key":"Ancient Potion"},{"floor":16.0,"key":"SneckoOil"},{"floor":18.0,"key":"GamblersBrew"},{"floor":24.0,"key":"AttackPotion"},{"floor":27.0,"key":"EntropicBrew"},{"floor":42.0,"key":"Dexterity Potion"},{"floor":48.0,"key":"EntropicBrew"}],"is_trial":false,"path_per_floor":["M","?","T","?","M","E","R","$","T","M","E","R","?","E","R","B",null,"M","$","M","M","M","R","E","R","T","M","R","?","?","M","R","B",null,"M","?","$","M","$","R","M","E","T","?","E","R","M","E","R","B","B",null,"R","$","E","B",null],"character_chosen":"DEFECT","items_purchased":["Defragment","Chill","Defragment+1"],"campfire_rested":0,"item_purchase_floors":[8,8,54],"current_hp_per_floor":[64,53,53,53,53,53,53,53,53,53,48,48,48,38,38,25,60,60,60,54,54,54,54,54,54,54,47,47,27,27,16,16,16,61,61,61,61,61,61,61,61,61,61,76,76,76,76,76,76,76,50,70,70,70,39,34],"gold":44,"neow_bonus":"THREE_ENEMY_KILL","is_prod":false,"is_daily":false,"chose_seed":false,"campfire_upgraded":10,"win_rate":0,"timestamp":1556069040,"path_taken":["M","?","?","?","?","E","R","$","T","M","E","R","?","E","R","BOSS","M","$","M","M","M","R","E","R","T","M","R","?","?","M","R","BOSS","M","?","$","?","$","R","M","E","T","?","E","R","M","E","R","BOSS","BOSS","R","$","E","BOSS"],"build_version":"2019-01-23","purchased_purges":4,"victory":true,"max_hp_per_floor":[71,71,71,71,71,71,71,71,71,71,71,71,71,71,71,71,71,71,71,71,71,71,71,71,71,71,71,71,76,76,76,76,76,76,76,76,76,76,76,76,76,76,76,76,76,76,76,76,76,76,76,76,76,76,76,76],"card_choices":[{"not_picked":["Stack","Beam Cell"],"picked":"Streamline","floor":1.0},{"not_picked":["Darkness","Rebound"],"picked":"Ball Lightning","floor":5.0},{"not_picked":["Conserve Battery","Barrage","Stack"],"picked":"SKIP","floor":6.0},{"not_picked":["Redo","Cold Snap"],"picked":"Seek","floor":10.0},{"not_picked":["Leap","Tempest"],"picked":"Capacitor","floor":11.0},{"not_picked":["Coolheaded","Steam Power"],"picked":"Consume","floor":14.0},{"not_picked":["Echo Form","Hyperbeam"],"picked":"Buffer","floor":16.0},{"not_picked":["Stack","Barrage"],"picked":"Turbo","floor":18.0},{"not_picked":["BootSequence","Conserve Battery"],"picked":"Cold Snap","floor":20.0},{"not_picked":["Reprogram","White Noise"],"picked":"Glacier","floor":21.0},{"not_picked":["Conserve Battery+1","Auto Shields"],"picked":"Glacier","floor":22.0},{"not_picked":["Rebound","Sunder","Streamline"],"picked":"SKIP","floor":24.0},{"not_picked":["Rebound","Sunder","Streamline"],"picked":"SKIP","floor":24.0},{"not_picked":["Redo","Rebound"],"picked":"Chill","floor":27.0},{"not_picked":["Beam Cell","Hello World+1"],"picked":"Coolheaded","floor":31.0},{"not_picked":["Creative AI+1","Reboot"],"picked":"Fission","floor":33.0},{"not_picked":["Steam Power","Compile Driver","Sweeping Beam"],"picked":"SKIP","floor":35.0},{"not_picked":["Undo+1","Steam Power"],"picked":"Redo+1","floor":38.0},{"not_picked":["Undo+1","Barrage+1"],"picked":"Capacitor+1","floor":41.0},{"not_picked":["Coolheaded","Stack"],"picked":"Recycle","floor":42.0},{"not_picked":["Scrape","Aggregate","Consume"],"picked":"SKIP","floor":45.0},{"not_picked":["Sweeping Beam+1","Lockon"],"picked":"Hologram","floor":47.0},{"not_picked":["Sweeping Beam","Steam+1","Leap"],"picked":"SKIP","floor":48.0},{"not_picked":["BootSequence+1","Blizzard+1"],"picked":"White Noise+1","floor":55}],"player_experience":4496187,"relics_obtained":[{"floor":3.0,"key":"Letter Opener"},{"floor":6.0,"key":"Potion Belt"},{"floor":9.0,"key":"Bottled Tornado"},{"floor":11.0,"key":"Dodecahedron"},{"floor":14.0,"key":"War Paint"},{"floor":24.0,"key":"Omamori"},{"floor":26.0,"key":"Frozen Egg 2"},{"floor":42.0,"key":"Lantern"},{"floor":45.0,"key":"Blue Candle"},{"floor":48.0,"key":"StoneCalendar"},{"floor":55,"key":"Gremlin Horn"}],"event_choices":[{"damage_healed":0.0,"max_hp_gain":0.0,"max_hp_loss":0.0,"gold_gain":75.0,"event_name":"World of Goop","player_choice":"Gather Gold","floor":2.0,"gold_loss":0.0,"damage_taken":11.0},{"damage_healed":0.0,"max_hp_gain":0.0,"max_hp_loss":0.0,"gold_gain":0.0,"cards_transformed":["Strike_B"],"event_name":"Transmorgrifier","player_choice":"Transformed","floor":4.0,"gold_loss":0.0,"damage_taken":0.0,"cards_obtained":["Electrodynamics"]},{"damage_healed":0.0,"max_hp_gain":0.0,"max_hp_loss":0.0,"gold_gain":0.0,"event_name":"Dead Adventurer","player_choice":"Searched \u00271\u0027 times","floor":13.0,"gold_loss":0.0,"damage_taken":0.0,"relics_obtained":["DataDisk"]},{"damage_healed":0.0,"max_hp_gain":5.0,"max_hp_loss":0.0,"gold_gain":0.0,"event_name":"Forgotten Altar","player_choice":"Shed Blood","floor":29.0,"gold_loss":0.0,"damage_taken":25.0},{"damage_healed":0.0,"max_hp_gain":0.0,"max_hp_loss":0.0,"gold_gain":0.0,"event_name":"The Library","player_choice":"Read","floor":30.0,"gold_loss":0.0,"damage_taken":0.0,"cards_obtained":["Defragment"]},{"damage_healed":0.0,"max_hp_gain":0.0,"max_hp_loss":0.0,"gold_gain":0.0,"event_name":"FaceTrader","player_choice":"Trade","floor":36.0,"gold_loss":0.0,"damage_taken":0.0,"relics_obtained":["GremlinMask"]},{"damage_healed":15.0,"max_hp_gain":0.0,"max_hp_loss":0.0,"gold_gain":0.0,"event_name":"Winding Halls","player_choice":"Writhe","floor":44.0,"gold_loss":0.0,"damage_taken":0.0,"cards_obtained":["Writhe"]}],"is_beta":false,"boss_relics":[{"not_picked":["Snecko Eye","Calling Bell"],"picked":"Runic Pyramid"},{"not_picked":["Orrery","Pandora\u0027s Box"],"picked":"Coffee Dripper"}],"items_purged_floors":[8,19,37,54],"is_endless":false,"potions_floor_spawned":[6,11,14,16,18,21,24,27,33,38,41,42,47,48],"ascension_level":20}