{"gold_per_floor":[110,127,137,187,199,199,210,210,210,221,221,234,159,70,70,149,149,165,176,101,101,1,1,14,14,14,14,42,67,87,97,97,171,171,190,190,190,190,200,229,252,287,310,310,322,341,356,306,306,306,306,306,306,36,62,62],"floor_reached":57,"playtime":2923,"items_purged":["Strike_G","Strike_G","Strike_G+1","Defend_G+1"],"score":3223,"play_id":"7368e96f-e23a-48f7-8df4-2c1331c10622","local_time":"20190718204250","is_ascension_mode":true,"campfire_choices":[{"data":"Deadly Poison","floor":6.0,"key":"SMITH"},{"data":"Tactician","floor":8.0,"key":"SMITH"},{"data":"Prepared","floor":11.0,"key":"SMITH"},{"data":"Catalyst","floor":15.0,"key":"SMITH"},{"data":"Acrobatics","floor":23.0,"key":"SMITH"},{"data":"Acrobatics","floor":25.0,"key":"SMITH"},{"data":"Calculated Gamble","floor":32.0,"key":"SMITH"},{"floor":44,"key":"RECALL"},{"data":"Well Laid Plans","floor":49,"key":"SMITH"},{"floor":53,"key":"REST"}],"neow_cost":"TEN_PERCENT_HP_LOSS","seed_source_timestamp":322538075315600,"circlet_count":0,"master_deck":["AscendersBane","Defend_G+1","Defend_G+1","Defend_G+1","Defend_G+1","Survivor+1","Neutralize+1","Tactician+1","Deadly Poison+1","Prepared+1","Catalyst+1","Corpse Explosion+1","Well Laid Plans+1","Malaise+1","Acrobatics+1","Escape Plan+1","Acrobatics+1","Ghostly+1","Ghostly+1","Ghostly+1","Tactician+1","Calculated Gamble+1","After Image+1","Acrobatics+1","Catalyst+1","Impatience+1","Well Laid Plans+1"],"special_seed":0,"relics":["Ring of the Snake","Prayer Wheel","Centennial Puzzle","Calling Bell","Potion Belt","Kunai","Ginger","Oddly Smooth Stone","Vajra","Strawberry","Orrery","Mark of the Bloom","Question Card","Smiling Mask","Happy Flower","Medical Kit","Art of War"],"potions_floor_usage":[56,56,56,56],"damage_taken":[{"damage":4.0,"enemies":"Small Slimes","floor":1.0,"turns":4.0},{"damage":6.0,"enemies":"Cultist","floor":2.0,"turns":4.0},{"damage":2.0,"enemies":"Jaw Worm","floor":3.0,"turns":4.0},{"damage":0.0,"enemies":"2 Fungi Beasts","floor":5.0,"turns":5.0},{"damage":7.0,"enemies":"Blue Slaver","floor":7.0,"turns":5.0},{"damage":13.0,"enemies":"Large Slime","floor":10.0,"turns":5.0},{"damage":6.0,"enemies":"3 Louse","floor":12.0,"turns":4.0},{"damage":3.0,"enemies":"The Guardian","floor":16.0,"turns":8.0},{"damage":5.0,"enemies":"Chosen","floor":18.0,"turns":4.0},{"damage":16.0,"enemies":"2 Thieves","floor":19.0,"turns":4.0},{"damage":7.0,"enemies":"Snake Plant","floor":24.0,"turns":4.0},{"damage":6.0,"enemies":"Slavers","floor":28.0,"turns":3.0},{"damage":5.0,"enemies":"Cultist and Chosen","floor":30.0,"turns":4.0},{"damage":0.0,"enemies":"Snecko","floor":31.0,"turns":6.0},{"damage":20.0,"enemies":"Collector","floor":33.0,"turns":11.0},{"damage":0.0,"enemies":"Orb Walker","floor":35.0,"turns":4.0},{"damage":1,"enemies":"3 Shapes","floor":39,"turns":2},{"damage":0,"enemies":"Giant Head","floor":40,"turns":4},{"damage":0,"enemies":"Nemesis","floor":42,"turns":7},{"damage":0,"enemies":"Jaw Worm Horde","floor":45,"turns":3},{"damage":0,"enemies":"4 Shapes","floor":46,"turns":3},{"damage":0,"enemies":"Writhing Mass","floor":47,"turns":3},{"damage":0,"enemies":"Awakened One","floor":50,"turns":7},{"damage":0,"enemies":"Time Eater","floor":51,"turns":6},{"damage":0,"enemies":"Shield and Spear","floor":55,"turns":3},{"damage":0,"enemies":"The Heart","floor":56,"turns":7}],"seed_played":"-2998193607320665292","potions_obtained":[{"floor":5.0,"key":"Energy Potion"},{"floor":7.0,"key":"Explosive Potion"},{"floor":12.0,"key":"SpeedPotion"},{"floor":16.0,"key":"Regen Potion"},{"floor":18.0,"key":"Fire Potion"},{"floor":28.0,"key":"Dexterity Potion"},{"floor":30.0,"key":"SteroidPotion"},{"floor":35.0,"key":"GhostInAJar"},{"floor":40,"key":"Dexterity Potion"}],"is_trial":false,"path_per_floor":["M","M","M","?","M","R","M","R","T","M","R","M","?","$","R","B",null,"M","M","$","?","$","R","M","R","T","?","E","T","M","M","R","B",null,"M","?","?","?","M","E","T","E","T","R","M","M","M","$","R","B","B",null,"R","$","E","B",null],"character_chosen":"THE_SILENT","items_purchased":["Well Laid Plans","Medical Kit"],"campfire_rested":1,"item_purchase_floors":[14,54],"current_hp_per_floor":[55,49,47,41,41,41,34,34,34,21,21,15,15,15,15,12,48,43,41,41,41,41,41,34,34,34,30,24,31,26,26,26,6,29,29,29,29,29,28,28,28,28,28,28,28,28,28,28,28,28,28,28,28,28,28,28],"gold":62,"neow_bonus":"ONE_RARE_RELIC","is_prod":false,"is_daily":false,"chose_seed":false,"campfire_upgraded":8,"win_rate":0,"timestamp":1563453770,"path_taken":["M","M","M","?","M","R","M","R","T","?","R","M","?","$","R","BOSS","M","M","$","?","$","R","M","R","T","?","E","?","M","M","R","BOSS","M","?","?","?","M","E","?","E","T","R","M","M","M","?","R","BOSS","BOSS","R","$","E","BOSS"],"build_version":"2019-07-17","purchased_purges":4,"victory":true,"max_hp_per_floor":[60,60,60,60,60,60,60,60,60,60,60,60,60,60,60,60,60,60,60,60,60,60,60,60,60,60,30,30,37,37,37,37,37,37,37,37,37,37,37,37,37,37,37,37,37,37,37,37,37,37,37,37,37,37,37,37],"card_choices":[{"not_picked":["Acrobatics","Sucker Punch"],"picked":"Tactician","floor":1.0},{"not_picked":["Dodge and Roll","Backflip"],"picked":"Deadly Poison","floor":1.0},{"not_picked":["PiercingWail","Skewer","Flying Knee"],"picked":"SKIP","floor":2.0},{"not_picked":["Dash","Dagger Throw","Outmaneuver"],"picked":"SKIP","floor":2.0},{"not_picked":["Expertise","A Thousand Cuts"],"picked":"Prepared","floor":3.0},{"not_picked":["Finisher","All Out Attack","Dash"],"picked":"SKIP","floor":3.0},{"not_picked":["Terror","Bane"],"picked":"Catalyst","floor":5.0},{"not_picked":["Dagger Throw","Backstab","Bouncing Flask"],"picked":"SKIP","floor":5.0},{"not_picked":["Bouncing Flask","Skewer","Prepared"],"picked":"SKIP","floor":7.0},{"not_picked":["Heel Hook","Footwork","Dagger Spray"],"picked":"SKIP","floor":7.0},{"not_picked":["Outmaneuver","Poisoned Stab","Predator"],"picked":"SKIP","floor":10.0},{"not_picked":["Slice","Bane","Dodge and Roll"],"picked":"SKIP","floor":10.0},{"not_picked":["Sucker Punch","Quick Slash"],"picked":"Corpse Explosion","floor":12.0},{"not_picked":["Slice","PiercingWail","Backflip"],"picked":"SKIP","floor":12.0},{"not_picked":["Doppelganger","Bullet Time"],"picked":"Malaise","floor":16.0},{"not_picked":["Poisoned Stab","Backflip"],"picked":"Acrobatics","floor":18.0},{"not_picked":["Reflex","Heel Hook","PiercingWail"],"picked":"SKIP","floor":18.0},{"not_picked":["Outmaneuver","Blur"],"picked":"Escape Plan","floor":19.0},{"not_picked":["Dagger Throw","Flying Knee","Expertise"],"picked":"SKIP","floor":19.0},{"not_picked":["Poisoned Stab","Sucker Punch"],"picked":"Acrobatics","floor":24.0},{"not_picked":["Storm of Steel","Deadly Poison","Dagger Throw"],"picked":"SKIP","floor":24.0},{"not_picked":["Setup","Backstab+1","Blade Dance"],"picked":"SKIP","floor":28.0},{"not_picked":["Cloak And Dagger","Prepared+1"],"picked":"Tactician","floor":30.0},{"not_picked":["Masterful Stab","Caltrops","PiercingWail"],"picked":"SKIP","floor":30.0},{"not_picked":["Skewer","Tactician"],"picked":"Calculated Gamble","floor":31.0},{"not_picked":["Prepared","Infinite Blades","Bane"],"picked":"SKIP","floor":31.0},{"not_picked":["Night Terror","Die Die Die"],"picked":"After Image","floor":33.0},{"not_picked":["Backflip","Deflect"],"picked":"Acrobatics","floor":34.0},{"not_picked":["Skewer","Concentrate"],"picked":"Catalyst","floor":35.0},{"not_picked":["Noxious Fumes","Bane","Flying Knee"],"picked":"SKIP","floor":35.0},{"not_picked":["Trip","Panache"],"picked":"Impatience","floor":37},{"not_picked":["Blade Dance","Tactician","Cloak And Dagger"],"picked":"SKIP","floor":39},{"not_picked":["Slice","Acrobatics","PiercingWail"],"picked":"SKIP","floor":39},{"not_picked":["Dagger Spray","Bane+1","Cloak And Dagger"],"picked":"SKIP","floor":40},{"not_picked":["Poisoned Stab","Calculated Gamble+1","Masterful Stab","Deadly Poison+1"],"picked":"SKIP","floor":42},{"not_picked":["Catalyst","Escape Plan","Predator","Riddle With Holes"],"picked":"SKIP","floor":45},{"not_picked":["Well Laid Plans","Underhanded Strike","Slice","Wraith Form v2"],"picked":"SKIP","floor":45},{"not_picked":["Underhanded Strike","Slice","Wraith Form v2"],"picked":"Well Laid Plans","floor":45},{"not_picked":["Catalyst","Escape Plan","Predator","Riddle With Holes"],"picked":"SKIP","floor":45},{"not_picked":["Blade Dance","Cloak And Dagger+1","Dodge and Roll+1","All Out Attack"],"picked":"SKIP","floor":46},{"not_picked":["Terror+1","Leg Sweep","Caltrops","Accuracy"],"picked":"SKIP","floor":46},{"not_picked":["Backflip","Escape Plan","Catalyst","Accuracy"],"picked":"SKIP","floor":47},{"not_picked":["Blade Dance","Outmaneuver","Distraction","Glass Knife"],"picked":"SKIP","floor":47},{"not_picked":["Deflect","Blade Dance","All Out Attack","Slice"],"picked":"SKIP","floor":55}],"player_experience":659499,"relics_obtained":[{"floor":9.0,"key":"Centennial Puzzle"},{"floor":17.0,"key":"Potion Belt"},{"floor":17.0,"key":"Kunai"},{"floor":17.0,"key":"Ginger"},{"floor":26.0,"key":"Oddly Smooth Stone"},{"floor":28.0,"key":"Vajra"},{"floor":29.0,"key":"Strawberry"},{"floor":40,"key":"Question Card"},{"floor":42,"key":"Smiling Mask"},{"floor":43,"key":"Happy Flower"},{"floor":55,"key":"Art of War"}],"event_choices":[{"damage_healed":0.0,"max_hp_gain":0.0,"max_hp_loss":0.0,"gold_gain":50.0,"event_name":"FaceTrader","player_choice":"Touch","floor":4.0,"gold_loss":0.0,"damage_taken":6.0},{"cards_removed":["Strike_G"],"damage_healed":0.0,"max_hp_gain":0.0,"max_hp_loss":0.0,"gold_gain":0.0,"event_name":"The Cleric","player_choice":"Card Removal","floor":13.0,"gold_loss":75.0,"damage_taken":0.0},{"damage_healed":0.0,"max_hp_gain":0.0,"max_hp_loss":0.0,"gold_gain":0.0,"event_name":"Cursed Tome","player_choice":"Ignored","floor":21.0,"gold_loss":0.0,"damage_taken":0.0},{"damage_healed":0.0,"max_hp_gain":0.0,"max_hp_loss":30.0,"gold_gain":0.0,"event_name":"Ghosts","player_choice":"Became a Ghost","floor":27.0,"gold_loss":0.0,"damage_taken":0.0,"cards_obtained":["Ghostly","Ghostly","Ghostly"]},{"cards_removed":["Strike_G"],"damage_healed":0.0,"max_hp_gain":0.0,"max_hp_loss":0.0,"gold_gain":0.0,"event_name":"Falling","player_choice":"Removed Attack","floor":36.0,"gold_loss":0.0,"damage_taken":0.0},{"damage_healed":0,"gold_gain":0,"player_choice":"Memory 1","damage_taken":0,"max_hp_gain":0,"max_hp_loss":0,"event_name":"SensoryStone","floor":37,"gold_loss":0},{"damage_healed":0,"gold_gain":0,"player_choice":"Upgrade","damage_taken":0,"relics_obtained":["Mark of the Bloom"],"max_hp_gain":0,"max_hp_loss":0,"event_name":"MindBloom","floor":38,"gold_loss":0,"cards_upgraded":["Strike_G","Defend_G","Defend_G","Defend_G","Defend_G","Defend_G","Survivor","Neutralize","Corpse Explosion","Well Laid Plans","Malaise","Escape Plan","Ghostly","Ghostly","Ghostly","Tactician","After Image","Acrobatics","Catalyst","Impatience"]}],"is_beta":false,"boss_relics":[{"not_picked":["Coffee Dripper","Tiny House"],"picked":"Calling Bell"},{"not_picked":["Velvet Choker","Snecko Eye"],"picked":"Orrery"}],"items_purged_floors":[20,22,48,54],"is_endless":false,"potions_floor_spawned":[5,7,12,16,18,28,30,35,40,47],"ascension_level":20}