{"gold_per_floor":[114,39,189,31,43,76,76,106,169,206,218,264,295,307,319,406,418,443,455,467,493,248,248,279,379,429,429,444,444,444,459,459,534,534,550,338,356,375,225,258,276,286,354,354,354,388,402,429,429,429,429,429,429,14,44,44],"floor_reached":57,"playtime":3186,"items_purged":["Doubt","Dagger Spray","Glass Knife","Glass Knife","Tools of the Trade"],"score":3622,"play_id":"95ccefaf-906e-4603-8189-f5c074a1fe93","local_time":"20190318125421","is_ascension_mode":true,"campfire_choices":[{"data":"Deadly Poison","floor":7.0,"key":"SMITH"},{"data":"Acrobatics","floor":15.0,"key":"SMITH"},{"data":"Wraith Form v2","floor":23.0,"key":"SMITH"},{"data":"Tactician","floor":27.0,"key":"SMITH"},{"data":"Prepared","floor":29.0,"key":"SMITH"},{"data":"Calculated Gamble","floor":32.0,"key":"SMITH"},{"data":"Reflex","floor":44,"key":"SMITH"},{"floor":49,"key":"RECALL"},{"data":"Grand Finale","floor":53,"key":"SMITH"}],"neow_cost":"NONE","seed_source_timestamp":3636068079125,"circlet_count":0,"master_deck":["AscendersBane","Survivor","Neutralize","Dagger Throw","Tactician+1","Acrobatics+1","Deadly Poison+1","All Out Attack","Corpse Explosion","Tools of the Trade+1","Noxious Fumes","Wraith Form v2+1","Choke","Prepared+1","Calculated Gamble+1","Reflex+1","Grand Finale+1"],"special_seed":0,"relics":["Ring of the Snake","NeowsBlessing","Boot","MawBank","Anchor","Omamori","Tingsha","Pandora\u0027s Box","Happy Flower","Tough Bandages","Unceasing Top","Dodecahedron","Bag of Marbles","Coffee Dripper","Sundial","Mercury Hourglass","Lantern","Pen Nib","Bottled Tornado"],"potions_floor_usage":[35,56,56],"damage_taken":[{"damage":0.0,"enemies":"Small Slimes","floor":1.0,"turns":1.0},{"damage":0.0,"enemies":"Jaw Worm","floor":5.0,"turns":1.0},{"damage":0.0,"enemies":"3 Sentries","floor":6.0,"turns":2.0},{"damage":32.0,"enemies":"Lagavulin","floor":8.0,"turns":6.0},{"damage":4.0,"enemies":"3 Sentries","floor":10.0,"turns":10.0},{"damage":26.0,"enemies":"Lagavulin","floor":12.0,"turns":7.0},{"damage":0.0,"enemies":"2 Louse","floor":13.0,"turns":2.0},{"damage":28.0,"enemies":"Slime Boss","floor":16.0,"turns":8.0},{"damage":33.0,"enemies":"Spheric Guardian","floor":18.0,"turns":4.0},{"damage":6.0,"enemies":"3 Byrds","floor":21.0,"turns":3.0},{"damage":0.0,"enemies":"Gremlin Leader","floor":24.0,"turns":5.0},{"damage":0.0,"enemies":"Colosseum Slavers","floor":25.0,"turns":5.0},{"damage":0.0,"enemies":"Colosseum Nobs","floor":25.0,"turns":4.0},{"damage":2.0,"enemies":"Snake Plant","floor":28.0,"turns":3.0},{"damage":0.0,"enemies":"Centurion and Healer","floor":31.0,"turns":2.0},{"damage":0.0,"enemies":"Collector","floor":33.0,"turns":5.0},{"damage":0,"enemies":"3 Shapes","floor":35,"turns":2},{"damage":0,"enemies":"3 Darklings","floor":37,"turns":2},{"damage":0,"enemies":"Maw","floor":38,"turns":4},{"damage":0,"enemies":"Nemesis","floor":40,"turns":4},{"damage":0,"enemies":"Jaw Worm Horde","floor":41,"turns":2},{"damage":0,"enemies":"Sphere and 2 Shapes","floor":42,"turns":2},{"damage":0,"enemies":"Reptomancer","floor":46,"turns":2},{"damage":0,"enemies":"Transient","floor":47,"turns":2},{"damage":0,"enemies":"Nemesis","floor":48,"turns":3},{"damage":21,"enemies":"Time Eater","floor":50,"turns":7},{"damage":0,"enemies":"Donu and Deca","floor":51,"turns":4},{"damage":0,"enemies":"Shield and Spear","floor":55,"turns":4},{"damage":0,"enemies":"The Heart","floor":56,"turns":6}],"seed_played":"8830098664926861842","potions_obtained":[{"floor":8.0,"key":"PowerPotion"},{"floor":10.0,"key":"GamblersBrew"},{"floor":12.0,"key":"PowerPotion"},{"floor":21.0,"key":"SpeedPotion"},{"floor":24.0,"key":"Block Potion"},{"floor":38,"key":"PowerPotion"}],"is_trial":false,"path_per_floor":["M","?","?","$","M","E","R","E","T","E","?","E","M","?","R","B",null,"M","?","?","M","$","R","E","?","T","R","M","R","?","M","R","B",null,"M","$","M","M","$","E","M","M","T","R","?","E","M","E","R","B","B",null,"R","$","E","B",null],"character_chosen":"THE_SILENT","items_purchased":["Tactician","Happy Flower","Reflex","GamblersBrew","Pen Nib"],"campfire_rested":0,"item_purchase_floors":[4,22,36,54,54],"current_hp_per_floor":[59,59,59,59,59,59,59,27,27,23,66,40,40,45,45,17,58,25,25,25,19,19,19,19,19,19,19,17,17,17,17,17,17,58,58,58,58,58,58,58,58,58,58,58,58,58,58,58,58,37,37,63,63,63,63,63],"gold":44,"neow_bonus":"THREE_ENEMY_KILL","is_prod":false,"is_daily":false,"chose_seed":false,"campfire_upgraded":8,"win_rate":0,"timestamp":1552884861,"path_taken":["M","?","?","?","M","E","R","E","T","E","?","E","?","?","R","BOSS","M","?","?","M","$","R","E","?","T","R","M","R","?","M","R","BOSS","M","$","?","M","$","E","M","M","T","R","?","E","?","E","R","BOSS","BOSS","R","$","E","BOSS"],"build_version":"2019-01-23","purchased_purges":5,"victory":true,"max_hp_per_floor":[66,66,66,66,66,66,66,66,66,66,66,66,66,71,71,71,71,71,71,71,71,71,71,71,71,71,71,71,71,71,71,71,71,71,71,71,71,71,71,71,71,71,71,71,71,71,71,71,71,71,71,71,71,71,71,71],"card_choices":[{"not_picked":["Slice","Cloak And Dagger"],"picked":"Dagger Throw","floor":1.0},{"not_picked":["Dagger Throw","All Out Attack"],"picked":"Acrobatics","floor":5.0},{"not_picked":["Tactician","Phantasmal Killer"],"picked":"Deadly Poison","floor":6.0},{"not_picked":["Bane","Setup"],"picked":"Dash","floor":8.0},{"not_picked":["Finisher","Accuracy"],"picked":"All Out Attack","floor":10.0},{"not_picked":["Outmaneuver","Blur","Caltrops"],"picked":"SKIP","floor":12.0},{"not_picked":["Caltrops","Prepared","Outmaneuver"],"picked":"SKIP","floor":13.0},{"not_picked":["Malaise","Wraith Form v2"],"picked":"Corpse Explosion","floor":16.0},{"not_picked":["Quick Slash","Slice","Cloak And Dagger"],"picked":"SKIP","floor":18.0},{"not_picked":["Sucker Punch","Expertise","Poisoned Stab"],"picked":"SKIP","floor":21.0},{"not_picked":["Flying Knee","Leg Sweep"],"picked":"Prepared","floor":24.0},{"not_picked":["Poisoned Stab","Quick Slash","Underhanded Strike"],"picked":"SKIP","floor":28.0},{"not_picked":["PiercingWail","Noxious Fumes+1"],"picked":"Calculated Gamble","floor":31.0},{"not_picked":["Backflip","Terror","Choke"],"picked":"SKIP","floor":35},{"not_picked":["Caltrops","Deadly Poison+1","Skewer+1"],"picked":"SKIP","floor":37},{"not_picked":["Expertise","Tactician","Underhanded Strike"],"picked":"SKIP","floor":38},{"not_picked":["Crippling Poison+1","Blur","Blade Dance"],"picked":"SKIP","floor":40},{"not_picked":["Footwork","Dodge and Roll+1","Underhanded Strike"],"picked":"SKIP","floor":41},{"not_picked":["Catalyst","Quick Slash+1","Acrobatics"],"picked":"SKIP","floor":42},{"not_picked":["Prepared","Deflect","Cloak And Dagger+1"],"picked":"SKIP","floor":46},{"not_picked":["Blade Dance","Underhanded Strike"],"picked":"Grand Finale","floor":47},{"not_picked":["Acrobatics+1","Poisoned Stab","Sucker Punch"],"picked":"SKIP","floor":48},{"not_picked":["Slice","Bane","Dagger Throw"],"picked":"SKIP","floor":55}],"player_experience":3677659,"relics_obtained":[{"floor":6.0,"key":"Boot"},{"floor":8.0,"key":"MawBank"},{"floor":9.0,"key":"Anchor"},{"floor":10.0,"key":"Omamori"},{"floor":12.0,"key":"Tingsha"},{"floor":24.0,"key":"Tough Bandages"},{"floor":25.0,"key":"Unceasing Top"},{"floor":25.0,"key":"Dodecahedron"},{"floor":26.0,"key":"Bag of Marbles"},{"floor":40,"key":"Sundial"},{"floor":46,"key":"Mercury Hourglass"},{"floor":48,"key":"Lantern"},{"floor":55,"key":"Bottled Tornado"}],"event_choices":[{"cards_removed":["Strike_G"],"damage_healed":0.0,"max_hp_gain":0.0,"max_hp_loss":0.0,"gold_gain":0.0,"event_name":"The Cleric","player_choice":"Card Removal","floor":2.0,"gold_loss":75.0,"damage_taken":0.0},{"damage_healed":0.0,"max_hp_gain":0.0,"max_hp_loss":0.0,"gold_gain":150.0,"event_name":"Liars Game","player_choice":"AGREE","floor":3.0,"gold_loss":0.0,"damage_taken":0.0,"cards_obtained":["Doubt"]},{"cards_removed":["Dash"],"damage_healed":43.0,"max_hp_gain":0.0,"max_hp_loss":0.0,"gold_gain":0.0,"event_name":"Bonfire Elementals","player_choice":"Offered Uncommon","floor":11.0,"gold_loss":0.0,"damage_taken":0.0},{"damage_healed":0.0,"max_hp_gain":5.0,"max_hp_loss":0.0,"gold_gain":0.0,"event_name":"Big Fish","player_choice":"Donut","floor":14.0,"gold_loss":0.0,"damage_taken":0.0},{"damage_healed":0.0,"max_hp_gain":0.0,"max_hp_loss":0.0,"gold_gain":0.0,"event_name":"Vampires","player_choice":"Ignored","floor":19.0,"gold_loss":0.0,"damage_taken":0.0},{"damage_healed":0.0,"max_hp_gain":0.0,"max_hp_loss":0.0,"gold_gain":0.0,"event_name":"Forgotten Altar","player_choice":"Smashed Altar","floor":20.0,"gold_loss":0.0,"damage_taken":0.0,"cards_obtained":["Decay"]},{"damage_healed":0.0,"max_hp_gain":0.0,"max_hp_loss":0.0,"gold_gain":0.0,"event_name":"Colosseum","player_choice":"Fight","floor":25.0,"gold_loss":0.0,"damage_taken":0.0},{"damage_healed":0.0,"max_hp_gain":0.0,"max_hp_loss":0.0,"gold_gain":0.0,"event_name":"Colosseum","player_choice":"Fought Nobs","floor":25.0,"gold_loss":0.0,"damage_taken":0.0},{"cards_removed":["Deadly Poison"],"damage_healed":0.0,"max_hp_gain":0.0,"max_hp_loss":0.0,"gold_gain":0.0,"event_name":"Purifier","player_choice":"Purged","floor":30.0,"gold_loss":0.0,"damage_taken":0.0},{"damage_healed":0,"gold_gain":0,"player_choice":"Upgraded","damage_taken":0,"max_hp_gain":0,"max_hp_loss":0,"event_name":"Upgrade Shrine","floor":45,"gold_loss":0,"cards_upgraded":["Tools of the Trade"]}],"is_beta":false,"boss_relics":[{"not_picked":["Velvet Choker","Empty Cage"],"picked":"Pandora\u0027s Box"},{"not_picked":["Eternal Feather","Calling Bell"],"picked":"Coffee Dripper"}],"items_purged_floors":[4,22,36,39,54],"is_endless":false,"potions_floor_spawned":[8,10,12,21,24,25,33,38,41,47,48,55],"ascension_level":20}