{"gold_per_floor":[119,119,119,129,54,54,84,101,125,141,141,154,182,156,156,156],"floor_reached":16,"playtime":519,"items_purged":["Strike_G"],"score":324,"play_id":"b13f669b-951b-4e40-b7ec-d1942673bacf","local_time":"20190122173208","is_ascension_mode":true,"campfire_choices":[{"data":"Flechettes","floor":6,"key":"SMITH"},{"data":"Expertise","floor":15,"key":"SMITH"}],"neow_cost":"NONE","seed_source_timestamp":7782806017112,"circlet_count":0,"master_deck":["AscendersBane","Defend_G","Defend_G","Defend_G","Defend_G","Defend_G","Strike_G","Strike_G","Strike_G","Survivor","Neutralize","Flechettes+1","Footwork+1","Expertise+1","Terror"],"special_seed":0,"relics":["Ring of the Snake","NeowsBlessing","PreservedInsect","Pantograph"],"potions_floor_usage":[12,16,16],"damage_taken":[{"damage":0,"enemies":"2 Louse","floor":1,"turns":1},{"damage":0,"enemies":"Cultist","floor":4,"turns":1},{"damage":0,"enemies":"Gremlin Nob","floor":7,"turns":1},{"damage":7,"enemies":"Jaw Worm","floor":8,"turns":7},{"damage":6,"enemies":"Lots of Slimes","floor":10,"turns":7},{"damage":0,"enemies":"Gremlin Gang","floor":12,"turns":6},{"damage":0,"enemies":"Lagavulin","floor":13,"turns":5},{"damage":6,"enemies":"Exordium Thugs","floor":14,"turns":5},{"damage":52,"enemies":"Slime Boss","floor":16,"turns":17}],"seed_played":"3482559169125430385","potions_obtained":[{"floor":8,"key":"AttackPotion"},{"floor":12,"key":"SkillPotion"},{"floor":14,"key":"Poison Potion"}],"is_trial":false,"path_per_floor":["?","M","M","?","M","M"],"character_chosen":"THE_SILENT","items_purchased":[],"campfire_rested":0,"item_purchase_floors":[],"current_hp_per_floor":[59,59,59,59,59,59,59,52,52,46,46,46,46,40,40,13],"gold":156,"neow_bonus":"THREE_ENEMY_KILL","is_prod":false,"is_daily":false,"chose_seed":false,"campfire_upgraded":2,"win_rate":0,"timestamp":1548149528,"path_taken":["M","$","?","?","$","R","E","M","T","?","?","?","E","?","R","BOSS"],"build_version":"2019-01-20","purchased_purges":1,"victory":false,"max_hp_per_floor":[66,66,66,66,66,66,66,66,66,66,66,66,66,66,66,66],"card_choices":[{"not_picked":["Outmaneuver","Blur"],"picked":"Flechettes","floor":1},{"not_picked":["Leg Sweep","Sucker Punch","Blade Dance"],"picked":"SKIP","floor":4},{"not_picked":["Setup","Outmaneuver"],"picked":"Footwork","floor":7},{"not_picked":["Bouncing Flask","Bane"],"picked":"Expertise","floor":8},{"not_picked":["Poisoned Stab","Outmaneuver","PiercingWail"],"picked":"SKIP","floor":10},{"not_picked":["PiercingWail","Deflect"],"picked":"Terror","floor":12},{"not_picked":["Distraction","All Out Attack","Leg Sweep"],"picked":"SKIP","floor":13},{"not_picked":["Dodge and Roll","Slice","Cloak And Dagger"],"picked":"SKIP","floor":14}],"player_experience":1315157,"relics_obtained":[{"floor":7,"key":"PreservedInsect"},{"floor":13,"key":"Pantograph"}],"event_choices":[{"cards_removed":["Strike_G"],"damage_healed":0,"gold_gain":0,"player_choice":"Offered Basic","damage_taken":0,"max_hp_gain":0,"max_hp_loss":0,"event_name":"Bonfire Elementals","floor":3,"gold_loss":0},{"damage_healed":0,"gold_gain":0,"player_choice":"Upgraded","damage_taken":0,"max_hp_gain":0,"max_hp_loss":0,"event_name":"Upgrade Shrine","floor":11,"gold_loss":0,"cards_upgraded":["Footwork"]}],"is_beta":true,"boss_relics":[],"items_purged_floors":[5],"is_endless":false,"potions_floor_spawned":[8,12,14],"killed_by":"Slime Boss","ascension_level":20}