{"gold_per_floor":[111,127,143,158,158,183,183,193,193,193],"floor_reached":10,"playtime":488,"items_purged":[],"score":123,"play_id":"9f2984a9-a73d-42fa-8f50-5dac55d2eec7","local_time":"20190428170151","is_ascension_mode":true,"campfire_choices":[{"floor":7,"key":"REST"}],"neow_cost":"NONE","seed_source_timestamp":20108715653132,"circlet_count":0,"master_deck":["AscendersBane","Defend_G","Defend_G","Defend_G","Defend_G","Strike_G","Strike_G","Strike_G","Strike_G","Survivor","Neutralize","Flying Knee","Dagger Throw","After Image","Deflect","Footwork","Deadly Poison"],"relics":["Empty Cage","Snake Skull","Blue Candle"],"potions_floor_usage":[10],"damage_taken":[{"damage":3,"enemies":"Cultist","floor":1,"turns":6},{"damage":7,"enemies":"Small Slimes","floor":2,"turns":5},{"damage":3,"enemies":"2 Louse","floor":3,"turns":3},{"damage":6,"enemies":"Looter","floor":4,"turns":4},{"damage":26,"enemies":"Gremlin Nob","floor":6,"turns":6},{"damage":19,"enemies":"Exordium Wildlife","floor":8,"turns":7},{"damage":6,"enemies":"Blue Slaver","floor":10,"turns":2}],"seed_played":"-2929125537152908641","potions_obtained":[{"floor":6,"key":"FearPotion"}],"is_trial":false,"path_per_floor":["M","M","M","M","?","E","R","M","T","M"],"character_chosen":"THE_SILENT","items_purchased":[],"campfire_rested":1,"item_purchase_floors":[],"current_hp_per_floor":[56,49,46,40,31,5,24,5,5,0],"gold":193,"neow_bonus":"BOSS_RELIC","is_prod":false,"is_daily":false,"chose_seed":false,"campfire_upgraded":0,"win_rate":0,"timestamp":1556463711,"path_taken":["M","?","M","M","?","E","R","M","T","?"],"build_version":"2019-01-23","purchased_purges":0,"victory":false,"max_hp_per_floor":[66,66,66,66,66,66,66,66,66,66],"card_choices":[{"not_picked":["Acrobatics","Dodge and Roll"],"picked":"Flying Knee","floor":1},{"not_picked":["Skewer","Sucker Punch"],"picked":"Dagger Throw","floor":2},{"not_picked":["Eviscerate","Cloak And Dagger"],"picked":"After Image","floor":3},{"not_picked":["Flying Knee","Acrobatics"],"picked":"Deflect","floor":4},{"not_picked":["Blade Dance","Bane"],"picked":"Footwork","floor":6},{"not_picked":["Sucker Punch","Dagger Spray"],"picked":"Deadly Poison","floor":8}],"player_experience":521928,"relics_obtained":[{"floor":6,"key":"Snake Skull"},{"floor":9,"key":"Blue Candle"}],"event_choices":[{"damage_healed":0,"gold_gain":0,"player_choice":"Damaged","damage_taken":9,"max_hp_gain":0,"max_hp_loss":0,"event_name":"Wheel of Change","floor":5,"gold_loss":0}],"is_beta":false,"boss_relics":[],"items_purged_floors":[],"is_endless":false,"potions_floor_spawned":[6],"killed_by":"Blue Slaver","ascension_level":15}