{"path_per_floor":["M","?","?","?","M","E","M","R","T","M","M","M","M","E","R","B",null,"M","M","$","M","M","E","?","M","T","$","M","R","?","E","R","B",null,"M","$","M","?","M","E","?","M","T","E","R","T","R","?","R","B"],"character_chosen":"THE_SILENT","items_purchased":["Lantern","Madness","Whetstone","Bandage Up"],"gold_per_floor":[114,91,91,91,106,136,151,151,151,166,181,196,211,241,241,341,341,356,371,169,184,199,229,144,159,234,64,79,79,79,109,109,209,209,224,101,116,116,131,161,161,176,201,231,231,231,231,231,231,231],"floor_reached":51,"campfire_rested":1,"playtime":2185,"current_hp_per_floor":[70,70,63,63,63,63,63,63,63,63,63,63,63,54,54,54,70,70,70,70,70,70,27,27,27,27,27,18,39,39,40,40,40,72,74,74,76,76,78,80,80,82,82,70,70,70,70,70,70,74],"items_purged":["Dagger Spray","Venomology"],"gold":231,"score":1059,"play_id":"9bd9e8a1-3aee-4158-a673-b4c220e0de58","local_time":"20180407175248","daily_mods":["Draft","Time Dilation","Lethality"],"is_prod":false,"is_daily":true,"is_ascension_mode":false,"campfire_upgraded":6,"timestamp":1523094768,"path_taken":["M","?","?","?","M","E","M","R","T","M","?","M","M","E","R","BOSS","M","?","?","M","M","E","?","?","T","?","M","R","?","E","R","BOSS","M","$","M","?","M","E","?","?","T","E","R","?","R","?","R","BOSS"],"build_version":"2018-04-05v2","purchased_purges":3,"victory":true,"master_deck":["Slice","Cloak And Dagger+1","Dagger Throw+1","Predator+1","Backstab","Backflip","Blade Dance+1","Malaise+1","Accuracy+1","Blur","Well Laid Plans","Prepared+1","Infinite Blades","After Image+1","Blade Dance+1","Madness","Calculated Gamble","Escape Plan","Bandage Up"],"max_hp_per_floor":[70,70,70,70,70,70,70,70,70,70,70,70,70,70,70,70,70,70,70,70,70,70,70,70,70,70,70,70,70,70,72,72,72,72,74,74,76,76,78,80,80,82,82,84,84,84,84,84,84,84],"relics":["Ring of the Snake","Art of War","The Courier","Shuriken","Black Star","Lantern","Smiling Mask","Letter Opener","Darkstone Periapt","Ornamental Fan","Whetstone","Bag of Preparation","Singing Bowl","Sozu","Mummified Hand","Paper Crane","Bronze Scales","Blue Candle","Molten Egg 2","Dead Branch"],"card_choices":[{"not_picked":["Dagger Throw","PiercingWail"],"picked":"Slice","floor":0},{"not_picked":["Quick Slash","Distraction"],"picked":"Cloak And Dagger","floor":0},{"not_picked":["Dodge and Roll","Deflect"],"picked":"Dagger Throw","floor":0},{"not_picked":["Backflip","Prepared"],"picked":"Predator","floor":0},{"not_picked":["Expertise","Deflect"],"picked":"Backstab","floor":0},{"not_picked":["Prepared","Poisoned Stab"],"picked":"Backflip","floor":0},{"not_picked":["Bane","Dodge and Roll"],"picked":"Acrobatics","floor":0},{"not_picked":["Bane","Poisoned Stab"],"picked":"Deflect","floor":0},{"not_picked":["Underhanded Strike","Sucker Punch"],"picked":"Blade Dance","floor":0},{"not_picked":["Sucker Punch","Bane"],"picked":"Malaise","floor":0},{"not_picked":["Predator","Prepared"],"picked":"Dagger Spray","floor":0},{"not_picked":["Cloak And Dagger","Quick Slash"],"picked":"Accuracy","floor":0},{"not_picked":["Backflip","Dodge and Roll"],"picked":"Footwork","floor":0},{"not_picked":["Noxious Fumes","Predator"],"picked":"Blur","floor":0},{"not_picked":["Bouncing Flask","Poisoned Stab"],"picked":"Quick Slash","floor":0},{"not_picked":["Dash","PiercingWail"],"picked":"Well Laid Plans","floor":5},{"not_picked":["Quick Slash","Deadly Poison"],"picked":"Prepared","floor":6},{"not_picked":["Slice","Prepared"],"picked":"Infinite Blades","floor":13},{"not_picked":["Bullet Time","Wraith Form"],"picked":"After Image","floor":16},{"not_picked":["PiercingWail","Poisoned Stab"],"picked":"Blade Dance","floor":19},{"not_picked":["Deadly Poison","Backflip"],"picked":"Calculated Gamble","floor":25},{"not_picked":["Heel Hook","Dodge and Roll"],"picked":"Escape Plan","floor":28},{"not_picked":["Night Terror","Die Die Die"],"picked":"Venomology","floor":33}],"player_experience":379355,"potions_floor_usage":[21,33],"damage_taken":[{"damage":0,"enemies":"Jaw Worm","floor":1,"turns":1},{"damage":0,"enemies":"Small Slimes","floor":5,"turns":1},{"damage":0,"enemies":"Lagavulin","floor":6,"turns":3},{"damage":0,"enemies":"Cultist","floor":7,"turns":2},{"damage":0,"enemies":"Looter","floor":10,"turns":1},{"damage":0,"enemies":"3 Louse","floor":11,"turns":1},{"damage":0,"enemies":"Exordium Wildlife","floor":12,"turns":1},{"damage":0,"enemies":"Blue Slaver","floor":13,"turns":1},{"damage":9,"enemies":"Gremlin Nob","floor":14,"turns":3},{"damage":0,"enemies":"Hexaghost","floor":16,"turns":6},{"damage":0,"enemies":"Chosen","floor":18,"turns":3},{"damage":0,"enemies":"2 Thieves","floor":19,"turns":2},{"damage":0,"enemies":"Cultist and Chosen","floor":21,"turns":3},{"damage":0,"enemies":"Sentry and Sphere","floor":22,"turns":3},{"damage":43,"enemies":"Gremlin Leader","floor":23,"turns":3},{"damage":0,"enemies":"3 Cultists","floor":25,"turns":3},{"damage":9,"enemies":"Centurion and Healer","floor":28,"turns":3},{"damage":1,"enemies":"Book of Stabbing","floor":31,"turns":3},{"damage":0,"enemies":"Champ","floor":33,"turns":6},{"damage":0,"enemies":"3 Darklings","floor":35,"turns":2},{"damage":0,"enemies":"3 Shapes","floor":37,"turns":1},{"damage":0,"enemies":"3 Darklings","floor":39,"turns":1},{"damage":0,"enemies":"Giant Head","floor":40,"turns":4},{"damage":0,"enemies":"4 Shapes","floor":42,"turns":2},{"damage":14,"enemies":"2 Orb Walkers","floor":44,"turns":2},{"damage":0,"enemies":"Awakened One","floor":50,"turns":2}],"event_choices":[{"event_name":"World of Goop","player_choice":"Left","floor":2,"damage_taken":0},{"event_name":"Golden Wing","player_choice":"Card Removal","floor":3,"damage_taken":0},{"event_name":"Living Wall","player_choice":"Grow","floor":4,"damage_taken":0},{"event_name":"Addict","player_choice":"Obtained Relic","floor":24,"damage_taken":0},{"event_name":"Vampires","player_choice":"Ignored","floor":30,"damage_taken":0},{"event_name":"Bonfire Elementals","player_choice":"COMMON","floor":38,"damage_taken":0},{"event_name":"Wheel of Change","player_choice":"Card Removal","floor":48,"damage_taken":0}],"boss_relics":[{"not_picked":["Tiny House","Velvet Choker"],"picked":"Black Star"},{"not_picked":["Pandora\u0027s Box","Calling Bell"],"picked":"Sozu"}],"potions_floor_spawned":[5,7,13,16,23,25,31,39,40,42,44],"seed_played":"-5696622492260265423","ascension_level":0,"is_trial":false}