{"gold_per_floor":[109,109,68,33,108,108,119,147,172,172,172],"floor_reached":11,"playtime":244,"items_purged":[],"score":138,"play_id":"ad551408-f5a5-4957-91d5-a466fc4a80fe","local_time":"20190222110633","is_ascension_mode":true,"campfire_choices":[{"data":"Rip and Tear","floor":6,"key":"SMITH"},{"floor":10,"key":"REST"}],"neow_cost":"NONE","seed_source_timestamp":3084232022204,"circlet_count":0,"master_deck":["AscendersBane","Strike_B","Strike_B","Strike_B","Strike_B","Defend_B","Defend_B","Defend_B","Defend_B","Zap","Dualcast","Amplify","Genetic Algorithm","Rip and Tear+1","Hologram","Skim"],"relics":["Cracked Core","Vajra","Centennial Puzzle","Boot"],"potions_floor_usage":[11],"damage_taken":[{"damage":7,"enemies":"Jaw Worm","floor":1,"turns":4},{"damage":0,"enemies":"2 Louse","floor":7,"turns":3},{"damage":54,"enemies":"3 Sentries","floor":8,"turns":8},{"damage":11,"enemies":"Gremlin Nob","floor":11,"turns":3}],"seed_played":"-3945701016171676988","potions_obtained":[{"floor":8,"key":"SkillPotion"}],"is_trial":false,"path_per_floor":["M","?","$","?","?","R","M","E","T","R","E"],"character_chosen":"DEFECT","items_purchased":["Rip and Tear"],"campfire_rested":1,"item_purchase_floors":[3],"current_hp_per_floor":[57,52,52,69,58,58,58,4,4,25,14],"gold":172,"neow_bonus":"ONE_RANDOM_RARE_CARD","is_prod":false,"is_daily":false,"chose_seed":false,"campfire_upgraded":1,"win_rate":0,"timestamp":1550804793,"path_taken":["M","?","$","?","?","R","M","E","T","R","E"],"build_version":"2019-01-23","purchased_purges":0,"victory":false,"max_hp_per_floor":[71,71,71,71,71,71,71,71,71,71,71],"card_choices":[{"not_picked":["Ball Lightning","Scrape"],"picked":"Genetic Algorithm","floor":1},{"not_picked":["Steam","Conserve Battery"],"picked":"Hologram","floor":7},{"not_picked":["Steam","Compile Driver"],"picked":"Skim","floor":8}],"player_experience":3028221,"relics_obtained":[{"floor":8,"key":"Centennial Puzzle"},{"floor":9,"key":"Boot"}],"event_choices":[{"damage_healed":0,"gold_gain":0,"player_choice":"Success","damage_taken":5,"relics_obtained":["Vajra"],"max_hp_gain":0,"max_hp_loss":0,"event_name":"Scrap Ooze","floor":2,"gold_loss":0},{"damage_healed":17,"gold_gain":0,"player_choice":"Healed","damage_taken":0,"max_hp_gain":0,"max_hp_loss":0,"event_name":"The Cleric","floor":4,"gold_loss":35},{"damage_healed":0,"gold_gain":75,"player_choice":"Gather Gold","damage_taken":11,"max_hp_gain":0,"max_hp_loss":0,"event_name":"World of Goop","floor":5,"gold_loss":0}],"is_beta":false,"boss_relics":[],"items_purged_floors":[],"is_endless":false,"potions_floor_spawned":[8],"killed_by":"Gremlin Nob","ascension_level":20}