{"gold_per_floor":[117,135,147,164,174,174,99,99,99,99,112,112,129,74,74,152,152,152],"floor_reached":18,"playtime":437,"items_purged":["Strike_B"],"score":308,"play_id":"9903be1c-2bd8-4735-86d9-7c516859fc43","local_time":"20190116191757","is_ascension_mode":true,"campfire_choices":[{"data":"Zap","floor":6,"key":"SMITH"},{"data":"Dualcast","floor":8,"key":"SMITH"},{"data":"Gash","floor":10,"key":"SMITH"},{"data":"Coolheaded","floor":15,"key":"SMITH"}],"neow_cost":"NONE","seed_source_timestamp":29939918971732,"circlet_count":0,"master_deck":["AscendersBane","Strike_B","Strike_B","Defend_B","Defend_B","Defend_B","Defend_B","Zap+1","Dualcast+1","Gash+1","Genetic Algorithm","Echo Form","Capacitor","Coolheaded+1","Machine Learning"],"relics":["Cracked Core","NeowsBlessing","Pocketwatch","Inserter"],"potions_floor_usage":[4,11,16],"damage_taken":[{"damage":0,"enemies":"Cultist","floor":1,"turns":1},{"damage":0,"enemies":"Jaw Worm","floor":2,"turns":1},{"damage":0,"enemies":"2 Louse","floor":3,"turns":1},{"damage":4,"enemies":"2 Fungi Beasts","floor":4,"turns":2},{"damage":13,"enemies":"Blue Slaver","floor":5,"turns":4},{"damage":28,"enemies":"Exordium Wildlife","floor":11,"turns":5},{"damage":9,"enemies":"Red Slaver","floor":13,"turns":3},{"damage":5,"enemies":"Hexaghost","floor":16,"turns":9},{"damage":6,"enemies":"3 Byrds","floor":18,"turns":2}],"seed_played":"-3590075459768152211","potions_obtained":[{"floor":1,"key":"Fire Potion"},{"floor":2,"key":"Explosive Potion"},{"floor":4,"key":"Weak Potion"},{"floor":11,"key":"Swift Potion"},{"floor":16,"key":"SpeedPotion"}],"is_trial":false,"path_per_floor":["M","M","M","M","M","R","$","R","T","R","M","?","M","$","R","B",null,"M"],"character_chosen":"DEFECT","items_purchased":["Coolheaded"],"campfire_rested":0,"item_purchase_floors":[14],"current_hp_per_floor":[64,64,64,60,47,47,47,47,47,47,19,19,10,10,10,5,55,49],"gold":152,"neow_bonus":"THREE_ENEMY_KILL","is_prod":false,"is_daily":false,"chose_seed":false,"campfire_upgraded":4,"win_rate":0,"timestamp":1547637477,"path_taken":["M","M","M","M","M","R","?","R","T","R","M","?","M","$","R","BOSS","M"],"build_version":"2019-01-10","purchased_purges":1,"victory":false,"max_hp_per_floor":[71,71,71,71,71,71,71,71,71,71,71,71,71,71,71,71,71,71],"card_choices":[{"not_picked":["Steam Power","Cold Snap"],"picked":"Gash","floor":1},{"not_picked":["Tempest","Heatsinks","Turbo"],"picked":"SKIP","floor":2},{"not_picked":["Conserve Battery","Leap","Stack"],"picked":"SKIP","floor":3},{"not_picked":["Leap","Ball Lightning"],"picked":"Genetic Algorithm","floor":4},{"not_picked":["Force Field","Storm"],"picked":"Echo Form","floor":5},{"not_picked":["Beam Cell","Glacier","Go for the Eyes"],"picked":"SKIP","floor":11},{"not_picked":["Barrage","Go for the Eyes","Sweeping Beam"],"picked":"SKIP","floor":13},{"not_picked":["Meteor Strike","Hyperbeam"],"picked":"Machine Learning","floor":16}],"player_experience":1953861,"relics_obtained":[{"floor":9,"key":"Pocketwatch"}],"event_choices":[{"damage_healed":0,"gold_gain":0,"cards_transformed":["Strike_B"],"player_choice":"Transformed","damage_taken":0,"max_hp_gain":0,"max_hp_loss":0,"event_name":"Transmorgrifier","floor":12,"gold_loss":0,"cards_obtained":["Capacitor"]}],"is_beta":false,"boss_relics":[{"not_picked":["Eternal Feather","Nuclear Battery"],"picked":"Inserter"}],"items_purged_floors":[7],"is_endless":false,"potions_floor_spawned":[1,2,4,11,16],"killed_by":"3 Byrds","ascension_level":20}