{"gold_per_floor":[112,125,33,108,123,158,158,183,230,263,145,145,145,164,164,239,239,258,258,273,273],"floor_reached":21,"playtime":946,"items_purged":["Strike_B"],"score":394,"play_id":"af4263ed-fb71-4476-bfda-0b5a7e733589","local_time":"20190417074502","is_ascension_mode":true,"campfire_choices":[{"data":"Darkness","floor":7.0,"key":"SMITH"},{"data":"Discovery","floor":13.0,"key":"SMITH"},{"data":"Coolheaded","floor":15.0,"key":"SMITH"}],"neow_cost":"PERCENT_DAMAGE","seed_source_timestamp":0,"circlet_count":0,"master_deck":["AscendersBane","Strike_B","Strike_B","Strike_B","Defend_B","Defend_B","Defend_B","Defend_B","Zap","Dualcast","Secret Technique","Bandage Up","Darkness+1","Cold Snap","Discovery+1","Coolheaded+1","Ball Lightning","Turbo","Heatsinks","Echo Form","Recycle","Writhe"],"special_seed":0,"relics":["Cracked Core","Pear","Happy Flower","DataDisk","Singing Bowl","Nuclear Battery","Frozen Egg 2"],"potions_floor_usage":[],"damage_taken":[{"damage":1.0,"enemies":"Cultist","floor":1.0,"turns":3.0},{"damage":5.0,"enemies":"Small Slimes","floor":2.0,"turns":3.0},{"damage":0.0,"enemies":"2 Louse","floor":5.0,"turns":3.0},{"damage":22.0,"enemies":"3 Sentries","floor":6.0,"turns":14.0},{"damage":20.0,"enemies":"Gremlin Nob","floor":8.0,"turns":3.0},{"damage":12.0,"enemies":"3 Sentries","floor":10.0,"turns":6.0},{"damage":6.0,"enemies":"2 Fungi Beasts","floor":14.0,"turns":3.0},{"damage":21,"enemies":"The Guardian","floor":16,"turns":8},{"damage":13,"enemies":"Shell Parasite","floor":18,"turns":4},{"damage":14,"enemies":"Spheric Guardian","floor":20,"turns":4},{"damage":34,"enemies":"Chosen and Byrds","floor":21,"turns":5}],"seed_played":"-5526226029381109168","potions_obtained":[{"floor":1.0,"key":"Dexterity Potion"},{"floor":8.0,"key":"Dexterity Potion"},{"floor":16,"key":"EssenceOfSteel"}],"is_trial":false,"path_per_floor":["M","M","$","?","M","E","R","E","T","E","$","?","R","M","R","B",null,"M","?","M","M"],"character_chosen":"DEFECT","items_purchased":["Discovery","Heatsinks"],"campfire_rested":0,"item_purchase_floors":[3,11],"current_hp_per_floor":[49,48,48,37,41,33,33,17,17,11,11,38,38,38,38,21,69,60,60,52,18],"gold":273,"neow_bonus":"RANDOM_COLORLESS_2","is_prod":false,"is_daily":false,"chose_seed":false,"campfire_upgraded":3,"win_rate":0,"timestamp":1555458302,"path_taken":["M","M","$","?","M","E","R","E","T","E","$","?","R","M","R","BOSS","M","?","M","M"],"build_version":"2019-01-23","purchased_purges":1,"victory":false,"max_hp_per_floor":[71,71,71,71,71,81,81,81,81,83,83,83,83,85,85,85,85,85,85,87,87],"card_choices":[{"not_picked":["Rebound","Streamline"],"picked":"Darkness","floor":1.0},{"not_picked":["Compile Driver","Turbo"],"picked":"Cold Snap","floor":2.0},{"not_picked":["Conserve Battery","Go for the Eyes"],"picked":"Coolheaded","floor":5.0},{"not_picked":["BootSequence","Cold Snap"],"picked":"Ball Lightning","floor":6.0},{"not_picked":["Rip and Tear","Hologram"],"picked":"Turbo","floor":8.0},{"not_picked":["Reprogram","Meteor Strike","Coolheaded"],"picked":"Singing Bowl","floor":10.0},{"not_picked":["Cold Snap","Barrage","Beam Cell"],"picked":"Singing Bowl","floor":14.0},{"not_picked":["Multi-Cast","Hyperbeam"],"picked":"Echo Form","floor":16},{"not_picked":["Stack","Storm"],"picked":"Recycle","floor":18},{"not_picked":["Sweeping Beam","Scrape+1","Turbo"],"picked":"Singing Bowl","floor":20}],"player_experience":4353217,"relics_obtained":[{"floor":6.0,"key":"Pear"},{"floor":8.0,"key":"Happy Flower"},{"floor":9.0,"key":"DataDisk"},{"floor":10.0,"key":"Singing Bowl"}],"event_choices":[{"damage_healed":0.0,"max_hp_gain":0.0,"max_hp_loss":0.0,"gold_gain":75.0,"event_name":"World of Goop","player_choice":"Gather Gold","floor":4.0,"gold_loss":0.0,"damage_taken":11.0},{"damage_healed":27.0,"max_hp_gain":0.0,"max_hp_loss":0.0,"gold_gain":0.0,"event_name":"Big Fish","player_choice":"Banana","floor":12.0,"gold_loss":0.0,"damage_taken":0.0},{"damage_healed":0,"gold_gain":0,"player_choice":"Opened","damage_taken":0,"relics_obtained":["Frozen Egg 2"],"max_hp_gain":0,"max_hp_loss":0,"event_name":"The Mausoleum","floor":19,"gold_loss":0,"cards_obtained":["Writhe"]}],"is_beta":false,"boss_relics":[{"not_picked":["Fusion Hammer","FrozenCore"],"picked":"Nuclear Battery"}],"items_purged_floors":[11],"is_endless":false,"potions_floor_spawned":[1,8,16],"killed_by":"Chosen and Byrds","ascension_level":20}