{"gold_per_floor":[367,367,367,89,109,109,125,125,149,149,167,185,185,21,21,97,97,111,31,31,44,44,44,44],"floor_reached":24,"playtime":599,"items_purged":["Decay"],"score":368,"play_id":"18cfa22a-edd0-4abb-a6d9-ae8651c5af27","local_time":"20190328011925","is_ascension_mode":true,"campfire_choices":[{"data":"Chaos","floor":6.0,"key":"SMITH"},{"data":"Consume","floor":8.0,"key":"SMITH"},{"data":"Loop","floor":10.0,"key":"SMITH"},{"data":"Hologram","floor":15.0,"key":"SMITH"},{"data":"Defragment","floor":23,"key":"SMITH"}],"neow_cost":"CURSE","seed_source_timestamp":48419157277821,"circlet_count":0,"master_deck":["AscendersBane","Strike_B","Defend_B","Defend_B","Defend_B","Defend_B","Zap","Dualcast","Consume+1","Loop+1","Capacitor","Chaos+1","Capacitor","Hologram+1","Double Energy","Chill","Rainbow","Defragment+1","Self Repair","Undo"],"special_seed":0,"relics":["FrozenCore","Potion Belt","DataDisk"],"potions_floor_usage":[24,24,24],"damage_taken":[{"damage":9.0,"enemies":"2 Louse","floor":1.0,"turns":2.0},{"damage":6.0,"enemies":"Jaw Worm","floor":5.0,"turns":6.0},{"damage":0.0,"enemies":"Cultist","floor":7.0,"turns":4.0},{"damage":10.0,"enemies":"Gremlin Gang","floor":11.0,"turns":4.0},{"damage":9.0,"enemies":"3 Louse","floor":12.0,"turns":3.0},{"damage":16.0,"enemies":"Slime Boss","floor":16.0,"turns":7.0},{"damage":20,"enemies":"2 Thieves","floor":18,"turns":5},{"damage":0,"enemies":"Spheric Guardian","floor":21,"turns":6},{"damage":52,"enemies":"Gremlin Leader","floor":24,"turns":5}],"seed_played":"550377396174550248","potions_obtained":[{"floor":1.0,"key":"Poison Potion"},{"floor":7.0,"key":"SpeedPotion"},{"floor":18,"key":"EntropicBrew"}],"is_trial":false,"path_per_floor":["M","?","?","$","M","R","M","R","T","R","M","M","?","$","R","B",null,"M","$","?","M","?","R","E"],"character_chosen":"DEFECT","items_purchased":["Chaos","Potion Belt","DataDisk","Defragment"],"campfire_rested":0,"item_purchase_floors":[4,4,14,19],"current_hp_per_floor":[55,55,55,55,49,49,49,49,49,49,39,30,23,23,23,7,55,35,35,35,42,42,42,0],"gold":44,"neow_bonus":"TWO_FIFTY_GOLD","is_prod":false,"is_daily":false,"chose_seed":false,"campfire_upgraded":5,"win_rate":0,"timestamp":1553707165,"path_taken":["M","?","?","$","M","R","?","R","T","R","M","?","?","?","R","BOSS","M","$","?","M","?","R","E"],"build_version":"2019-01-23","purchased_purges":1,"victory":false,"max_hp_per_floor":[71,71,71,71,71,71,71,71,71,71,71,71,71,71,71,71,71,71,71,71,71,71,71,71],"card_choices":[{"not_picked":["Rebound","Cold Snap"],"picked":"Consume","floor":1.0},{"not_picked":["Go for the Eyes","Beam Cell"],"picked":"Capacitor","floor":5.0},{"not_picked":["Steam Power","Blizzard"],"picked":"Hologram","floor":7.0},{"not_picked":["Darkness","Beam Cell"],"picked":"Double Energy","floor":11.0},{"not_picked":["Hologram","Ball Lightning"],"picked":"Chill","floor":12.0},{"not_picked":["Multi-Cast","Thunder Strike"],"picked":"Rainbow","floor":16.0},{"not_picked":["Chaos","Beam Cell+1","Stack"],"picked":"SKIP","floor":18},{"not_picked":["Sweeping Beam","Conserve Battery"],"picked":"Undo","floor":21}],"player_experience":3916936,"relics_obtained":[],"event_choices":[{"damage_healed":0.0,"max_hp_gain":0.0,"max_hp_loss":0.0,"gold_gain":0.0,"cards_transformed":["Strike_B"],"event_name":"Living Wall","player_choice":"Change","floor":2.0,"gold_loss":0.0,"damage_taken":0.0,"cards_obtained":["Loop"]},{"damage_healed":0.0,"max_hp_gain":0.0,"max_hp_loss":0.0,"gold_gain":0.0,"cards_transformed":["Strike_B"],"event_name":"Transmorgrifier","player_choice":"Transformed","floor":3.0,"gold_loss":0.0,"damage_taken":0.0,"cards_obtained":["Capacitor"]},{"cards_removed":["Strike_B"],"damage_healed":0.0,"max_hp_gain":0.0,"max_hp_loss":0.0,"gold_gain":0.0,"event_name":"Golden Wing","player_choice":"Card Removal","floor":13.0,"gold_loss":0.0,"damage_taken":7.0},{"damage_healed":0,"gold_gain":0,"player_choice":"Read","damage_taken":0,"max_hp_gain":0,"max_hp_loss":0,"event_name":"The Library","floor":20,"gold_loss":0,"cards_obtained":["Self Repair"]},{"damage_healed":0,"gold_gain":0,"player_choice":"Ignored","damage_taken":0,"max_hp_gain":0,"max_hp_loss":0,"event_name":"Beggar","floor":22,"gold_loss":0}],"is_beta":false,"boss_relics":[{"not_picked":["Astrolabe","Busted Crown"],"picked":"FrozenCore"}],"items_purged_floors":[4],"is_endless":false,"potions_floor_spawned":[1,7,18],"killed_by":"Gremlin Leader","ascension_level":20}