{"gold_per_floor":[114,124,138,28,28,28,61,79,103,103,103,130,150,213,213,213],"floor_reached":16,"playtime":641,"items_purged":[],"score":220,"play_id":"67717980-337d-42bb-a199-9d4232569402","local_time":"20190221155010","is_ascension_mode":true,"campfire_choices":[{"data":"Dualcast","floor":6.0,"key":"SMITH"},{"floor":11,"key":"REST"},{"data":"Blizzard","floor":15,"key":"SMITH"}],"neow_cost":"NONE","seed_source_timestamp":330637867167743,"circlet_count":0,"master_deck":["AscendersBane","Strike_B","Strike_B","Strike_B","Strike_B","Defend_B","Defend_B","Defend_B","Defend_B","Zap","Dualcast+1","Compile Driver","Blizzard+1","Auto Shields","Capacitor","Cold Snap","Coolheaded+1","Self Repair","Hologram","Hologram"],"special_seed":0,"relics":["Cracked Core","Strawberry","Bag of Preparation","Art of War","Pen Nib","Bag of Marbles","Oddly Smooth Stone"],"potions_floor_usage":[7,12],"damage_taken":[{"damage":7.0,"enemies":"Small Slimes","floor":1.0,"turns":4.0},{"damage":1.0,"enemies":"Cultist","floor":2.0,"turns":4.0},{"damage":4.0,"enemies":"Jaw Worm","floor":3.0,"turns":3.0},{"damage":23,"enemies":"Gremlin Nob","floor":7,"turns":4},{"damage":12,"enemies":"Blue Slaver","floor":8,"turns":4},{"damage":4,"enemies":"Lagavulin","floor":12,"turns":10},{"damage":16,"enemies":"Large Slime","floor":13,"turns":9},{"damage":12,"enemies":"3 Sentries","floor":14,"turns":9},{"damage":25,"enemies":"Hexaghost","floor":16,"turns":11}],"seed_played":"6846088460493422877","potions_obtained":[{"floor":3.0,"key":"FocusPotion"},{"floor":7,"key":"Weak Potion"},{"floor":13,"key":"Ancient Potion"}],"is_trial":false,"path_per_floor":["M","M","M","$","?","R","E","M","T","?","R","E","M","?","R","B"],"character_chosen":"DEFECT","items_purchased":["Capacitor","Cold Snap"],"campfire_rested":1,"item_purchase_floors":[4,4],"current_hp_per_floor":[64,63,59,59,41,41,18,6,6,6,29,32,23,18,18,0],"gold":213,"neow_bonus":"RANDOM_COMMON_RELIC","is_prod":false,"is_daily":false,"chose_seed":false,"campfire_upgraded":2,"win_rate":0,"timestamp":1550735410,"path_taken":["M","M","M","$","?","R","E","M","T","?","R","E","?","?","R","BOSS"],"build_version":"2019-01-23","purchased_purges":0,"victory":false,"max_hp_per_floor":[78,78,78,78,78,78,78,78,78,78,78,78,78,78,78,78],"card_choices":[{"not_picked":["Streamline","Steam Power"],"picked":"Compile Driver","floor":1.0},{"not_picked":["Hello World","Go for the Eyes"],"picked":"Blizzard","floor":2.0},{"not_picked":["Steam","Hello World"],"picked":"Auto Shields","floor":3.0},{"not_picked":["Ball Lightning","Scrape"],"picked":"Coolheaded","floor":7},{"not_picked":["Turbo","Hello World"],"picked":"Self Repair","floor":8},{"not_picked":["Steam","Meteor Strike"],"picked":"Hologram","floor":12},{"not_picked":["Barrage","Go for the Eyes","Cold Snap"],"picked":"SKIP","floor":13},{"not_picked":["Genetic Algorithm","Go for the Eyes"],"picked":"Hologram","floor":14}],"player_experience":881366,"relics_obtained":[{"floor":7,"key":"Art of War"},{"floor":9,"key":"Pen Nib"},{"floor":12,"key":"Bag of Marbles"},{"floor":14,"key":"Oddly Smooth Stone"}],"event_choices":[{"damage_healed":0.0,"max_hp_gain":0.0,"max_hp_loss":0.0,"gold_gain":0.0,"event_name":"Scrap Ooze","player_choice":"Success","floor":5.0,"gold_loss":0.0,"damage_taken":18.0,"relics_obtained":["Bag of Preparation"]},{"damage_healed":0,"gold_gain":0,"player_choice":"Upgraded","damage_taken":0,"max_hp_gain":0,"max_hp_loss":0,"event_name":"Upgrade Shrine","floor":10,"gold_loss":0,"cards_upgraded":["Coolheaded"]},{"damage_healed":0,"gold_gain":30,"player_choice":"Searched \u00273\u0027 times","damage_taken":0,"max_hp_gain":0,"max_hp_loss":0,"event_name":"Dead Adventurer","floor":14,"gold_loss":0}],"is_beta":false,"boss_relics":[],"items_purged_floors":[],"is_endless":false,"potions_floor_spawned":[3,7,13],"killed_by":"Hexaghost","ascension_level":20}