{"gold_per_floor":[117,117,117,128,148,181,181,216,216,246,258,274,274,288,288,366,366,384,384,384,397,410,435,435,470,495,116,116,127,161,161,161,240,240,256,356,356,356,281,346,346,378,404,437,448,463,25,43,43,43,43,43,43,43,76,76],"floor_reached":57,"playtime":3306,"items_purged":["Strike_B","Strike_B"],"score":3086,"play_id":"a35a1bfd-051e-4d51-b28f-a1c6dd023022","local_time":"20190220165035","is_ascension_mode":true,"campfire_choices":[{"floor":7.0,"key":"REST"},{"data":"Hologram","floor":13.0,"key":"SMITH"},{"data":"Consume","floor":15.0,"key":"SMITH"},{"floor":24.0,"key":"REST"},{"floor":28.0,"key":"REST"},{"data":"Coolheaded","floor":32.0,"key":"SMITH"},{"data":"Seek","floor":41.0,"key":"SMITH"},{"floor":49.0,"key":"RECALL"},{"data":"Recycle","floor":53.0,"key":"SMITH"}],"neow_cost":"NONE","seed_source_timestamp":244704282034656,"circlet_count":0,"master_deck":["AscendersBane","Defend_B","Defend_B+1","Defend_B","Defend_B","Zap","Dualcast+1","Coolheaded+1","Hologram+1","Consume+1","Seek+1","Ball Lightning+1","Cold Snap","Turbo","Biased Cognition","Recycle+1","Coolheaded+1","Stack","FTL+1","Double Energy","Loop+1","Seek","Undo","Conserve Battery+1","Turbo+1","Stack","Blizzard+1","Compile Driver","Capacitor+1","Glacier+1","Skim","Heatsinks+1"],"special_seed":0,"relics":["Cracked Core","PreservedInsect","Boot","Matryoshka","Letter Opener","Bottled Lightning","Singing Bowl","Black Star","Bag of Marbles","Potion Belt","FossilizedHelix","Gremlin Horn","Frozen Egg 2","Juzu Bracelet","Runic Capacitor","Omamori","Pear","Blood Vial","Orrery","Shovel","Tiny Chest","Bronze Scales","Smiling Mask","Calipers","Vajra","Mummified Hand","Lantern","Centennial Puzzle","Whetstone"],"potions_floor_usage":[56],"damage_taken":[{"damage":1.0,"enemies":"Small Slimes","floor":1.0,"turns":4.0},{"damage":10.0,"enemies":"2 Louse","floor":4.0,"turns":2.0},{"damage":0.0,"enemies":"Cultist","floor":5.0,"turns":4.0},{"damage":25.0,"enemies":"3 Sentries","floor":6.0,"turns":6.0},{"damage":1.0,"enemies":"Lagavulin","floor":8.0,"turns":7.0},{"damage":2.0,"enemies":"Gremlin Nob","floor":10.0,"turns":3.0},{"damage":0.0,"enemies":"Blue Slaver","floor":11.0,"turns":4.0},{"damage":1.0,"enemies":"3 Louse","floor":12.0,"turns":2.0},{"damage":11.0,"enemies":"Exordium Thugs","floor":14.0,"turns":4.0},{"damage":5.0,"enemies":"The Guardian","floor":16.0,"turns":12.0},{"damage":9.0,"enemies":"Chosen","floor":18.0,"turns":4.0},{"damage":15.0,"enemies":"3 Byrds","floor":21.0,"turns":4.0},{"damage":0.0,"enemies":"Snecko","floor":22.0,"turns":6.0},{"damage":10.0,"enemies":"Gremlin Leader","floor":23.0,"turns":7.0},{"damage":38.0,"enemies":"Slavers","floor":25.0,"turns":5.0},{"damage":0.0,"enemies":"Cultist and Chosen","floor":29.0,"turns":5.0},{"damage":0.0,"enemies":"Gremlin Leader","floor":30.0,"turns":7.0},{"damage":34.0,"enemies":"Automaton","floor":33.0,"turns":15.0},{"damage":12.0,"enemies":"3 Darklings","floor":35.0,"turns":7.0},{"damage":0.0,"enemies":"Mind Bloom Boss Battle","floor":36.0,"turns":9.0},{"damage":18.0,"enemies":"Nemesis","floor":40.0,"turns":7.0},{"damage":18.0,"enemies":"Reptomancer","floor":42.0,"turns":6.0},{"damage":29.0,"enemies":"Nemesis","floor":44.0,"turns":9.0},{"damage":0.0,"enemies":"Orb Walker","floor":45.0,"turns":4.0},{"damage":0.0,"enemies":"4 Shapes","floor":46.0,"turns":6.0},{"damage":0.0,"enemies":"Transient","floor":48.0,"turns":6.0},{"damage":0.0,"enemies":"Time Eater","floor":50.0,"turns":18.0},{"damage":0.0,"enemies":"Donu and Deca","floor":51.0,"turns":18.0},{"damage":3.0,"enemies":"Shield and Spear","floor":55.0,"turns":8.0},{"damage":56,"enemies":"The Heart","floor":56,"turns":17}],"seed_played":"-5442747360895478085","potions_obtained":[{"floor":1.0,"key":"Strength Potion"},{"floor":8.0,"key":"Ancient Potion"},{"floor":12.0,"key":"Ancient Potion"},{"floor":14.0,"key":"Strength Potion"},{"floor":21.0,"key":"Weak Potion"},{"floor":25.0,"key":"Poison Potion"},{"floor":33.0,"key":"PowerPotion"},{"floor":35.0,"key":"Block Potion"},{"floor":42.0,"key":"Fruit Juice"},{"floor":46.0,"key":"SkillPotion"},{"floor":55.0,"key":"Poison Potion"}],"is_trial":false,"path_per_floor":["M","?","?","M","M","E","R","E","T","E","M","M","R","M","R","B",null,"M","?","?","M","M","E","R","E","T","$","R","M","E","?","R","B",null,"M","?","?","?","$","E","R","E","T","E","M","M","$","M","R","B","B",null,"R","$","E","B",null],"character_chosen":"DEFECT","items_purchased":["Runic Capacitor","Omamori","Heatsinks+1","Lantern","GamblersBrew","AttackPotion"],"campfire_rested":3,"item_purchase_floors":[27,27,47,47,47,47],"current_hp_per_floor":[63,42,42,32,32,7,28,27,27,27,27,26,26,17,17,12,59,50,50,50,35,35,25,47,9,9,9,31,33,43,43,43,11,72,62,64,64,64,64,50,50,39,39,12,14,16,16,20,20,22,24,77,77,77,78,24],"gold":76,"neow_bonus":"RANDOM_COMMON_RELIC","is_prod":false,"is_daily":false,"chose_seed":false,"campfire_upgraded":5,"win_rate":0,"timestamp":1550652635,"path_taken":["M","?","?","M","?","E","R","E","T","E","M","M","R","M","R","BOSS","M","?","?","?","M","E","R","E","T","$","R","M","E","?","R","BOSS","M","?","?","?","?","E","R","E","T","E","M","M","$","M","R","BOSS","BOSS","R","$","E","BOSS"],"build_version":"2019-01-23","purchased_purges":2,"victory":true,"max_hp_per_floor":[71,71,71,71,71,71,71,71,71,73,73,73,73,75,75,75,75,75,75,75,75,75,75,75,75,75,75,75,77,87,87,87,87,91,91,91,86,86,86,88,88,93,93,93,93,93,93,95,95,95,95,95,95,95,97,97],"card_choices":[{"not_picked":["Reprogram","Compile Driver"],"picked":"Coolheaded","floor":1.0},{"not_picked":["Compile Driver","Coolheaded"],"picked":"Hologram","floor":4.0},{"not_picked":["Lockon","BootSequence"],"picked":"Consume","floor":5.0},{"not_picked":["Tempest","Rebound"],"picked":"Seek","floor":6.0},{"not_picked":["Rebound","Lockon"],"picked":"Ball Lightning","floor":8.0},{"not_picked":["Conserve Battery","Hello World","Chill"],"picked":"Singing Bowl","floor":10.0},{"not_picked":["Beam Cell","White Noise"],"picked":"Cold Snap","floor":11.0},{"not_picked":["Beam Cell","Leap"],"picked":"Turbo","floor":12.0},{"not_picked":["Redo","Rebound","Force Field"],"picked":"Singing Bowl","floor":14.0},{"not_picked":["Thunder Strike","Reboot"],"picked":"Biased Cognition","floor":16.0},{"not_picked":["Compile Driver","Barrage"],"picked":"Recycle","floor":18.0},{"not_picked":["Turbo","Redo+1"],"picked":"Coolheaded","floor":21.0},{"not_picked":["Turbo","Cold Snap"],"picked":"Stack","floor":22.0},{"not_picked":["Darkness","Steam Power+1"],"picked":"FTL","floor":23.0},{"not_picked":["Stack","Compile Driver"],"picked":"Double Energy","floor":25.0},{"not_picked":["Conserve Battery","Cold Snap","Steam"],"picked":"Singing Bowl","floor":29.0},{"not_picked":["Darkness","Barrage"],"picked":"Loop+1","floor":30.0},{"not_picked":["Meteor Strike","Rainbow"],"picked":"Seek","floor":33.0},{"not_picked":["Melter","Chill"],"picked":"Undo","floor":34.0},{"not_picked":["Cold Snap","Reprogram"],"picked":"Conserve Battery+1","floor":34.0},{"not_picked":["Compile Driver","Redo"],"picked":"Turbo+1","floor":34.0},{"not_picked":["Beam Cell","Lockon","Recycle"],"picked":"Singing Bowl","floor":34.0},{"not_picked":["Barrage+1","Turbo","Go for the Eyes"],"picked":"Singing Bowl","floor":34.0},{"not_picked":["Leap","Genetic Algorithm"],"picked":"Stack","floor":35.0},{"not_picked":["Go for the Eyes+1","Conserve Battery+1"],"picked":"Blizzard+1","floor":36.0},{"not_picked":["Meteor Strike","Ball Lightning","Turbo"],"picked":"Singing Bowl","floor":40.0},{"not_picked":["Leap+1","Aggregate"],"picked":"Compile Driver","floor":42.0},{"not_picked":["Blizzard","Melter"],"picked":"Capacitor+1","floor":44.0},{"not_picked":["Barrage","Sweeping Beam"],"picked":"Glacier+1","floor":45.0},{"not_picked":["Steam","Cold Snap+1"],"picked":"Skim","floor":46.0},{"not_picked":["Beam Cell","Redo+1","Barrage"],"picked":"Singing Bowl","floor":48.0},{"not_picked":["Chill","Double Energy","FTL"],"picked":"Singing Bowl","floor":55.0}],"player_experience":861521,"relics_obtained":[{"floor":6.0,"key":"Boot"},{"floor":8.0,"key":"Matryoshka"},{"floor":9.0,"key":"Letter Opener"},{"floor":9.0,"key":"Bottled Lightning"},{"floor":10.0,"key":"Singing Bowl"},{"floor":23.0,"key":"Bag of Marbles"},{"floor":23.0,"key":"Potion Belt"},{"floor":25.0,"key":"FossilizedHelix"},{"floor":25.0,"key":"Gremlin Horn"},{"floor":26.0,"key":"Frozen Egg 2"},{"floor":26.0,"key":"Juzu Bracelet"},{"floor":30.0,"key":"Pear"},{"floor":30.0,"key":"Blood Vial"},{"floor":36.0,"key":"Shovel"},{"floor":40.0,"key":"Tiny Chest"},{"floor":40.0,"key":"Bronze Scales"},{"floor":42.0,"key":"Smiling Mask"},{"floor":42.0,"key":"Calipers"},{"floor":44.0,"key":"Vajra"},{"floor":44.0,"key":"Mummified Hand"},{"floor":55.0,"key":"Centennial Puzzle"},{"floor":55.0,"key":"Whetstone"}],"event_choices":[{"damage_healed":0.0,"max_hp_gain":0.0,"max_hp_loss":0.0,"gold_gain":0.0,"event_name":"Shining Light","player_choice":"Entered Light","floor":2.0,"gold_loss":0.0,"damage_taken":21.0,"cards_upgraded":["Defend_B","Dualcast"]},{"damage_healed":0.0,"max_hp_gain":0.0,"max_hp_loss":0.0,"gold_gain":0.0,"event_name":"Upgrade Shrine","player_choice":"Upgraded","floor":3.0,"gold_loss":0.0,"damage_taken":0.0,"cards_upgraded":["Coolheaded"]},{"damage_healed":0.0,"max_hp_gain":0.0,"max_hp_loss":0.0,"gold_gain":0.0,"event_name":"Ghosts","player_choice":"Ignored","floor":19.0,"gold_loss":0.0,"damage_taken":0.0},{"cards_removed":["Strike_B"],"damage_healed":0.0,"max_hp_gain":0.0,"max_hp_loss":0.0,"gold_gain":0.0,"event_name":"Purifier","player_choice":"Purged","floor":20.0,"gold_loss":0.0,"damage_taken":0.0},{"damage_healed":0.0,"max_hp_gain":0.0,"max_hp_loss":0.0,"gold_gain":0.0,"event_name":"The Mausoleum","player_choice":"Ignored","floor":31.0,"gold_loss":0.0,"damage_taken":0.0},{"damage_healed":0.0,"max_hp_gain":0.0,"max_hp_loss":0.0,"gold_gain":0.0,"event_name":"MindBloom","player_choice":"Fight","floor":36.0,"gold_loss":0.0,"damage_taken":0.0},{"damage_healed":0.0,"max_hp_gain":0.0,"max_hp_loss":5.0,"gold_gain":0.0,"event_name":"Winding Halls","player_choice":"Max HP","floor":37.0,"gold_loss":0.0,"damage_taken":0.0},{"cards_removed":["Strike_B"],"damage_healed":0.0,"max_hp_gain":0.0,"max_hp_loss":0.0,"gold_gain":0.0,"event_name":"Falling","player_choice":"Removed Attack","floor":38.0,"gold_loss":0.0,"damage_taken":0.0}],"is_beta":false,"boss_relics":[{"not_picked":["White Beast Statue","Busted Crown"],"picked":"Black Star"},{"not_picked":["Eternal Feather","Lizard Tail"],"picked":"Orrery"}],"items_purged_floors":[39,47],"is_endless":false,"potions_floor_spawned":[1,8,12,14,18,21,25,33,35,42,46,55],"ascension_level":20}