{"gold_per_floor":[118,393,406,12,23,23,53,72,72,100,100,120,120,146,146,217,217,230,243,243,253,272,272,298,298,328,328,362,54,54,54,54,127,127,147,72,91,103,156,156,156],"floor_reached":41,"playtime":1738,"items_purged":["Regret"],"score":858,"play_id":"fe6ceca5-fa90-47b4-aa8d-7eac65f40b40","local_time":"20190110163449","is_ascension_mode":true,"campfire_choices":[{"data":"Dualcast","floor":6.0,"key":"SMITH"},{"data":"Lockon","floor":11.0,"key":"SMITH"},{"data":"Hello World","floor":13.0,"key":"SMITH"},{"data":"Sunder","floor":15.0,"key":"SMITH"},{"data":"Defragment","floor":23,"key":"SMITH"},{"data":"Self Repair","floor":25,"key":"SMITH"},{"floor":27,"key":"REST"},{"floor":30,"key":"REST"},{"floor":32,"key":"DIG"},{"data":"Capacitor","floor":40,"key":"SMITH"}],"neow_cost":"NONE","seed_source_timestamp":15447710803285,"circlet_count":0,"master_deck":["AscendersBane","Strike_B","Strike_B","Defend_B","Defend_B","Defend_B","Defend_B","Zap","Dualcast+1","Coolheaded+1","Conserve Battery+1","Hello World+1","Lockon+1","Self Repair+1","Sunder+1","Seek+1","Tempest+1","Doom and Gloom+1","Defragment+1","Consume+1","Glacier+1","Reinforced Body+1","Amplify+1","Compile Driver+1","Capacitor+1","Self Repair"],"special_seed":0,"relics":["Busted Crown","Toxic Egg 2","Vajra","Blood Vial","Bottled Lightning","Shovel","Sozu","Orichalcum","Tiny Chest","Red Mask","ClockworkSouvenir","Meat on the Bone","Empty Cage","Mango"],"potions_floor_usage":[41,41],"damage_taken":[{"damage":7.0,"enemies":"Jaw Worm","floor":1.0,"turns":3.0},{"damage":4.0,"enemies":"Cultist","floor":3.0,"turns":4.0},{"damage":0.0,"enemies":"Small Slimes","floor":5.0,"turns":5.0},{"damage":20.0,"enemies":"Lagavulin","floor":7.0,"turns":6.0},{"damage":1.0,"enemies":"Looter","floor":8.0,"turns":3.0},{"damage":16.0,"enemies":"3 Sentries","floor":10.0,"turns":8.0},{"damage":1.0,"enemies":"3 Louse","floor":12.0,"turns":5.0},{"damage":13.0,"enemies":"Lagavulin","floor":14.0,"turns":6.0},{"damage":7.0,"enemies":"Slime Boss","floor":16.0,"turns":7.0},{"damage":10,"enemies":"2 Thieves","floor":18,"turns":4},{"damage":14,"enemies":"Chosen","floor":19,"turns":4},{"damage":6,"enemies":"3 Cultists","floor":21,"turns":4},{"damage":12,"enemies":"Sentry and Sphere","floor":22,"turns":5},{"damage":30,"enemies":"Gremlin Leader","floor":24,"turns":6},{"damage":5,"enemies":"Masked Bandits","floor":28,"turns":3},{"damage":36,"enemies":"Champ","floor":33,"turns":12},{"damage":3,"enemies":"Orb Walker","floor":35,"turns":3},{"damage":7,"enemies":"3 Darklings","floor":37,"turns":5},{"damage":36,"enemies":"Jaw Worm Horde","floor":38,"turns":4},{"damage":51,"enemies":"2 Orb Walkers","floor":39,"turns":5},{"damage":59,"enemies":"Nemesis","floor":41,"turns":8}],"seed_played":"-7867216967446426332","potions_obtained":[{"floor":1.0,"key":"Block Potion"},{"floor":3.0,"key":"Block Potion"},{"floor":5.0,"key":"AttackPotion"},{"floor":14.0,"key":"Strength Potion"},{"floor":16.0,"key":"PowerPotion"}],"is_trial":false,"path_per_floor":["M","?","M","$","M","R","E","M","T","E","R","M","R","E","R","B",null,"M","M","?","M","M","R","E","R","T","R","?","$","R","?","R","B",null,"M","$","M","M","?","R","E"],"character_chosen":"DEFECT","items_purchased":["Toxic Egg 2","Coolheaded+1","ClockworkSouvenir","Reinforced Body+1","Capacitor"],"campfire_rested":2,"item_purchase_floors":[4,4,29,29,36],"current_hp_per_floor":[57,57,53,53,53,53,33,32,32,18,18,19,19,15,15,17,58,50,45,45,48,38,38,17,17,17,38,35,35,56,56,56,44,64,71,71,71,67,54,54,0],"gold":156,"neow_bonus":"BOSS_RELIC","is_prod":false,"is_daily":false,"chose_seed":false,"campfire_upgraded":7,"win_rate":0,"timestamp":1547109289,"path_taken":["M","?","M","$","M","R","E","M","T","E","R","M","R","E","R","BOSS","M","M","?","M","M","R","E","R","T","R","?","$","R","?","R","BOSS","M","$","M","M","?","R","E"],"build_version":"2019-01-03v4","purchased_purges":1,"victory":false,"max_hp_per_floor":[71,71,71,71,71,71,71,71,71,71,71,71,71,71,71,71,71,71,71,71,71,71,71,71,71,71,71,71,71,71,71,71,71,71,71,71,71,71,85,85,85],"card_choices":[{"not_picked":["Blizzard"],"picked":"SKIP","floor":1.0},{"not_picked":["Force Field"],"picked":"SKIP","floor":3.0},{"not_picked":["Cold Snap"],"picked":"SKIP","floor":5.0},{"not_picked":[],"picked":"Conserve Battery+1","floor":7.0},{"not_picked":[],"picked":"Hello World","floor":8.0},{"not_picked":[],"picked":"Lockon","floor":10.0},{"not_picked":[],"picked":"Self Repair","floor":12.0},{"not_picked":[],"picked":"Sunder","floor":14.0},{"not_picked":[],"picked":"Seek+1","floor":16.0},{"not_picked":[],"picked":"Tempest+1","floor":18},{"not_picked":[],"picked":"Doom and Gloom+1","floor":19},{"not_picked":[],"picked":"Consume+1","floor":21},{"not_picked":[],"picked":"Glacier+1","floor":22},{"not_picked":["Lockon"],"picked":"SKIP","floor":24},{"not_picked":[],"picked":"Amplify+1","floor":33},{"not_picked":[],"picked":"Compile Driver+1","floor":35},{"not_picked":["Compile Driver"],"picked":"SKIP","floor":37},{"not_picked":["Go for the Eyes"],"picked":"SKIP","floor":38},{"not_picked":[],"picked":"Self Repair","floor":39}],"player_experience":1911685,"relics_obtained":[{"floor":7.0,"key":"Vajra"},{"floor":9.0,"key":"Blood Vial"},{"floor":10.0,"key":"Bottled Lightning"},{"floor":14.0,"key":"Shovel"},{"floor":24,"key":"Orichalcum"},{"floor":26,"key":"Tiny Chest"},{"floor":28,"key":"Red Mask"},{"floor":32,"key":"Meat on the Bone"},{"floor":39,"key":"Mango"}],"event_choices":[{"damage_healed":0.0,"max_hp_gain":0.0,"max_hp_loss":0.0,"gold_gain":275.0,"event_name":"Golden Shrine","player_choice":"Desecrate","floor":2.0,"gold_loss":0.0,"damage_taken":0.0,"cards_obtained":["Regret"]},{"damage_healed":0,"gold_gain":0,"player_choice":"Read","damage_taken":0,"max_hp_gain":0,"max_hp_loss":0,"event_name":"The Library","floor":20,"gold_loss":0,"cards_obtained":["Defragment"]},{"damage_healed":0,"gold_gain":0,"player_choice":"Fought Bandits","damage_taken":0,"max_hp_gain":0,"max_hp_loss":0,"event_name":"Masked Bandits","floor":28,"gold_loss":0},{"damage_healed":0,"gold_gain":0,"player_choice":"Ignored","damage_taken":0,"max_hp_gain":0,"max_hp_loss":0,"event_name":"Ghosts","floor":31,"gold_loss":0},{"damage_healed":0,"gold_gain":0,"player_choice":"Fight","damage_taken":0,"max_hp_gain":0,"max_hp_loss":0,"event_name":"Mysterious Sphere","floor":39,"gold_loss":0}],"is_beta":false,"boss_relics":[{"not_picked":["Orrery","Velvet Choker"],"picked":"Sozu"},{"not_picked":["White Beast Statue","Philosopher\u0027s Stone"],"picked":"Empty Cage"}],"items_purged_floors":[4],"is_endless":false,"potions_floor_spawned":[1,3,5,14,16,19,24,35,38],"killed_by":"Nemesis","ascension_level":20}