{"gold_per_floor":[109,109,35,35,35,61,61,93,93,126,126,146,156,169,169,267,267,287,212,212,58,73,73,73,12,12,44,44,72,88,103,103,207,207,227,227,227,240,540,565,581,612,639,674,674,705,718,731,731,731,731,731,50,78,78],"floor_reached":56,"playtime":3525,"items_purged":[],"score":2119,"play_id":"fe27ea7c-0fc7-499f-875d-a4d769067a64","local_time":"20190314005020","is_ascension_mode":true,"campfire_choices":[{"data":"Bane","floor":7.0,"key":"SMITH"},{"data":"Neutralize","floor":11.0,"key":"SMITH"},{"data":"Dagger Spray","floor":15.0,"key":"SMITH"},{"data":"Acrobatics","floor":23.0,"key":"SMITH"},{"data":"Adrenaline","floor":28.0,"key":"SMITH"},{"data":"Tactician","floor":32.0,"key":"SMITH"},{"floor":45.0,"key":"RECALL"}],"neow_cost":"NONE","seed_source_timestamp":0,"circlet_count":0,"master_deck":["AscendersBane","Survivor+1","Neutralize+1","Bouncing Flask+1","Bane+1","Footwork+1","Dagger Spray+1","Adrenaline+1","Ghostly+1","Ghostly+1","Ghostly+1","Ghostly+1","Ghostly+1","Acrobatics+1","Tactician+1","A Thousand Cuts+1","Escape Plan+1","Distraction+1","Venomology+1","Unload+1","Concentrate+1","Infinite Blades+1","Masterful Stab+1","Envenom+1","Calculated Gamble+1","Deflect+1","After Image+1","Accuracy+1","PiercingWail"],"special_seed":0,"relics":["Ring of the Snake","NeowsBlessing","Frozen Egg 2","The Courier","Paper Crane","Ancient Tea Set","Happy Flower","Coffee Dripper","Strange Spoon","Dodecahedron","Bird Faced Urn","Darkstone Periapt","Pandora\u0027s Box","Mark of the Bloom","Ninja Scroll","Omamori","Letter Opener","Kunai","Turnip","Blue Candle","Shuriken"],"potions_floor_usage":[55,55,55,55,55,55],"damage_taken":[{"damage":0.0,"enemies":"2 Louse","floor":1.0,"turns":1.0},{"damage":0.0,"enemies":"Gremlin Nob","floor":6.0,"turns":1.0},{"damage":0.0,"enemies":"Lagavulin","floor":8.0,"turns":1.0},{"damage":9.0,"enemies":"3 Sentries","floor":10.0,"turns":8.0},{"damage":0.0,"enemies":"Jaw Worm","floor":12.0,"turns":3.0},{"damage":0.0,"enemies":"Cultist","floor":13.0,"turns":3.0},{"damage":5.0,"enemies":"Gremlin Gang","floor":14.0,"turns":4.0},{"damage":21.0,"enemies":"Slime Boss","floor":16.0,"turns":11.0},{"damage":11.0,"enemies":"2 Thieves","floor":18.0,"turns":4.0},{"damage":7.0,"enemies":"3 Byrds","floor":22.0,"turns":5.0},{"damage":6.0,"enemies":"Gremlin Leader","floor":27.0,"turns":10.0},{"damage":3.0,"enemies":"Slavers","floor":29.0,"turns":5.0},{"damage":0.0,"enemies":"Shelled Parasite and Fungi","floor":30.0,"turns":6.0},{"damage":3.0,"enemies":"Snake Plant","floor":31.0,"turns":4.0},{"damage":14.0,"enemies":"Automaton","floor":33.0,"turns":13.0},{"damage":5.0,"enemies":"3 Shapes","floor":35.0,"turns":7.0},{"damage":2.0,"enemies":"Orb Walker","floor":38.0,"turns":4.0},{"damage":2.0,"enemies":"Reptomancer","floor":40.0,"turns":6.0},{"damage":0.0,"enemies":"Sphere and 2 Shapes","floor":41.0,"turns":4.0},{"damage":1.0,"enemies":"Giant Head","floor":42.0,"turns":8.0},{"damage":0.0,"enemies":"Reptomancer","floor":44.0,"turns":5.0},{"damage":0.0,"enemies":"Giant Head","floor":46.0,"turns":9.0},{"damage":5.0,"enemies":"4 Shapes","floor":47.0,"turns":5.0},{"damage":0.0,"enemies":"Spire Growth","floor":48.0,"turns":5.0},{"damage":15.0,"enemies":"Time Eater","floor":50.0,"turns":12.0},{"damage":0.0,"enemies":"Shield and Spear","floor":54.0,"turns":5.0},{"damage":5,"enemies":"The Heart","floor":55,"turns":17}],"seed_played":"8443114146629891914","potions_obtained":[{"floor":1.0,"key":"GamblersBrew"},{"floor":8.0,"key":"Dexterity Potion"},{"floor":13.0,"key":"Dexterity Potion"},{"floor":18.0,"key":"GamblersBrew"},{"floor":30.0,"key":"Energy Potion"},{"floor":44.0,"key":"PowerPotion"},{"floor":47.0,"key":"Explosive Potion"},{"floor":54.0,"key":"SpeedPotion"}],"is_trial":false,"path_per_floor":["M","?","$","?","?","E","R","E","T","E","R","M","M","M","R","B",null,"M","?","?","$","M","R","?","$","T","E","R","E","M","M","R","B",null,"M","?","?","M","?","E","M","E","T","E","R","E","M","M","R","B",null,"R","$","E","B",null],"character_chosen":"THE_SILENT","items_purchased":["Bouncing Flask","Strange Spoon","Tactician","Kunai","Turnip","Blue Candle","Block Potion"],"campfire_rested":0,"item_purchase_floors":[3,21,25,53,53,53,53],"current_hp_per_floor":[63,49,49,42,42,42,42,42,42,33,33,33,33,28,28,7,54,43,43,35,35,28,28,28,28,28,22,22,23,27,28,28,18,31,32,32,32,30,30,28,28,27,27,27,27,27,22,22,22,7,7,7,7,7,2],"gold":78,"neow_bonus":"THREE_ENEMY_KILL","is_prod":false,"is_daily":false,"chose_seed":false,"campfire_upgraded":6,"win_rate":0,"timestamp":1552492220,"path_taken":["M","?","$","?","?","E","R","E","T","E","R","M","?","?","R","BOSS","M","?","?","$","M","R","?","?","T","E","R","E","M","M","R","BOSS","M","?","?","M","?","E","?","E","T","E","R","E","M","?","R","BOSS","R","$","E","BOSS"],"build_version":"2019-01-23","purchased_purges":0,"victory":true,"max_hp_per_floor":[70,70,70,70,70,70,70,70,70,70,70,70,70,70,70,70,70,70,70,35,35,35,35,35,35,35,35,35,35,35,35,35,35,35,35,35,35,35,35,35,35,35,35,35,35,35,35,35,35,35,35,35,35,35,35],"card_choices":[{"not_picked":["Poisoned Stab","Distraction","Sucker Punch"],"picked":"SKIP","floor":1.0},{"not_picked":["Bullet Time","Choke"],"picked":"Bane","floor":6.0},{"not_picked":["Flying Knee","Sucker Punch","Flechettes"],"picked":"SKIP","floor":8.0},{"not_picked":["Backstab","Deadly Poison"],"picked":"Footwork+1","floor":10.0},{"not_picked":["Caltrops+1","Acrobatics"],"picked":"Dagger Spray","floor":12.0},{"not_picked":["Underhanded Strike","PiercingWail","Dodge and Roll"],"picked":"SKIP","floor":13.0},{"not_picked":["Dagger Spray","Endless Agony","Blade Dance"],"picked":"SKIP","floor":14.0},{"not_picked":["Bullet Time","Die Die Die"],"picked":"Adrenaline","floor":16.0},{"not_picked":["Poisoned Stab","Underhanded Strike","All Out Attack+1"],"picked":"SKIP","floor":18.0},{"not_picked":["Underhanded Strike","Dagger Throw"],"picked":"Acrobatics","floor":22.0},{"not_picked":["Predator","Expertise+1"],"picked":"A Thousand Cuts+1","floor":27.0},{"not_picked":["Sucker Punch","Slice+1"],"picked":"Escape Plan","floor":29.0},{"not_picked":["Bane","Poisoned Stab","Blur"],"picked":"SKIP","floor":30.0},{"not_picked":["Flying Knee","PiercingWail","Quick Slash+1"],"picked":"SKIP","floor":31.0},{"not_picked":["Slice","Dash+1","Crippling Poison"],"picked":"SKIP","floor":35.0},{"not_picked":["Dagger Throw","Sucker Punch","Slice+1"],"picked":"SKIP","floor":38.0},{"not_picked":["Dodge and Roll","Masterful Stab","Skewer"],"picked":"SKIP","floor":40.0},{"not_picked":["Backflip","Sucker Punch+1","Quick Slash"],"picked":"SKIP","floor":41.0},{"not_picked":["Dagger Spray","Crippling Poison","Dodge and Roll"],"picked":"SKIP","floor":42.0},{"not_picked":["Skewer","Deflect"],"picked":"After Image+1","floor":44.0},{"not_picked":["Prepared","Slice+1"],"picked":"Accuracy+1","floor":46.0},{"not_picked":["Slice","Dagger Spray","Prepared"],"picked":"SKIP","floor":47.0},{"not_picked":["Poisoned Stab+1","Heel Hook","Dagger Spray"],"picked":"SKIP","floor":48.0},{"not_picked":["Calculated Gamble","Prepared+1"],"picked":"PiercingWail","floor":54.0}],"player_experience":83049,"relics_obtained":[{"floor":6.0,"key":"The Courier"},{"floor":8.0,"key":"Paper Crane"},{"floor":9.0,"key":"Ancient Tea Set"},{"floor":10.0,"key":"Happy Flower"},{"floor":26.0,"key":"Dodecahedron"},{"floor":27.0,"key":"Bird Faced Urn"},{"floor":29.0,"key":"Darkstone Periapt"},{"floor":42.0,"key":"Ninja Scroll"},{"floor":44.0,"key":"Omamori"},{"floor":46.0,"key":"Letter Opener"},{"floor":54.0,"key":"Shuriken"}],"event_choices":[{"damage_healed":0.0,"max_hp_gain":0.0,"max_hp_loss":0.0,"gold_gain":0.0,"event_name":"Shining Light","player_choice":"Entered Light","floor":2.0,"gold_loss":0.0,"damage_taken":14.0,"cards_upgraded":["Defend_G","Defend_G"]},{"damage_healed":0.0,"max_hp_gain":0.0,"max_hp_loss":0.0,"gold_gain":0.0,"event_name":"Scrap Ooze","player_choice":"Success","floor":4.0,"gold_loss":0.0,"damage_taken":7.0,"relics_obtained":["Frozen Egg 2"]},{"damage_healed":0.0,"max_hp_gain":0.0,"max_hp_loss":0.0,"gold_gain":0.0,"event_name":"Accursed Blacksmith","player_choice":"Forge","floor":5.0,"gold_loss":0.0,"damage_taken":0.0,"cards_upgraded":["Bouncing Flask"]},{"cards_removed":["Strike_G"],"damage_healed":0.0,"max_hp_gain":0.0,"max_hp_loss":0.0,"gold_gain":0.0,"event_name":"Beggar","player_choice":"Gave Gold","floor":19.0,"gold_loss":75.0,"damage_taken":0.0},{"damage_healed":0.0,"max_hp_gain":0.0,"max_hp_loss":35.0,"gold_gain":0.0,"event_name":"Ghosts","player_choice":"Became a Ghost","floor":20.0,"gold_loss":0.0,"damage_taken":0.0,"cards_obtained":["Ghostly","Ghostly","Ghostly","Ghostly","Ghostly"]},{"damage_healed":0.0,"max_hp_gain":0.0,"max_hp_loss":0.0,"gold_gain":0.0,"event_name":"Vampires","player_choice":"Ignored","floor":24.0,"gold_loss":0.0,"damage_taken":0.0},{"damage_healed":0.0,"max_hp_gain":0.0,"max_hp_loss":0.0,"gold_gain":0.0,"event_name":"Tomb of Lord Red Mask","player_choice":"Ignored","floor":36.0,"gold_loss":0.0,"damage_taken":0.0},{"damage_healed":0.0,"max_hp_gain":0.0,"max_hp_loss":0.0,"gold_gain":0.0,"event_name":"MindBloom","player_choice":"Upgrade","floor":37.0,"gold_loss":0.0,"damage_taken":0.0,"cards_upgraded":["Survivor","Ghostly","Ghostly","Ghostly","Ghostly","Ghostly","Escape Plan","Distraction","Venomology","Unload","Concentrate","Masterful Stab","Calculated Gamble","Deflect"],"relics_obtained":["Mark of the Bloom"]},{"damage_healed":0.0,"max_hp_gain":0.0,"max_hp_loss":0.0,"gold_gain":300.0,"event_name":"Wheel of Change","player_choice":"Gold","floor":39.0,"gold_loss":0.0,"damage_taken":0.0}],"is_beta":false,"boss_relics":[{"not_picked":["Cursed Key","Ectoplasm"],"picked":"Coffee Dripper"},{"not_picked":["Runic Dome","Snecko Eye"],"picked":"Pandora\u0027s Box"}],"items_purged_floors":[],"is_endless":false,"potions_floor_spawned":[1,8,13,18,30,31,35,38,44,46,47,54],"ascension_level":12}