{"gold_per_floor":[209,209,40,61,61,99,99,138,138,138,154,187,210,231,231,322,322,337,337,337,41,62,62,97,97,97,135,135,135,154,173,173,272,272,293,21,354,372,372,372,398,398,398,273,301,301,351,379,379,379,379,379,379,135,169,169],"floor_reached":57,"playtime":5478,"items_purged":["Strike_B","Defend_B","Defend_B"],"score":3159,"play_id":"f835cf97-6a56-4909-9086-9f3dfe1ca08f","local_time":"20190808105208","is_ascension_mode":true,"campfire_choices":[{"data":"Darkness","floor":7.0,"key":"SMITH"},{"data":"Zap","floor":10.0,"key":"SMITH"},{"data":"Genetic Algorithm","floor":15.0,"key":"SMITH"},{"data":"Biased Cognition","floor":23.0,"key":"SMITH"},{"data":"Hologram","floor":25.0,"key":"SMITH"},{"data":"Turbo","floor":32.0,"key":"SMITH"},{"data":"Coolheaded","floor":40,"key":"SMITH"},{"data":"Echo Form","floor":42,"key":"SMITH"},{"floor":46,"key":"RECALL"},{"data":"Self Repair","floor":49,"key":"SMITH"},{"data":"Steam Power","floor":53,"key":"SMITH"}],"neow_cost":"NONE","seed_source_timestamp":0,"circlet_count":0,"master_deck":["AscendersBane","Strike_B","Defend_B+1","Defend_B","Zap+1","Dualcast","Compile Driver","Darkness+1","Glacier+1","Genetic Algorithm+1","Self Repair+1","Hologram+1","Cold Snap","Biased Cognition+1","Steam Power+1","Turbo+1","Coolheaded+1","Conserve Battery+1","Core Surge","Chaos+1","Skim+1","Fission+1","Coolheaded+1","Chaos+1","Finesse+1","Purity+1","Flash of Steel","Echo Form+1","Recycle+1","Go for the Eyes+1","Defragment+1","Loop+1"],"special_seed":0,"relics":["Cracked Core","PreservedInsect","Pocketwatch","Pantograph","Cables","Bottled Tornado","Philosopher\u0027s Stone","Enchiridion","OrangePellets","Meat on the Bone","Toxic Egg 2","Pear","Calipers","Runic Pyramid","War Paint","Anchor","Frozen Egg 2","Gambling Chip","Ornamental Fan","Bronze Scales","Bottled Flame"],"potions_floor_usage":[56,56],"damage_taken":[{"damage":0.0,"enemies":"Small Slimes","floor":1.0,"turns":3.0},{"damage":1.0,"enemies":"Cultist","floor":4.0,"turns":3.0},{"damage":11.0,"enemies":"Gremlin Nob","floor":6.0,"turns":3.0},{"damage":3.0,"enemies":"3 Sentries","floor":8.0,"turns":4.0},{"damage":2.0,"enemies":"Jaw Worm","floor":11.0,"turns":2.0},{"damage":2.0,"enemies":"Gremlin Nob","floor":12.0,"turns":3.0},{"damage":15.0,"enemies":"Exordium Wildlife","floor":13.0,"turns":3.0},{"damage":3.0,"enemies":"Looter","floor":14.0,"turns":4.0},{"damage":35.0,"enemies":"The Guardian","floor":16.0,"turns":9.0},{"damage":0.0,"enemies":"Chosen","floor":18.0,"turns":5.0},{"damage":0.0,"enemies":"Shell Parasite","floor":22.0,"turns":4.0},{"damage":14.0,"enemies":"Slavers","floor":24.0,"turns":4.0},{"damage":0.0,"enemies":"Book of Stabbing","floor":27.0,"turns":4.0},{"damage":0.0,"enemies":"Snake Plant","floor":30.0,"turns":3.0},{"damage":8.0,"enemies":"Sentry and Sphere","floor":31.0,"turns":7.0},{"damage":1.0,"enemies":"Automaton","floor":33.0,"turns":8.0},{"damage":5,"enemies":"Orb Walker","floor":35,"turns":3},{"damage":3,"enemies":"3 Shapes","floor":38,"turns":5},{"damage":0,"enemies":"Giant Head","floor":41,"turns":4},{"damage":5,"enemies":"Nemesis","floor":45,"turns":5},{"damage":1,"enemies":"2 Orb Walkers","floor":47,"turns":5},{"damage":0,"enemies":"Reptomancer","floor":48,"turns":5},{"damage":0,"enemies":"Awakened One","floor":50,"turns":6},{"damage":0,"enemies":"Donu and Deca","floor":51,"turns":9},{"damage":0,"enemies":"Shield and Spear","floor":55,"turns":6},{"damage":8,"enemies":"The Heart","floor":56,"turns":10}],"seed_played":"-6478155396835588347","potions_obtained":[{"floor":1.0,"key":"Explosive Potion"},{"floor":8.0,"key":"Weak Potion"},{"floor":12.0,"key":"LiquidBronze"},{"floor":22.0,"key":"SpeedPotion"},{"floor":27.0,"key":"SteroidPotion"},{"floor":33.0,"key":"Poison Potion"},{"floor":35,"key":"Dexterity Potion"}],"is_trial":false,"path_per_floor":["M","?","$","M","?","E","R","E","T","R","M","E","M","M","R","B",null,"M","?","?","$","M","R","E","R","T","E","?","T","M","M","R","B",null,"M","$","?","M","?","R","E","R","T","$","E","R","?","E","R","B","B",null,"R","$","E","B",null],"character_chosen":"DEFECT","items_purchased":["PreservedInsect","OrangePellets","War Paint","Bronze Scales","Defragment+1"],"campfire_rested":0,"item_purchase_floors":[3,21,36,54,54],"current_hp_per_floor":[64,64,64,63,63,52,52,49,49,49,47,52,44,48,48,36,57,64,64,43,43,50,50,43,43,43,60,60,60,67,66,66,74,74,74,74,74,74,64,64,71,71,71,71,73,73,74,74,74,74,74,74,74,74,74,74],"gold":169,"neow_bonus":"HUNDRED_GOLD","is_prod":false,"is_daily":false,"chose_seed":false,"campfire_upgraded":10,"win_rate":0,"timestamp":1565254328,"path_taken":["M","?","$","M","?","E","R","E","T","R","?","E","M","M","R","BOSS","M","?","?","?","M","R","E","R","T","E","?","?","?","M","R","BOSS","M","$","?","M","?","R","E","R","T","$","E","R","?","E","R","BOSS","BOSS","R","$","E","BOSS"],"build_version":"2019-07-17","purchased_purges":3,"victory":true,"max_hp_per_floor":[71,64,64,64,64,64,64,64,64,64,64,64,64,64,64,64,64,64,64,64,64,64,64,64,64,64,74,74,74,74,74,74,74,74,74,74,74,74,74,74,74,74,74,74,74,74,74,74,74,74,74,74,74,74,74,74],"card_choices":[{"not_picked":["Aggregate","Storm"],"picked":"Compile Driver","floor":1.0},{"not_picked":["Stack","Coolheaded"],"picked":"Darkness","floor":4.0},{"not_picked":["Skim","Sweeping Beam"],"picked":"Glacier","floor":6.0},{"not_picked":["Heatsinks","Coolheaded"],"picked":"Genetic Algorithm","floor":8.0},{"not_picked":["Leap","Barrage"],"picked":"Self Repair","floor":11.0},{"not_picked":["Gash","Hyperbeam"],"picked":"Hologram","floor":12.0},{"not_picked":["Rip and Tear","Conserve Battery"],"picked":"Cold Snap","floor":13.0},{"not_picked":["Conserve Battery","Barrage","Hello World"],"picked":"SKIP","floor":14.0},{"not_picked":["Creative AI","Electrodynamics"],"picked":"Biased Cognition","floor":16.0},{"not_picked":["Leap","Barrage","Gash"],"picked":"SKIP","floor":18.0},{"not_picked":["Streamline","Beam Cell"],"picked":"Coolheaded","floor":22.0},{"not_picked":["Leap","Glacier"],"picked":"Conserve Battery+1","floor":24.0},{"not_picked":["Hello World","Sunder"],"picked":"Core Surge","floor":27.0},{"not_picked":["Heatsinks","Barrage","Redo+1"],"picked":"SKIP","floor":30.0},{"not_picked":["Melter+1","Stack+1"],"picked":"Skim+1","floor":31.0},{"not_picked":["Machine Learning","Reboot+1"],"picked":"Fission+1","floor":33.0},{"not_picked":["Compile Driver","Reprogram+1"],"picked":"Coolheaded+1","floor":35},{"not_picked":["Blizzard","Barrage"],"picked":"Chaos+1","floor":38},{"not_picked":["Mind Blast","Dramatic Entrance"],"picked":"Finesse+1","floor":39},{"not_picked":["Sadistic Nature","Master of Strategy+1"],"picked":"Purity+1","floor":39},{"not_picked":["Mind Blast","Magnetism"],"picked":"Flash of Steel","floor":39},{"not_picked":["Chaos+1","Biased Cognition"],"picked":"Echo Form","floor":41},{"not_picked":["Compile Driver+1","Ball Lightning","Sweeping Beam"],"picked":"SKIP","floor":45},{"not_picked":["Coolheaded+1","Ball Lightning+1"],"picked":"Recycle+1","floor":47},{"not_picked":["Go for the Eyes+1","Rip and Tear+1","Coolheaded+1"],"picked":"SKIP","floor":48},{"not_picked":["Rip and Tear+1","Coolheaded+1"],"picked":"Go for the Eyes+1","floor":48},{"not_picked":["Cold Snap","Compile Driver"],"picked":"Loop+1","floor":55}],"player_experience":836209,"relics_obtained":[{"floor":6.0,"key":"Pocketwatch"},{"floor":8.0,"key":"Pantograph"},{"floor":9.0,"key":"Cables"},{"floor":12.0,"key":"Bottled Tornado"},{"floor":20.0,"key":"Enchiridion"},{"floor":24.0,"key":"Meat on the Bone"},{"floor":26.0,"key":"Toxic Egg 2"},{"floor":27.0,"key":"Pear"},{"floor":29.0,"key":"Calipers"},{"floor":41,"key":"Anchor"},{"floor":45,"key":"Frozen Egg 2"},{"floor":47,"key":"Gambling Chip"},{"floor":48,"key":"Ornamental Fan"},{"floor":55,"key":"Bottled Flame"}],"event_choices":[{"damage_healed":0.0,"max_hp_gain":0.0,"max_hp_loss":7.0,"gold_gain":0.0,"event_name":"Golden Idol","player_choice":"Lose Max HP","floor":2.0,"gold_loss":0.0,"damage_taken":0.0,"relics_obtained":["Golden Idol"]},{"damage_healed":0.0,"max_hp_gain":0.0,"max_hp_loss":0.0,"gold_gain":0.0,"event_name":"Match and Keep!","player_choice":"0 cards matched","floor":5.0,"gold_loss":0.0,"damage_taken":0.0,"cards_obtained":[]},{"damage_healed":0.0,"max_hp_gain":0.0,"max_hp_loss":0.0,"gold_gain":0.0,"cards_transformed":["Strike_B","Strike_B"],"event_name":"Drug Dealer","player_choice":"Became Test Subject","floor":19.0,"gold_loss":0.0,"damage_taken":0.0,"cards_obtained":["Steam Power","Turbo"]},{"damage_healed":0.0,"max_hp_gain":0.0,"max_hp_loss":0.0,"gold_gain":0.0,"event_name":"Cursed Tome","player_choice":"Obtained Book","floor":20.0,"gold_loss":0.0,"damage_taken":21.0},{"damage_healed":0.0,"max_hp_gain":0.0,"max_hp_loss":0.0,"gold_gain":0.0,"event_name":"The Library","player_choice":"Read","floor":28.0,"gold_loss":0.0,"damage_taken":0.0,"cards_obtained":["Chaos"]},{"damage_healed":0,"gold_gain":333,"player_choice":"Gave Idol","damage_taken":0,"max_hp_gain":0,"max_hp_loss":0,"event_name":"The Moai Head","floor":37,"relics_lost":["Golden Idol"],"gold_loss":0},{"damage_healed":0,"gold_gain":0,"player_choice":"Memory 3","damage_taken":10,"max_hp_gain":0,"max_hp_loss":0,"event_name":"SensoryStone","floor":39,"gold_loss":0},{"damage_healed":0,"gold_gain":0,"player_choice":"Fight","damage_taken":0,"max_hp_gain":0,"max_hp_loss":0,"event_name":"Mysterious Sphere","floor":47,"gold_loss":0}],"is_beta":false,"boss_relics":[{"not_picked":["Lizard Tail","Astrolabe"],"picked":"Philosopher\u0027s Stone"},{"not_picked":["Orrery","Calling Bell"],"picked":"Runic Pyramid"}],"items_purged_floors":[21,36,44],"is_endless":false,"potions_floor_spawned":[1,8,12,14,22,27,31,33,35,38,47],"ascension_level":20}