{"gold_per_floor":[117,117,41,58,58,58,58,58,58,75,104,104,122,7,7,107,107,125,145,145,145,155,184,184,198,221,221,240,257,182,48,48,147,147,159,178,196,215,232,266,266,23,23,42,55,55,69,69,69,69],"floor_reached":51,"playtime":3103,"items_purged":["Go for the Eyes","Gash"],"score":726,"play_id":"2fbafa50-19aa-43d5-99ce-bbc4ac08cc18","local_time":"20180624212429","is_ascension_mode":false,"campfire_choices":[{"data":"Zap","floor":6.0,"key":"SMITH"},{"floor":12.0,"key":"REST"},{"data":"Defragment","floor":15.0,"key":"SMITH"},{"floor":27.0,"key":"REST"},{"data":"White Noise","floor":32.0,"key":"SMITH"},{"floor":41.0,"key":"REST"},{"data":"Echo Form","floor":49.0,"key":"SMITH"}],"neow_cost":"","seed_source_timestamp":0,"circlet_count":0,"master_deck":["Zap+1","Dualcast","Streamline+1","Sunder","Hologram","Echo Form+1","Glacier","Defragment+1","Hyperbeam","Cold Snap","Rebound","Steam","Hologram","Chill","Static Discharge","Fusion","Coolheaded","Seek","White Noise+1","Amplify","Self Repair+1","Static Discharge","Capacitor+1","Turbo+1","Doubt"],"special_seed":0,"relics":["Velvet Choker","Prayer Wheel","Torii","Pandora\u0027s Box","Pen Nib","Singing Bowl","Regal Pillow","Nuclear Battery","Strawberry","Toolbox","Anchor"],"potions_floor_usage":[50],"damage_taken":[{"damage":5.0,"enemies":"Small Slimes","floor":1.0,"turns":4.0},{"damage":0.0,"enemies":"2 Louse","floor":4.0,"turns":2.0},{"damage":1.0,"enemies":"Jaw Worm","floor":10.0,"turns":2.0},{"damage":5.0,"enemies":"Gremlin Nob","floor":11.0,"turns":3.0},{"damage":1.0,"enemies":"Looter","floor":13.0,"turns":2.0},{"damage":35.0,"enemies":"Slime Boss","floor":16.0,"turns":5.0},{"damage":0.0,"enemies":"Chosen","floor":18.0,"turns":5.0},{"damage":0.0,"enemies":"Spheric Guardian","floor":19.0,"turns":3.0},{"damage":11.0,"enemies":"Cultist and Chosen","floor":22.0,"turns":5.0},{"damage":42.0,"enemies":"Gremlin Leader","floor":23.0,"turns":4.0},{"damage":0.0,"enemies":"Centurion and Healer","floor":25.0,"turns":5.0},{"damage":15.0,"enemies":"Snake Plant","floor":28.0,"turns":2.0},{"damage":3.0,"enemies":"Chosen and Byrds","floor":29.0,"turns":8.0},{"damage":17.0,"enemies":"Collector","floor":33.0,"turns":10.0},{"damage":19.0,"enemies":"Orb Walker","floor":35.0,"turns":4.0},{"damage":8.0,"enemies":"3 Shapes","floor":36.0,"turns":3.0},{"damage":15.0,"enemies":"3 Darklings","floor":37.0,"turns":5.0},{"damage":17.0,"enemies":"4 Shapes","floor":38.0,"turns":5.0},{"damage":9.0,"enemies":"Maw","floor":39.0,"turns":9.0},{"damage":72.0,"enemies":"Giant Head","floor":40.0,"turns":8.0},{"damage":47.0,"enemies":"Sphere and 2 Shapes","floor":44.0,"turns":5.0},{"damage":47.0,"enemies":"4 Shapes","floor":45.0,"turns":10.0},{"damage":11.0,"enemies":"Maw","floor":47.0,"turns":10.0},{"damage":66,"enemies":"Time Eater","floor":50,"turns":11}],"seed_played":"6247171212937738407","potions_obtained":[{"floor":1.0,"key":"Weak Potion"},{"floor":10.0,"key":"SteroidPotion"},{"floor":16.0,"key":"SpeedPotion"},{"floor":18.0,"key":"EssenceOfSteel"},{"floor":23.0,"key":"FairyPotion"},{"floor":25.0,"key":"Swift Potion"},{"floor":44.0,"key":"PowerPotion"},{"floor":47.0,"key":"GamblersBrew"}],"is_trial":false,"path_per_floor":["M","?","$","M","?","R","$","?","T","M","E","R","M","$","R","B",null,"M","M","?","?","M","E","?","M","T","R","M","M","$","$","R","B",null,"M","M","M","M","M","E","R","$","T","M","M","?","M","?","R","B"],"character_chosen":"DEFECT","items_purchased":["Sunder","Glacier","Defragment","White Noise","Toolbox"],"campfire_rested":3,"item_purchase_floors":[],"current_hp_per_floor":[70,55,55,55,60,60,60,52,52,51,46,70,69,69,69,34,80,80,80,80,80,69,29,29,33,33,73,60,61,61,61,61,44,92,77,73,60,55,68,29,78,78,78,53,28,28,41,123,123,67],"gold":69,"neow_bonus":"","is_prod":false,"is_daily":false,"chose_seed":false,"campfire_upgraded":4,"win_rate":0,"timestamp":1529868269,"path_taken":["M","?","$","M","?","R","$","?","T","?","E","R","M","?","R","BOSS","M","?","?","?","M","E","?","M","T","R","?","M","?","$","R","BOSS","M","M","M","M","M","E","R","$","T","M","M","?","M","?","R","BOSS"],"build_version":"2018-06-21v2","purchased_purges":2,"victory":true,"max_hp_per_floor":[75,75,75,75,80,80,80,80,80,80,80,80,80,80,80,80,80,80,80,80,80,80,82,82,86,86,86,88,92,92,92,92,92,92,96,100,102,104,106,115,115,115,115,117,119,119,123,123,123,123],"card_choices":[{"not_picked":["Gash","Steam"],"picked":"Streamline","floor":1.0},{"not_picked":["Coolheaded","Defragment"],"picked":"Hologram","floor":4.0},{"not_picked":["Redo","Compile Driver","Beam Cell"],"picked":"SKIP","floor":10.0},{"not_picked":["Stack","Redo","Recycle"],"picked":"SKIP","floor":10.0},{"not_picked":["Scrape","Steam"],"picked":"Echo Form","floor":11.0},{"not_picked":["Defragment","Scrape","Leap"],"picked":"SKIP","floor":13.0},{"not_picked":["Chaos","Steam","Gash"],"picked":"SKIP","floor":13.0},{"not_picked":["Echo Form","All For One"],"picked":"Hyperbeam","floor":16.0},{"not_picked":["Stack","Compile Driver"],"picked":"Static Discharge","floor":18.0},{"not_picked":["Stack","Rip and Tear","Sweeping Beam+1"],"picked":"SKIP","floor":18.0},{"not_picked":["Stack","Cold Snap+1"],"picked":"Fusion","floor":19.0},{"not_picked":["Echo Form","Gash","Stack+1"],"picked":"SKIP","floor":19.0},{"not_picked":["Redo+1","Scrape"],"picked":"Coolheaded","floor":22.0},{"not_picked":["Barrage+1","Steam","Hologram"],"picked":"SKIP","floor":22.0},{"not_picked":["Coolheaded","Ball Lightning","Sweeping Beam"],"picked":"Singing Bowl","floor":23.0},{"not_picked":["Genetic Algorithm","Barrage","Beam Cell"],"picked":"Singing Bowl","floor":25.0},{"not_picked":["Recycle","Gash+1","Sweeping Beam"],"picked":"Singing Bowl","floor":25.0},{"not_picked":["Scrape","Reprogram"],"picked":"Seek","floor":28.0},{"not_picked":["Heatsinks","Melter","Streamline+1"],"picked":"Singing Bowl","floor":28.0},{"not_picked":["Go for the Eyes+1","Rebound","Coolheaded"],"picked":"Singing Bowl","floor":29.0},{"not_picked":["Rebound+1","Ball Lightning","Conserve Battery+1"],"picked":"Singing Bowl","floor":29.0},{"not_picked":["Core Surge","Reboot"],"picked":"Amplify","floor":33.0},{"not_picked":["Gash+1","Coolheaded+1","Chill"],"picked":"Singing Bowl","floor":35.0},{"not_picked":["Cold Snap+1","Rebound","Turbo+1"],"picked":"Singing Bowl","floor":35.0},{"not_picked":["Go for the Eyes+1","Steam","Chaos"],"picked":"Singing Bowl","floor":36.0},{"not_picked":["Melter","Stack+1","Recycle+1"],"picked":"Singing Bowl","floor":36.0},{"not_picked":["Redo","Seek","Sweeping Beam+1"],"picked":"Singing Bowl","floor":37.0},{"not_picked":["Compile Driver+1","Darkness+1"],"picked":"Self Repair+1","floor":37.0},{"not_picked":["Steam","Streamline+1","Ball Lightning+1"],"picked":"Singing Bowl","floor":38.0},{"not_picked":["BootSequence+1","Force Field"],"picked":"Static Discharge","floor":38.0},{"not_picked":["Undo+1","Hologram"],"picked":"Capacitor+1","floor":39.0},{"not_picked":["Conserve Battery","Rebound+1","Hello World"],"picked":"Singing Bowl","floor":39.0},{"not_picked":["Compile Driver","Fusion","Rebound+1"],"picked":"Singing Bowl","floor":40.0},{"not_picked":["Double Energy+1","Beam Cell","Cold Snap+1"],"picked":"Singing Bowl","floor":44.0},{"not_picked":["Conserve Battery+1","Sunder+1"],"picked":"Turbo+1","floor":45.0},{"not_picked":["BootSequence+1","Steam Power+1","Streamline"],"picked":"Singing Bowl","floor":45.0},{"not_picked":["Melter+1","Scrape","Coolheaded+1"],"picked":"Singing Bowl","floor":47.0},{"not_picked":["Lockon","Loop+1","Core Surge"],"picked":"Singing Bowl","floor":47.0}],"player_experience":279819,"relics_obtained":[{"floor":9.0,"key":"Prayer Wheel"},{"floor":11.0,"key":"Torii"},{"floor":23.0,"key":"Singing Bowl"},{"floor":26.0,"key":"Regal Pillow"},{"floor":40.0,"key":"Strawberry"},{"floor":43.0,"key":"Anchor"}],"event_choices":[{"event_name":"Shining Light","player_choice":"Entered Light","floor":2.0,"damage_taken":0.0},{"event_name":"Big Fish","player_choice":"Donut","floor":5.0,"damage_taken":0.0},{"event_name":"Wheel of Change","player_choice":"Damage","floor":8.0,"damage_taken":0.0},{"event_name":"The Mausoleum","player_choice":"Yes","floor":20.0,"damage_taken":0.0},{"event_name":"The Woman in Blue","player_choice":"Bought 0 Potions","floor":21.0,"damage_taken":0.0},{"event_name":"Purifier","player_choice":"One Purge","floor":24.0,"damage_taken":0.0},{"event_name":"Mysterious Sphere","player_choice":"Ignore","floor":46.0,"damage_taken":0.0},{"event_name":"MindBloom","player_choice":"Heal","floor":48.0,"damage_taken":0.0}],"boss_relics":[{"not_picked":["Busted Crown","Empty Cage"],"picked":"Pandora\u0027s Box"},{"not_picked":["Runic Pyramid","White Beast Statue"],"picked":"Nuclear Battery"}],"items_purged_floors":[],"is_endless":false,"potions_floor_spawned":[1,10,16,18,23,25,29,36,37,38,44,47],"ascension_level":0}