{"gold_per_floor":[116,116,116,130,41,41,59,59,59,6,34,34,53,80,80,157,157,167,92,0,100,0,28,42,42,42,42,56,56,84,99,99,171,171,187,203,222,271,271,296,296,91,91,91,103,129,139,139,139,139,139,139,139,38,69,69],"floor_reached":57,"playtime":3551,"items_purged":["Pain","Shame","Scrape"],"score":2937,"play_id":"a0edf5da-6062-4c84-a35e-28dd3ccfc0f1","local_time":"20190505180818","is_ascension_mode":true,"campfire_choices":[{"data":"Darkness","floor":6.0,"key":"SMITH"},{"data":"Redo","floor":8.0,"key":"SMITH"},{"data":"Loop","floor":12.0,"key":"SMITH"},{"data":"Dualcast","floor":15.0,"key":"SMITH"},{"data":"Buffer","floor":27.0,"key":"SMITH"},{"data":"Coolheaded","floor":29.0,"key":"SMITH"},{"data":"Heatsinks","floor":32.0,"key":"SMITH"},{"floor":41.0,"key":"RECALL"},{"data":"Zap","floor":44.0,"key":"SMITH"},{"data":"Machine Learning","floor":49.0,"key":"SMITH"},{"data":"Genetic Algorithm","floor":53,"key":"SMITH"}],"neow_cost":"TEN_PERCENT_HP_LOSS","seed_source_timestamp":26553618140079,"circlet_count":0,"master_deck":["AscendersBane","Zap+1","Dualcast+1","Skim+1","Darkness+1","Redo+1","Coolheaded+1","Loop+1","All For One","Genetic Algorithm+1","Buffer+1","Turbo+1","Heatsinks+1","Double Energy+1","Coolheaded+1","Seek+1","Loop+1","Tempest+1","Machine Learning+1","Rainbow+1","Chaos+1","Ball Lightning","Chill+1","Turbo+1","Rainbow+1","Hologram+1","White Noise+1","White Noise+1","White Noise+1","Discovery+1","Secret Technique+1","Impatience+1","Discovery+1"],"special_seed":0,"relics":["Cracked Core","Calipers","Meat on the Bone","DataDisk","Lantern","Torii","Calling Bell","Anchor","Toxic Egg 2","Incense Burner","Bird Faced Urn","Cables","Singing Bowl","Potion Belt","Pandora\u0027s Box","Gambling Chip","Boot","Ginger","Unceasing Top","Mummified Hand"],"potions_floor_usage":[],"damage_taken":[{"damage":0.0,"enemies":"2 Louse","floor":1.0,"turns":1.0},{"damage":12.0,"enemies":"Jaw Worm","floor":4.0,"turns":3.0},{"damage":8.0,"enemies":"Small Slimes","floor":7.0,"turns":4.0},{"damage":7.0,"enemies":"Lagavulin","floor":11.0,"turns":7.0},{"damage":8.0,"enemies":"Blue Slaver","floor":13.0,"turns":3.0},{"damage":40.0,"enemies":"Gremlin Nob","floor":14.0,"turns":4.0},{"damage":7.0,"enemies":"Slime Boss","floor":16.0,"turns":6.0},{"damage":19.0,"enemies":"Chosen","floor":18.0,"turns":6.0},{"damage":19.0,"enemies":"Colosseum Slavers","floor":21.0,"turns":4.0},{"damage":0.0,"enemies":"Colosseum Nobs","floor":21.0,"turns":4.0},{"damage":36.0,"enemies":"Slavers","floor":23.0,"turns":4.0},{"damage":12.0,"enemies":"Shell Parasite","floor":24.0,"turns":6.0},{"damage":13.0,"enemies":"3 Cultists","floor":28.0,"turns":5.0},{"damage":8.0,"enemies":"Book of Stabbing","floor":30.0,"turns":4.0},{"damage":0.0,"enemies":"Chosen and Byrds","floor":31.0,"turns":6.0},{"damage":1.0,"enemies":"Automaton","floor":33.0,"turns":7.0},{"damage":0.0,"enemies":"3 Shapes","floor":35.0,"turns":3.0},{"damage":0.0,"enemies":"3 Darklings","floor":36.0,"turns":3.0},{"damage":0.0,"enemies":"4 Shapes","floor":37.0,"turns":5.0},{"damage":0.0,"enemies":"2 Orb Walkers","floor":38.0,"turns":4.0},{"damage":0.0,"enemies":"Nemesis","floor":40.0,"turns":5.0},{"damage":0.0,"enemies":"Maw","floor":45.0,"turns":4.0},{"damage":0.0,"enemies":"Giant Head","floor":46.0,"turns":5.0},{"damage":0.0,"enemies":"Jaw Worm Horde","floor":47.0,"turns":2.0},{"damage":29.0,"enemies":"Time Eater","floor":50.0,"turns":9.0},{"damage":0,"enemies":"Awakened One","floor":51,"turns":7},{"damage":0,"enemies":"Shield and Spear","floor":55,"turns":3},{"damage":68,"enemies":"The Heart","floor":56,"turns":7}],"seed_played":"2871891338836655868","potions_obtained":[{"floor":7.0,"key":"EntropicBrew"},{"floor":13.0,"key":"Dexterity Potion"},{"floor":23.0,"key":"Block Potion"},{"floor":24.0,"key":"Strength Potion"},{"floor":30.0,"key":"SkillPotion"},{"floor":31.0,"key":"AttackPotion"},{"floor":36.0,"key":"SkillPotion"},{"floor":46.0,"key":"Swift Potion"}],"is_trial":false,"path_per_floor":["M","?","?","M","$","R","M","R","T","$","E","R","M","E","R","B",null,"M","$","?","?","$","E","M","?","T","R","M","R","E","M","R","B",null,"M","M","M","?","?","E","R","$","T","R","M","E","M","?","R","B","B",null,"R","$","E","B",null],"character_chosen":"DEFECT","items_purchased":["Darkness","Coolheaded","White Noise+1","Discovery+1"],"campfire_rested":0,"item_purchase_floors":[5,10,42,54],"current_hp_per_floor":[64,59,40,40,40,40,44,44,44,44,37,37,41,13,13,18,53,34,34,34,39,39,21,25,25,25,25,30,30,40,46,46,51,62,67,67,69,69,69,69,69,69,69,69,69,69,71,61,61,62,71,71,71,71,73,34],"gold":69,"neow_bonus":"ONE_RARE_RELIC","is_prod":false,"is_daily":false,"chose_seed":false,"campfire_upgraded":10,"win_rate":0,"timestamp":1557050898,"path_taken":["M","?","?","M","$","R","M","R","T","$","E","R","M","E","R","BOSS","M","$","?","?","$","E","M","?","T","R","M","R","E","M","R","BOSS","M","M","?","?","?","E","R","$","T","R","?","E","M","?","R","BOSS","BOSS","R","$","E","BOSS"],"build_version":"2019-01-23","purchased_purges":3,"victory":true,"max_hp_per_floor":[64,64,64,64,64,64,64,64,64,64,64,64,64,64,64,64,64,64,64,64,64,64,66,66,63,63,63,63,63,63,65,65,65,65,67,67,69,69,69,69,69,69,69,69,69,69,71,71,71,71,71,71,71,71,73,73],"card_choices":[{"not_picked":["Ball Lightning","Redo"],"picked":"Skim","floor":1.0},{"not_picked":["Lockon","Barrage","Scrape"],"picked":"SKIP","floor":4.0},{"not_picked":["Coolheaded","Fusion"],"picked":"Redo","floor":7.0},{"not_picked":["Redo","Steam"],"picked":"Loop","floor":11.0},{"not_picked":["Scrape","Sunder"],"picked":"All For One","floor":13.0},{"not_picked":["Coolheaded","Rip and Tear"],"picked":"Genetic Algorithm","floor":14.0},{"not_picked":["Thunder Strike","Rainbow"],"picked":"Buffer","floor":16.0},{"not_picked":["Streamline","Gash","Rebound"],"picked":"SKIP","floor":18.0},{"not_picked":["Hologram+1","Go for the Eyes"],"picked":"Turbo+1","floor":21.0},{"not_picked":["Rebound","Consume+1","Gash"],"picked":"Singing Bowl","floor":23.0},{"not_picked":["Go for the Eyes","Compile Driver"],"picked":"Heatsinks","floor":24.0},{"not_picked":["Tempest+1","Rainbow+1"],"picked":"Double Energy+1","floor":28.0},{"not_picked":["Conserve Battery+1","Compile Driver"],"picked":"Coolheaded+1","floor":30.0},{"not_picked":["Cold Snap","Conserve Battery+1","Force Field+1"],"picked":"Singing Bowl","floor":31.0},{"not_picked":["Meteor Strike","Rainbow+1"],"picked":"Seek+1","floor":33.0},{"not_picked":["Beam Cell","Redo+1","Stack+1"],"picked":"Singing Bowl","floor":35.0},{"not_picked":["Hologram+1","Steam+1"],"picked":"Turbo+1","floor":36.0},{"not_picked":["Turbo+1","Blizzard","Doom and Gloom"],"picked":"Singing Bowl","floor":37.0},{"not_picked":["Lockon","Storm"],"picked":"Rainbow+1","floor":38.0},{"not_picked":["Static Discharge+1","Stack+1"],"picked":"Hologram+1","floor":40.0},{"not_picked":["Genetic Algorithm+1","Redo+1"],"picked":"White Noise+1","floor":45.0},{"not_picked":["Go for the Eyes","Streamline"],"picked":"White Noise+1","floor":46.0},{"not_picked":["Streamline","Beam Cell+1","Self Repair"],"picked":"Singing Bowl","floor":47.0},{"not_picked":["Apotheosis+1","Finesse+1"],"picked":"Discovery+1","floor":48.0},{"not_picked":["HandOfGreed","Swift Strike"],"picked":"Secret Technique+1","floor":48.0},{"not_picked":["Sadistic Nature","Trip+1"],"picked":"Impatience+1","floor":48.0},{"not_picked":["Melter+1","Steam Power+1","Steam+1"],"picked":"Singing Bowl","floor":55}],"player_experience":4601074,"relics_obtained":[{"floor":9.0,"key":"DataDisk"},{"floor":11.0,"key":"Lantern"},{"floor":14.0,"key":"Torii"},{"floor":17.0,"key":"Anchor"},{"floor":17.0,"key":"Toxic Egg 2"},{"floor":17.0,"key":"Incense Burner"},{"floor":21.0,"key":"Bird Faced Urn"},{"floor":21.0,"key":"Cables"},{"floor":23.0,"key":"Singing Bowl"},{"floor":30.0,"key":"Potion Belt"},{"floor":38.0,"key":"Gambling Chip"},{"floor":40.0,"key":"Boot"},{"floor":43.0,"key":"Ginger"},{"floor":46.0,"key":"Unceasing Top"},{"floor":55,"key":"Mummified Hand"}],"event_choices":[{"damage_healed":0.0,"max_hp_gain":0.0,"max_hp_loss":0.0,"gold_gain":0.0,"event_name":"Scrap Ooze","player_choice":"Success","floor":2.0,"gold_loss":0.0,"damage_taken":5.0,"relics_obtained":["Meat on the Bone"]},{"damage_healed":0.0,"max_hp_gain":0.0,"max_hp_loss":0.0,"gold_gain":0.0,"event_name":"Shining Light","player_choice":"Entered Light","floor":3.0,"gold_loss":0.0,"damage_taken":19.0,"cards_upgraded":["Defend_B","Skim"]},{"damage_healed":0.0,"max_hp_gain":0.0,"max_hp_loss":0.0,"gold_gain":0.0,"event_name":"Masked Bandits","player_choice":"Paid Fearfully","floor":20.0,"gold_loss":92.0,"damage_taken":0.0},{"damage_healed":0.0,"max_hp_gain":0.0,"max_hp_loss":0.0,"gold_gain":0.0,"event_name":"Colosseum","player_choice":"Fight","floor":21.0,"gold_loss":0.0,"damage_taken":0.0},{"damage_healed":0.0,"max_hp_gain":0.0,"max_hp_loss":0.0,"gold_gain":0.0,"event_name":"Colosseum","player_choice":"Fought Nobs","floor":21.0,"gold_loss":0.0,"damage_taken":0.0},{"cards_removed":["Parasite"],"damage_healed":0.0,"max_hp_gain":0.0,"max_hp_loss":0.0,"gold_gain":0.0,"event_name":"Purifier","player_choice":"Purged","floor":25.0,"gold_loss":0.0,"damage_taken":0.0},{"damage_healed":0.0,"max_hp_gain":0.0,"max_hp_loss":0.0,"gold_gain":0.0,"event_name":"Mysterious Sphere","player_choice":"Fight","floor":38.0,"gold_loss":0.0,"damage_taken":0.0},{"damage_healed":0.0,"max_hp_gain":0.0,"max_hp_loss":0.0,"gold_gain":0.0,"event_name":"Accursed Blacksmith","player_choice":"Forge","floor":39.0,"gold_loss":0.0,"damage_taken":0.0,"cards_upgraded":["Loop"]},{"damage_healed":0.0,"max_hp_gain":0.0,"max_hp_loss":0.0,"gold_gain":0.0,"event_name":"SensoryStone","player_choice":"Memory 3","floor":48.0,"gold_loss":0.0,"damage_taken":10.0}],"is_beta":false,"boss_relics":[{"not_picked":["Velvet Choker","White Beast Statue"],"picked":"Calling Bell"},{"not_picked":["Runic Pyramid","Orrery"],"picked":"Pandora\u0027s Box"}],"items_purged_floors":[19,22,42],"is_endless":false,"potions_floor_spawned":[7,13,16,23,24,30,31,36,46,47],"ascension_level":20}