{"gold_per_floor":[113,2,14,31,31,31,64,64,64,86,86,106,126,126,126,197,197,208,219,144,69,69,69,69,69,69,69,130,30,42,58,58,132,132,143,143,158,8,84,116,128,207,296,84,95,95,145,173,173,173,173,173,173,40,69,69],"floor_reached":57,"playtime":2589,"items_purged":["Strike_B","Strike_B","Defend_B"],"score":3202,"play_id":"1adc01ff-0e71-4cf9-ac0e-1f4b8d15f9f4","local_time":"20190327130852","is_ascension_mode":true,"campfire_choices":[{"data":"Loop","floor":6.0,"key":"SMITH"},{"data":"Buffer","floor":8.0,"key":"SMITH"},{"data":"Dualcast","floor":11.0,"key":"SMITH"},{"data":"Turbo","floor":15.0,"key":"SMITH"},{"data":"Ghostly","floor":23.0,"key":"SMITH"},{"data":"Ghostly","floor":25.0,"key":"SMITH"},{"data":"Ghostly","floor":27.0,"key":"SMITH"},{"data":"Zap","floor":32.0,"key":"SMITH"},{"data":"Multi-Cast","floor":41.0,"key":"SMITH"},{"data":"Coolheaded","floor":46.0,"key":"SMITH"},{"floor":49.0,"key":"RECALL"},{"data":"Double Energy","floor":53,"key":"SMITH"}],"neow_cost":"TEN_PERCENT_HP_LOSS","seed_source_timestamp":2270361162204,"circlet_count":0,"master_deck":["AscendersBane","Defend_B","Defend_B","Defend_B","Zap+1","Dualcast+1","Buffer+1","Doom and Gloom","Ball Lightning","White Noise","Loop+1","Turbo+1","Genetic Algorithm","Creative AI+1","Ghostly+1","Ghostly+1","Ghostly+1","Buffer+1","Glacier","Multi-Cast+1","Double Energy+1","Coolheaded+1","Recycle"],"special_seed":0,"relics":["Cracked Core","Singing Bowl","Frozen Egg 2","Odd Mushroom","Busted Crown","Bag of Preparation","Tiny Chest","Runic Pyramid","SsserpentHead","MawBank","Shuriken","ClockworkSouvenir","Orichalcum","Cables"],"potions_floor_usage":[56,56],"damage_taken":[{"damage":0.0,"enemies":"Cultist","floor":1.0,"turns":4.0},{"damage":7.0,"enemies":"2 Louse","floor":3.0,"turns":3.0},{"damage":3.0,"enemies":"Small Slimes","floor":4.0,"turns":3.0},{"damage":15.0,"enemies":"Lagavulin","floor":7.0,"turns":6.0},{"damage":7.0,"enemies":"The Mushroom Lair","floor":10.0,"turns":4.0},{"damage":9.0,"enemies":"Exordium Wildlife","floor":12.0,"turns":5.0},{"damage":8.0,"enemies":"Blue Slaver","floor":13.0,"turns":4.0},{"damage":0.0,"enemies":"Slime Boss","floor":16.0,"turns":8.0},{"damage":0.0,"enemies":"Chosen","floor":18.0,"turns":5.0},{"damage":0.0,"enemies":"Spheric Guardian","floor":19.0,"turns":4.0},{"damage":27.0,"enemies":"Slavers","floor":28.0,"turns":7.0},{"damage":0.0,"enemies":"Snake Plant","floor":30.0,"turns":4.0},{"damage":0.0,"enemies":"Snecko","floor":31.0,"turns":5.0},{"damage":11.0,"enemies":"Collector","floor":33.0,"turns":11.0},{"damage":0.0,"enemies":"3 Shapes","floor":35.0,"turns":5.0},{"damage":0.0,"enemies":"3 Darklings","floor":37.0,"turns":6.0},{"damage":0.0,"enemies":"Giant Head","floor":40.0,"turns":10.0},{"damage":0.0,"enemies":"4 Shapes","floor":42.0,"turns":6.0},{"damage":0.0,"enemies":"Writhing Mass","floor":45.0,"turns":4.0},{"damage":0.0,"enemies":"Reptomancer","floor":48.0,"turns":4.0},{"damage":0.0,"enemies":"Time Eater","floor":50.0,"turns":7.0},{"damage":0,"enemies":"Awakened One","floor":51,"turns":9},{"damage":0,"enemies":"Shield and Spear","floor":55,"turns":8},{"damage":42,"enemies":"The Heart","floor":56,"turns":10}],"seed_played":"-5753216879810580537","potions_obtained":[{"floor":1.0,"key":"Strength Potion"},{"floor":12.0,"key":"Regen Potion"},{"floor":18.0,"key":"Ancient Potion"},{"floor":31.0,"key":"SpeedPotion"},{"floor":35.0,"key":"Dexterity Potion"},{"floor":45.0,"key":"FearPotion"}],"is_trial":false,"path_per_floor":["M","$","M","M","$","R","E","R","T","?","R","M","M","?","R","B",null,"M","M","$","?","?","R","$","R","T","R","E","$","M","M","R","B",null,"M","?","M","$","T","E","R","M","T","$","M","R","?","E","R","B","B",null,"R","$","E","B",null],"character_chosen":"DEFECT","items_purchased":["Ball Lightning","White Noise","Glacier","ClockworkSouvenir","Recycle","PowerPotion"],"campfire_rested":0,"item_purchase_floors":[2,2,38,44,54,54],"current_hp_per_floor":[64,64,57,54,54,54,41,41,41,34,34,27,21,21,21,21,58,72,74,74,74,37,37,37,37,37,37,12,12,14,16,16,5,34,36,36,38,38,38,38,38,38,38,38,38,38,38,40,40,40,40,45,45,45,47,5],"gold":69,"neow_bonus":"THREE_RARE_CARDS","is_prod":false,"is_daily":false,"chose_seed":false,"campfire_upgraded":11,"win_rate":0,"timestamp":1553663332,"path_taken":["M","?","M","M","?","R","E","R","T","?","R","M","M","?","R","BOSS","M","?","$","?","?","R","?","R","T","R","E","$","M","M","R","BOSS","M","?","M","?","?","E","R","?","T","$","M","R","?","E","R","BOSS","BOSS","R","$","E","BOSS"],"build_version":"2019-01-23","purchased_purges":3,"victory":true,"max_hp_per_floor":[64,64,64,64,64,64,66,66,66,66,66,68,70,70,70,70,70,72,74,74,74,37,37,37,37,37,37,39,39,41,43,43,43,43,45,45,47,47,47,47,47,47,47,47,47,47,45,47,47,47,47,47,47,47,49,49],"card_choices":[{"not_picked":["Seek","Meteor Strike"],"picked":"Buffer","floor":0.0},{"not_picked":["Gash","BootSequence"],"picked":"Doom and Gloom","floor":1.0},{"not_picked":["Conserve Battery","Chaos"],"picked":"Loop","floor":3.0},{"not_picked":["Barrage","Gash"],"picked":"Turbo","floor":4.0},{"not_picked":["Double Energy","Tempest","Coolheaded"],"picked":"Singing Bowl","floor":7.0},{"not_picked":["Leap","Rebound"],"picked":"Genetic Algorithm","floor":10.0},{"not_picked":["Turbo","Doom and Gloom","Compile Driver"],"picked":"Singing Bowl","floor":12.0},{"not_picked":["Ball Lightning","Storm+1","Chaos"],"picked":"Singing Bowl","floor":13.0},{"not_picked":["Rainbow","All For One"],"picked":"Creative AI+1","floor":16.0},{"not_picked":["Streamline"],"picked":"Singing Bowl","floor":18.0},{"not_picked":["Streamline"],"picked":"Singing Bowl","floor":19.0},{"not_picked":["Steam Power"],"picked":"Singing Bowl","floor":28.0},{"not_picked":["Leap"],"picked":"Singing Bowl","floor":30.0},{"not_picked":["Go for the Eyes"],"picked":"Singing Bowl","floor":31.0},{"not_picked":[],"picked":"Buffer+1","floor":33.0},{"not_picked":["Storm+1"],"picked":"Singing Bowl","floor":35.0},{"not_picked":["Melter"],"picked":"Singing Bowl","floor":37.0},{"not_picked":[],"picked":"Multi-Cast","floor":40.0},{"not_picked":[],"picked":"Double Energy","floor":42.0},{"not_picked":[],"picked":"Coolheaded","floor":45.0},{"not_picked":["Thunder Strike"],"picked":"Singing Bowl","floor":48.0},{"not_picked":["Cold Snap"],"picked":"Singing Bowl","floor":55}],"player_experience":3893497,"relics_obtained":[{"floor":7.0,"key":"Singing Bowl"},{"floor":9.0,"key":"Frozen Egg 2"},{"floor":10.0,"key":"Odd Mushroom"},{"floor":26.0,"key":"Bag of Preparation"},{"floor":28.0,"key":"Tiny Chest"},{"floor":40.0,"key":"MawBank"},{"floor":43.0,"key":"Shuriken"},{"floor":48.0,"key":"Orichalcum"},{"floor":55,"key":"Cables"}],"event_choices":[{"damage_healed":0.0,"max_hp_gain":0.0,"max_hp_loss":0.0,"gold_gain":0.0,"event_name":"Mushrooms","player_choice":"Fought Mushrooms","floor":10.0,"gold_loss":0.0,"damage_taken":0.0},{"cards_removed":["Strike_B"],"damage_healed":0.0,"max_hp_gain":0.0,"max_hp_loss":0.0,"gold_gain":0.0,"event_name":"Purifier","player_choice":"Purged","floor":14.0,"gold_loss":0.0,"damage_taken":0.0},{"cards_removed":["Strike_B"],"damage_healed":0.0,"max_hp_gain":0.0,"max_hp_loss":0.0,"gold_gain":0.0,"event_name":"Beggar","player_choice":"Gave Gold","floor":21.0,"gold_loss":75.0,"damage_taken":0.0},{"damage_healed":0.0,"max_hp_gain":0.0,"max_hp_loss":37.0,"gold_gain":0.0,"event_name":"Ghosts","player_choice":"Became a Ghost","floor":22.0,"gold_loss":0.0,"damage_taken":0.0,"cards_obtained":["Ghostly","Ghostly","Ghostly"]},{"damage_healed":0.0,"max_hp_gain":0.0,"max_hp_loss":0.0,"gold_gain":0.0,"event_name":"FaceTrader","player_choice":"Trade","floor":36.0,"gold_loss":0.0,"damage_taken":0.0,"relics_obtained":["SsserpentHead"]},{"damage_healed":0.0,"max_hp_gain":0.0,"max_hp_loss":2.0,"gold_gain":0.0,"event_name":"Winding Halls","player_choice":"Max HP","floor":47.0,"gold_loss":0.0,"damage_taken":0.0}],"is_beta":false,"boss_relics":[{"not_picked":["Ectoplasm","Tiny House"],"picked":"Busted Crown"},{"not_picked":["Nuclear Battery","Orrery"],"picked":"Runic Pyramid"}],"items_purged_floors":[20,29,38],"is_endless":false,"potions_floor_spawned":[1,12,16,18,31,35,45],"ascension_level":20}