{"gold_per_floor":[110,127,277,552,171,171,187,199,223,223,256,256,274,284,284,284],"floor_reached":16,"playtime":391,"items_purged":["Regret"],"score":204,"play_id":"7d6611f0-9b48-468b-b6ab-cc7e86909a9e","local_time":"20190128212323","is_ascension_mode":true,"campfire_choices":[{"data":"Catalyst","floor":6.0,"key":"SMITH"},{"data":"Deadly Poison","floor":10.0,"key":"SMITH"},{"data":"Bouncing Flask","floor":12.0,"key":"SMITH"},{"data":"Calculated Gamble","floor":15.0,"key":"SMITH"}],"neow_cost":"NONE","seed_source_timestamp":43820951819422,"circlet_count":0,"master_deck":["AscendersBane","Defend_G","Defend_G","Defend_G","Defend_G","Defend_G","Strike_G","Strike_G","Strike_G","Strike_G","Strike_G","Survivor","Neutralize","Catalyst+1","Poisoned Stab","Doubt","Deadly Poison+1","Acrobatics","Bouncing Flask+1","Calculated Gamble+1","Prepared"],"special_seed":0,"relics":["Ring of the Snake","NeowsBlessing","Question Card","Orichalcum","Regal Pillow"],"potions_floor_usage":[],"damage_taken":[{"damage":0.0,"enemies":"Small Slimes","floor":1.0,"turns":1.0},{"damage":0.0,"enemies":"2 Louse","floor":2.0,"turns":1.0},{"damage":0.0,"enemies":"Cultist","floor":7.0,"turns":1.0},{"damage":28.0,"enemies":"Gremlin Gang","floor":8.0,"turns":8.0},{"damage":8.0,"enemies":"Gremlin Nob","floor":11.0,"turns":3.0},{"damage":8.0,"enemies":"Large Slime","floor":13.0,"turns":6.0},{"damage":14.0,"enemies":"Exordium Wildlife","floor":14.0,"turns":4.0},{"damage":0,"enemies":"The Guardian","floor":16,"turns":3}],"seed_played":"5460979617061988794","potions_obtained":[{"floor":2.0,"key":"SteroidPotion"},{"floor":11.0,"key":"FearPotion"}],"is_trial":false,"path_per_floor":["M","M","?","?","$","R","M","M","T","R","E","R","M","M","R","B"],"character_chosen":"THE_SILENT","items_purchased":["Deadly Poison","Question Card"],"campfire_rested":0,"item_purchase_floors":[5,5],"current_hp_per_floor":[59,59,59,59,59,59,59,31,31,31,23,23,15,1,1,1],"gold":284,"neow_bonus":"THREE_ENEMY_KILL","is_prod":false,"is_daily":false,"chose_seed":false,"campfire_upgraded":4,"win_rate":0,"timestamp":1548681803,"path_taken":["M","M","?","?","$","R","M","?","T","R","E","R","M","?","R","BOSS"],"build_version":"2019-01-23","purchased_purges":1,"victory":false,"max_hp_per_floor":[66,66,66,66,66,66,66,66,66,66,66,66,66,66,66,66],"card_choices":[{"not_picked":["Acrobatics","Prepared"],"picked":"Catalyst","floor":1.0},{"not_picked":["Masterful Stab","Acrobatics"],"picked":"Poisoned Stab","floor":2.0},{"not_picked":["Heel Hook","Predator","Outmaneuver","Dagger Spray"],"picked":"SKIP","floor":7.0},{"not_picked":["Deflect","Poisoned Stab","Bouncing Flask"],"picked":"Acrobatics","floor":8.0},{"not_picked":["Acrobatics","Backflip","Caltrops"],"picked":"Bouncing Flask","floor":11.0},{"not_picked":["Deflect","Quick Slash","Sucker Punch"],"picked":"Calculated Gamble","floor":13.0},{"not_picked":["Finisher","Reflex","Crippling Poison"],"picked":"Prepared","floor":14.0}],"player_experience":1379637,"relics_obtained":[{"floor":9.0,"key":"Orichalcum"},{"floor":11.0,"key":"Regal Pillow"}],"event_choices":[{"damage_healed":0.0,"max_hp_gain":0.0,"max_hp_loss":0.0,"gold_gain":150.0,"event_name":"Liars Game","player_choice":"AGREE","floor":3.0,"gold_loss":0.0,"damage_taken":0.0,"cards_obtained":["Doubt"]},{"damage_healed":0.0,"max_hp_gain":0.0,"max_hp_loss":0.0,"gold_gain":275.0,"event_name":"Golden Shrine","player_choice":"Desecrate","floor":4.0,"gold_loss":0.0,"damage_taken":0.0,"cards_obtained":["Regret"]}],"is_beta":true,"boss_relics":[],"items_purged_floors":[5],"is_endless":false,"potions_floor_spawned":[2,11],"killed_by":"The Guardian","ascension_level":20}