{"gold_per_floor":[121,137,227,227,250,291,369,405,405,405,405,405,442,472,486,723,737,777,359,375,394,394,441,441,32,64,64,126,51,74,74,74,303,303,322,341,0,23,51,88,88,111,139,31,181,263,263,310,310,310,310,310,44,90,90],"floor_reached":56,"playtime":1538,"items_purged":["Strike_G+1","Strike_G+1","Defend_G+1"],"score":525,"play_id":"b77364ce-0e22-441f-b9ee-adc93579054f","local_time":"20190221010517","is_ascension_mode":true,"campfire_choices":[{"data":"Bouncing Flask","floor":10.0,"key":"SMITH"},{"data":"Burst","floor":15.0,"key":"SMITH"},{"data":"Tools of the Trade","floor":24.0,"key":"SMITH"},{"data":"Endless Agony","floor":32.0,"key":"SMITH"},{"floor":41.0,"key":"RECALL"},{"data":"Catalyst","floor":49,"key":"SMITH"},{"data":"Strike_G+1","floor":52,"key":"PURGE"}],"neow_cost":"PERCENT_DAMAGE","seed_source_timestamp":47028358373664,"circlet_count":0,"master_deck":["Defend_G+1","Defend_G+1","Defend_G+1","Survivor+1","Neutralize+1","Burst+1","Endless Agony+1","Dash+1","Deadly Poison+1","Bouncing Flask+1","Noxious Fumes+1","Tools of the Trade+1","Acrobatics+1","Catalyst+1"],"special_seed":0,"relics":["Ring of the Snake","Bronze Scales","Shuriken","Orichalcum","Gremlin Horn","PreservedInsect","Bottled Tornado","Golden Idol","Potion Belt","Juzu Bracelet","MawBank","Molten Egg 2","Ginger","Busted Crown","Art of War","Anchor","Strange Spoon","Bag of Preparation","Paper Crane","Turnip","Dodecahedron","Sling","Tingsha","Strawberry","Omamori","Smiling Mask","Unceasing Top","Coffee Dripper","Oddly Smooth Stone","Tiny Chest","Frozen Eye","Vajra","War Paint","Bottled Lightning","Blood Vial","Pen Nib","Mango","Peace Pipe","Ancient Tea Set","Bird Faced Urn","FossilizedHelix"],"potions_floor_usage":[55,55,55],"damage_taken":[{"damage":0.0,"enemies":"Cultist","floor":1.0,"turns":2.0},{"damage":0.0,"enemies":"2 Louse","floor":2.0,"turns":2.0},{"damage":0.0,"enemies":"Small Slimes","floor":5.0,"turns":1.0},{"damage":0.0,"enemies":"3 Sentries","floor":6.0,"turns":2.0},{"damage":0.0,"enemies":"Gremlin Nob","floor":7.0,"turns":2.0},{"damage":0.0,"enemies":"Gremlin Nob","floor":8.0,"turns":2.0},{"damage":0.0,"enemies":"Lagavulin","floor":13.0,"turns":2.0},{"damage":0.0,"enemies":"2 Fungi Beasts","floor":14.0,"turns":2.0},{"damage":0.0,"enemies":"Hexaghost","floor":16.0,"turns":4.0},{"damage":0.0,"enemies":"2 Thieves","floor":18.0,"turns":2.0},{"damage":0.0,"enemies":"Spheric Guardian","floor":20.0,"turns":3.0},{"damage":0.0,"enemies":"Cultist and Chosen","floor":21.0,"turns":3.0},{"damage":0.0,"enemies":"Book of Stabbing","floor":23.0,"turns":3.0},{"damage":0.0,"enemies":"Chosen and Byrds","floor":30.0,"turns":3.0},{"damage":0.0,"enemies":"Champ","floor":33.0,"turns":6.0},{"damage":0.0,"enemies":"3 Darklings","floor":35.0,"turns":3.0},{"damage":0.0,"enemies":"3 Shapes","floor":36.0,"turns":3.0},{"damage":0.0,"enemies":"3 Darklings","floor":38.0,"turns":3.0},{"damage":0.0,"enemies":"Writhing Mass","floor":39.0,"turns":3.0},{"damage":0.0,"enemies":"Nemesis","floor":40.0,"turns":3.0},{"damage":0,"enemies":"Spire Growth","floor":42,"turns":3},{"damage":0,"enemies":"Mind Bloom Boss Battle","floor":45,"turns":3},{"damage":0,"enemies":"2 Orb Walkers","floor":46,"turns":3},{"damage":0,"enemies":"Giant Head","floor":48,"turns":3},{"damage":0,"enemies":"Time Eater","floor":50,"turns":2},{"damage":0,"enemies":"Shield and Spear","floor":54,"turns":2},{"damage":0,"enemies":"The Heart","floor":55,"turns":3}],"seed_played":"-5695777744754847696","potions_obtained":[{"floor":1.0,"key":"SkillPotion"},{"floor":2.0,"key":"SkillPotion"},{"floor":2.0,"key":"SkillPotion"},{"floor":6.0,"key":"Fire Potion"},{"floor":7.0,"key":"Poison Potion"},{"floor":7.0,"key":"SteroidPotion"},{"floor":8.0,"key":"Dexterity Potion"},{"floor":13.0,"key":"SteroidPotion"},{"floor":14.0,"key":"Dexterity Potion"},{"floor":14.0,"key":"Block Potion"},{"floor":18.0,"key":"Ancient Potion"},{"floor":20.0,"key":"SteroidPotion"},{"floor":21.0,"key":"Swift Potion"},{"floor":23.0,"key":"Swift Potion"},{"floor":35.0,"key":"LiquidBronze"},{"floor":36.0,"key":"LiquidBronze"},{"floor":38.0,"key":"LiquidBronze"},{"floor":42,"key":"Dexterity Potion"},{"floor":48,"key":"GhostInAJar"}],"is_trial":false,"path_per_floor":["M","M","?","?","M","E","?","E","T","R","?","T","E","M","R","B",null,"M","$","M","M","T","E","R","$","T","?","T","?","M","?","R","B",null,"M","M","$","M","M","E","R","M","T","$","?","?","?","E","R","B",null,"R","$","E","B",null],"character_chosen":"THE_SILENT","items_purchased":["Art of War","Anchor","Strange Spoon","Dodecahedron","Sling","Oddly Smooth Stone","Tiny Chest","Frozen Eye","Pen Nib","Bird Faced Urn"],"campfire_rested":0,"item_purchase_floors":[19,19,19,25,25,37,37,37,44,53],"current_hp_per_floor":[53,53,42,42,42,42,42,42,42,42,24,24,24,24,24,30,78,78,78,78,78,78,78,78,78,85,85,85,85,85,85,85,89,89,89,89,89,89,89,89,89,89,89,89,103,103,103,103,103,107,107,107,107,107,111],"gold":90,"neow_bonus":"THREE_RARE_CARDS","is_prod":false,"is_daily":false,"chose_seed":false,"campfire_upgraded":5,"win_rate":0,"timestamp":1550682317,"path_taken":["M","M","?","?","M","E","?","E","T","R","?","?","E","M","R","BOSS","M","$","M","M","?","E","R","$","T","?","?","?","M","?","R","BOSS","M","M","$","M","M","E","R","M","T","$","?","?","?","E","R","BOSS","R","$","E","BOSS"],"build_version":"2019-01-23","purchased_purges":3,"victory":true,"max_hp_per_floor":[74,74,74,74,74,74,74,74,74,74,74,74,74,74,74,78,78,78,78,78,78,78,78,78,78,85,85,85,85,85,85,85,89,89,89,89,89,89,89,89,89,89,89,89,103,103,103,103,103,107,107,107,107,107,111],"card_choices":[{"not_picked":["Tools of the Trade","Phantasmal Killer"],"picked":"Burst","floor":0.0},{"not_picked":["Finisher","Dagger Spray"],"picked":"Endless Agony","floor":1.0},{"not_picked":["Crippling Poison","Dodge and Roll"],"picked":"Dash+1","floor":2.0},{"not_picked":["Poisoned Stab+1","Dodge and Roll+1"],"picked":"Deadly Poison+1","floor":5.0},{"not_picked":["Bane+1","Calculated Gamble"],"picked":"Bouncing Flask","floor":6.0},{"not_picked":["Dagger Throw+1","Terror"],"picked":"Noxious Fumes+1","floor":6.0},{"not_picked":["Doppelganger","Infinite Blades","Tactician"],"picked":"SKIP","floor":8.0},{"not_picked":["Outmaneuver","Slice","Heel Hook+1"],"picked":"SKIP","floor":8.0},{"not_picked":["Bane+1","Deadly Poison"],"picked":"Tools of the Trade","floor":13.0},{"not_picked":["Sucker Punch","Dagger Spray+1","Poisoned Stab"],"picked":"SKIP","floor":13.0},{"not_picked":["Dagger Spray","Slice","Flying Knee"],"picked":"SKIP","floor":14.0},{"not_picked":["Deflect+1"],"picked":"SKIP","floor":18.0},{"not_picked":["Heel Hook+1"],"picked":"SKIP","floor":20.0},{"not_picked":["Outmaneuver+1"],"picked":"SKIP","floor":21.0},{"not_picked":["Dagger Spray+1"],"picked":"SKIP","floor":23.0},{"not_picked":["Blade Dance"],"picked":"SKIP","floor":23.0},{"not_picked":["Blade Dance"],"picked":"SKIP","floor":30.0},{"not_picked":["Quick Slash+1"],"picked":"SKIP","floor":35.0},{"not_picked":[],"picked":"Acrobatics+1","floor":36.0},{"not_picked":["Prepared+1"],"picked":"SKIP","floor":38.0},{"not_picked":["Predator+1"],"picked":"SKIP","floor":39.0},{"not_picked":["Accuracy"],"picked":"SKIP","floor":40.0},{"not_picked":["Dash+1"],"picked":"SKIP","floor":40.0},{"not_picked":["Dagger Spray+1"],"picked":"SKIP","floor":42},{"not_picked":[],"picked":"Catalyst","floor":48},{"not_picked":["Burst"],"picked":"SKIP","floor":48},{"not_picked":["All Out Attack+1"],"picked":"SKIP","floor":54},{"not_picked":["Bane+1"],"picked":"SKIP","floor":54}],"player_experience":3000573,"relics_obtained":[{"floor":1.0,"key":"Bronze Scales"},{"floor":5.0,"key":"Shuriken"},{"floor":6.0,"key":"Orichalcum"},{"floor":8.0,"key":"PreservedInsect"},{"floor":9.0,"key":"Bottled Tornado"},{"floor":12.0,"key":"Potion Belt"},{"floor":12.0,"key":"Juzu Bracelet"},{"floor":13.0,"key":"MawBank"},{"floor":14.0,"key":"Molten Egg 2"},{"floor":16.0,"key":"Ginger"},{"floor":22.0,"key":"Bag of Preparation"},{"floor":22.0,"key":"Paper Crane"},{"floor":23.0,"key":"Turnip"},{"floor":26.0,"key":"Tingsha"},{"floor":26.0,"key":"Strawberry"},{"floor":28.0,"key":"Omamori"},{"floor":28.0,"key":"Smiling Mask"},{"floor":33.0,"key":"Unceasing Top"},{"floor":39.0,"key":"Vajra"},{"floor":40.0,"key":"War Paint"},{"floor":43,"key":"Bottled Lightning"},{"floor":43,"key":"Blood Vial"},{"floor":45,"key":"Mango"},{"floor":46,"key":"Peace Pipe"},{"floor":48,"key":"Ancient Tea Set"},{"floor":54,"key":"FossilizedHelix"}],"event_choices":[{"damage_healed":0.0,"max_hp_gain":0.0,"max_hp_loss":0.0,"gold_gain":75.0,"event_name":"World of Goop","player_choice":"Gather Gold","floor":3.0,"gold_loss":0.0,"damage_taken":11.0},{"damage_healed":0.0,"max_hp_gain":0.0,"max_hp_loss":0.0,"gold_gain":0.0,"event_name":"Liars Game","player_choice":"Ignored","floor":4.0,"gold_loss":0.0,"damage_taken":0.0},{"damage_healed":0.0,"max_hp_gain":0.0,"max_hp_loss":0.0,"gold_gain":0.0,"event_name":"Dead Adventurer","player_choice":"Searched \u00272\u0027 times","floor":7.0,"gold_loss":0.0,"damage_taken":0.0,"relics_obtained":["Gremlin Horn"]},{"damage_healed":0.0,"max_hp_gain":0.0,"max_hp_loss":0.0,"gold_gain":0.0,"event_name":"Golden Idol","player_choice":"Take Damage","floor":11.0,"gold_loss":0.0,"damage_taken":18.0,"relics_obtained":["Golden Idol"]},{"cards_removed":["Strike_G"],"damage_healed":0.0,"max_hp_gain":0.0,"max_hp_loss":0.0,"gold_gain":0.0,"event_name":"Back to Basics","player_choice":"Elegance","floor":27.0,"gold_loss":0.0,"damage_taken":0.0},{"cards_removed":["Strike_G"],"damage_healed":0.0,"max_hp_gain":0.0,"max_hp_loss":0.0,"gold_gain":0.0,"event_name":"Beggar","player_choice":"Gave Gold","floor":29.0,"gold_loss":75.0,"damage_taken":0.0},{"damage_healed":0.0,"max_hp_gain":0.0,"max_hp_loss":0.0,"gold_gain":0.0,"event_name":"Ghosts","player_choice":"Ignored","floor":31.0,"gold_loss":0.0,"damage_taken":0.0},{"damage_healed":0,"gold_gain":0,"player_choice":"Fight","damage_taken":0,"max_hp_gain":0,"max_hp_loss":0,"event_name":"MindBloom","floor":45,"gold_loss":0},{"damage_healed":0,"gold_gain":0,"player_choice":"Fight","damage_taken":0,"max_hp_gain":0,"max_hp_loss":0,"event_name":"Mysterious Sphere","floor":46,"gold_loss":0},{"cards_removed":["Defend_G"],"damage_healed":0,"gold_gain":0,"player_choice":"Removed Skill","damage_taken":0,"max_hp_gain":0,"max_hp_loss":0,"event_name":"Falling","floor":47,"gold_loss":0}],"is_beta":false,"boss_relics":[{"not_picked":["Tiny House","Velvet Choker"],"picked":"Busted Crown"},{"not_picked":["Astrolabe","Eternal Feather"],"picked":"Coffee Dripper"}],"items_purged_floors":[19,25,53],"is_endless":false,"potions_floor_spawned":[2,7,14,16,30,33,38,45,46],"ascension_level":-20}