{"gold_per_floor":[113,133,151,161,161,187,202,228,284,315,330,350,350,379,379,379],"floor_reached":16,"playtime":1386,"items_purged":[],"score":188,"play_id":"5a43de02-3cad-427c-af9b-26a71735522b","local_time":"20190528003805","is_ascension_mode":true,"campfire_choices":[{"data":"Metallicize","floor":13,"key":"SMITH"},{"data":"Metallicize","floor":15,"key":"SMITH"}],"neow_cost":"NONE","seed_source_timestamp":305193982484465,"circlet_count":0,"master_deck":["Strike_R","Strike_R","Strike_R","Strike_R","Strike_R","Defend_R","Defend_R","Defend_R","Bash","Metallicize+1","Shrug It Off","Shrug It Off","Shrug It Off","Thunderclap","Spot Weakness","Sword Boomerang","Metallicize+1","Clothesline","Seeing Red","Flame Barrier"],"relics":["Burning Blood","Bottled Flame","Orichalcum","Tiny Chest","Smiling Mask","Pen Nib"],"potions_floor_usage":[7,7,7,7,10,10,14],"damage_taken":[{"damage":20,"enemies":"Jaw Worm","floor":1,"turns":6},{"damage":14,"enemies":"Cultist","floor":2,"turns":5},{"damage":0,"enemies":"2 Louse","floor":3,"turns":4},{"damage":3,"enemies":"2 Fungi Beasts","floor":4,"turns":5},{"damage":37,"enemies":"Gremlin Nob","floor":6,"turns":5},{"damage":7,"enemies":"Exordium Wildlife","floor":7,"turns":4},{"damage":27,"enemies":"3 Sentries","floor":8,"turns":8},{"damage":18,"enemies":"Lagavulin","floor":10,"turns":7},{"damage":6,"enemies":"Large Slime","floor":11,"turns":7},{"damage":0,"enemies":"2 Fungi Beasts","floor":12,"turns":4},{"damage":10,"enemies":"3 Sentries","floor":14,"turns":8},{"damage":20,"enemies":"The Guardian","floor":16,"turns":2}],"seed_played":"-8257107870210887998","potions_obtained":[{"floor":1,"key":"PowerPotion"},{"floor":3,"key":"Regen Potion"},{"floor":6,"key":"EntropicBrew"},{"floor":11,"key":"Weak Potion"}],"is_trial":false,"path_per_floor":["M","M","M","M","?","E","M","E","T","E","M","M","R","E","R","B"],"character_chosen":"IRONCLAD","items_purchased":[],"campfire_rested":0,"item_purchase_floors":[],"current_hp_per_floor":[66,58,64,67,67,36,47,26,26,14,14,20,20,16,16,0],"gold":379,"neow_bonus":"TEN_PERCENT_HP_BONUS","is_prod":false,"is_daily":false,"chose_seed":false,"campfire_upgraded":2,"win_rate":0,"timestamp":1559018285,"path_taken":["M","M","M","M","?","E","M","E","T","E","M","M","R","E","R","BOSS"],"build_version":"2019-01-23","purchased_purges":0,"victory":false,"max_hp_per_floor":[88,88,88,88,88,88,88,88,88,88,88,88,88,88,88,88],"card_choices":[{"not_picked":["Infernal Blade","Corruption"],"picked":"Metallicize","floor":1},{"not_picked":["Anger","Sever Soul"],"picked":"Shrug It Off","floor":2},{"not_picked":["Iron Wave","Clash"],"picked":"Shrug It Off","floor":3},{"not_picked":["True Grit","Body Slam"],"picked":"Shrug It Off","floor":4},{"not_picked":["Entrench","Infernal Blade"],"picked":"Thunderclap","floor":6},{"not_picked":["Limit Break","Infernal Blade"],"picked":"Spot Weakness","floor":7},{"not_picked":["Evolve","Clothesline"],"picked":"Sword Boomerang","floor":8},{"not_picked":["Offering","Cleave"],"picked":"Metallicize","floor":10},{"not_picked":["Burning Pact","Clash"],"picked":"Clothesline","floor":11},{"not_picked":["Flex","Perfected Strike"],"picked":"Seeing Red","floor":12},{"not_picked":["Entrench","Shrug It Off"],"picked":"Flame Barrier","floor":14}],"player_experience":167355,"relics_obtained":[{"floor":6,"key":"Bottled Flame"},{"floor":8,"key":"Orichalcum"},{"floor":9,"key":"Tiny Chest"},{"floor":10,"key":"Smiling Mask"},{"floor":14,"key":"Pen Nib"}],"event_choices":[{"cards_removed":["Defend_R"],"damage_healed":0,"gold_gain":0,"player_choice":"Offered Basic","damage_taken":0,"max_hp_gain":0,"max_hp_loss":0,"event_name":"Bonfire Elementals","floor":5,"gold_loss":0}],"is_beta":false,"boss_relics":[],"items_purged_floors":[],"is_endless":false,"potions_floor_spawned":[1,3,6,11],"killed_by":"The Guardian","ascension_level":8}