{"path_per_floor":["M","M","$","M","M","R","M","R","T","?","R","M","M","M","R"],"character_chosen":"THE_SILENT","items_purchased":["Deadly Poison","Quick Slash"],"gold_per_floor":[114,127,26,38,53,53,67,67,92,92,92,112,131,149,149],"floor_reached":16,"campfire_rested":0,"playtime":1381,"current_hp_per_floor":[63,63,63,61,55,55,39,39,39,32,32,32,32,32,32],"items_purged":[],"gold":149,"score":96,"play_id":"eb49520a-17b1-426a-972b-0cdcbf86ce7a","local_time":"20180303101518","is_prod":false,"is_daily":false,"is_ascension_mode":false,"campfire_upgraded":1,"timestamp":1520068518,"path_taken":["M","M","$","M","M","R","M","R","T","?","R","M","M","M","R","BOSS"],"build_version":"2018-03-01-PROD1","purchased_purges":0,"victory":false,"master_deck":["Defend_G","Defend_G","Defend_G","Defend_G","Defend_G","Strike_G","Strike_G","Strike_G+1","Strike_G","Survivor","Neutralize+1","Calculated Gamble+1","Bouncing Flask","Deadly Poison","Quick Slash","Backflip","Underhanded Strike","Underhanded Strike","Outmaneuver","Flechettes","Finisher"],"max_hp_per_floor":[63,63,63,63,63,63,63,63,63,63,63,63,63,63,63],"relics":["Ring of the Snake","Girya","Whetstone"],"card_choices":[{"not_picked":["Dodge and Roll","Glass Knife"],"picked":"Calculated Gamble"},{"not_picked":["Deflect","Backflip"],"picked":"Bouncing Flask"},{"not_picked":["All Out Attack","Masterful Stab"],"picked":"Backflip"},{"not_picked":["Prepared","Masterful Stab"],"picked":"Underhanded Strike"},{"not_picked":["Predator","Deadly Poison"],"picked":"Underhanded Strike"},{"not_picked":["Flying Knee","Bouncing Flask"],"picked":"Outmaneuver"},{"not_picked":["Flying Knee","Heel Hook"],"picked":"Flechettes"},{"not_picked":["All Out Attack","Deadly Poison"],"picked":"Finisher"}],"player_experience":48988,"potions_floor_usage":[13,16],"damage_taken":[{"damage":0.0,"enemies":"2 Louse","floor":1.0,"turns":3.0},{"damage":0.0,"enemies":"Jaw Worm","floor":2.0,"turns":6.0},{"damage":2,"enemies":"Small Slimes","floor":4,"turns":3},{"damage":6,"enemies":"Red Slaver","floor":5,"turns":3},{"damage":16,"enemies":"Blue Slaver","floor":7,"turns":4},{"damage":0,"enemies":"3 Louse","floor":12,"turns":3},{"damage":0,"enemies":"2 Fungi Beasts","floor":13,"turns":3},{"damage":0,"enemies":"Blue Slaver","floor":14,"turns":3},{"damage":35,"enemies":"The Guardian","floor":16,"turns":7}],"event_choices":[{"event_name":"Golden Wing","player_choice":"Card Removal","floor":10,"damage_taken":0}],"boss_relics":[],"potions_floor_spawned":[1,5,12,14],"seed_played":"8642568031398314567","killed_by":"The Guardian","ascension_level":0,"is_trial":false}