{"gold_per_floor":[111,131,56,75,75,75,88,88,88,101,111,11,33,33,33,33],"floor_reached":16,"playtime":575,"items_purged":["Strike_G","Strike_G"],"score":184,"play_id":"12310bfc-4104-4d59-a8d9-d88fe728a7c9","local_time":"20190205235735","is_ascension_mode":true,"campfire_choices":[{"data":"Dagger Spray","floor":6.0,"key":"SMITH"},{"data":"Neutralize","floor":8.0,"key":"SMITH"},{"data":"Catalyst","floor":15,"key":"SMITH"}],"neow_cost":"TEN_PERCENT_HP_LOSS","seed_source_timestamp":34326240571300,"circlet_count":0,"master_deck":["AscendersBane","Defend_G","Defend_G+1","Defend_G+1","Defend_G","Strike_G","Strike_G","Survivor","Neutralize+1","Dagger Spray+1","Envenom","Catalyst+1"],"special_seed":0,"relics":["Ring of the Snake","Lantern","Odd Mushroom"],"potions_floor_usage":[16,16],"damage_taken":[{"damage":1.0,"enemies":"Cultist","floor":1.0,"turns":4.0},{"damage":2.0,"enemies":"Small Slimes","floor":2.0,"turns":5.0},{"damage":0.0,"enemies":"2 Louse","floor":4.0,"turns":3.0},{"damage":1.0,"enemies":"Looter","floor":7.0,"turns":4.0},{"damage":1.0,"enemies":"Blue Slaver","floor":10.0,"turns":4.0},{"damage":3.0,"enemies":"Large Slime","floor":11.0,"turns":6.0},{"damage":5,"enemies":"The Mushroom Lair","floor":13,"turns":4},{"damage":35,"enemies":"Slime Boss","floor":16,"turns":7}],"seed_played":"2142954838310659704","potions_obtained":[{"floor":1.0,"key":"EssenceOfSteel"},{"floor":7.0,"key":"Swift Potion"},{"floor":13,"key":"Regen Potion"}],"is_trial":false,"path_per_floor":["M","M","$","M","?","R","M","R","T","M","M","$","?","?","R","B"],"character_chosen":"THE_SILENT","items_purchased":[],"campfire_rested":0,"item_purchase_floors":[],"current_hp_per_floor":[58,56,56,56,61,61,60,60,60,59,56,56,51,31,31,11],"gold":33,"neow_bonus":"REMOVE_TWO","is_prod":false,"is_daily":false,"chose_seed":false,"campfire_upgraded":3,"win_rate":0,"timestamp":1549382255,"path_taken":["M","?","$","M","?","R","M","R","T","M","M","$","?","?","R","BOSS"],"build_version":"2019-01-23","purchased_purges":2,"victory":false,"max_hp_per_floor":[60,60,60,60,65,65,65,65,65,65,65,65,65,65,65,65],"card_choices":[{"not_picked":["Eviscerate","Dagger Throw","PiercingWail"],"picked":"SKIP","floor":1.0},{"not_picked":["Flying Knee","Bane"],"picked":"Dagger Spray","floor":2.0},{"not_picked":["Underhanded Strike","Dodge and Roll","Deflect"],"picked":"SKIP","floor":4.0},{"not_picked":["Sucker Punch","Acrobatics","Bane"],"picked":"SKIP","floor":7.0},{"not_picked":["Flechettes","Setup","Quick Slash"],"picked":"SKIP","floor":10.0},{"not_picked":["Footwork","Deflect"],"picked":"Envenom","floor":11.0},{"not_picked":["Tactician","Eviscerate"],"picked":"Catalyst","floor":13}],"player_experience":2557508,"relics_obtained":[{"floor":9.0,"key":"Lantern"},{"floor":13,"key":"Odd Mushroom"}],"event_choices":[{"damage_healed":0.0,"max_hp_gain":5.0,"max_hp_loss":0.0,"gold_gain":0.0,"event_name":"Big Fish","player_choice":"Donut","floor":5.0,"gold_loss":0.0,"damage_taken":0.0},{"damage_healed":0,"gold_gain":0,"player_choice":"Fought Mushrooms","damage_taken":0,"max_hp_gain":0,"max_hp_loss":0,"event_name":"Mushrooms","floor":13,"gold_loss":0},{"damage_healed":0,"gold_gain":0,"player_choice":"Entered Light","damage_taken":20,"max_hp_gain":0,"max_hp_loss":0,"event_name":"Shining Light","floor":14,"gold_loss":0,"cards_upgraded":["Defend_G","Defend_G"]}],"is_beta":false,"boss_relics":[],"items_purged_floors":[3,12],"is_endless":false,"potions_floor_spawned":[1,7,11,13],"killed_by":"Slime Boss","ascension_level":20}