{"gold_per_floor":[109,24,44,44,57,57,85],"floor_reached":7,"playtime":600,"items_purged":[],"score":102,"play_id":"ad30e47d-781c-41ba-a801-4b319159184d","local_time":"20190104124354","is_ascension_mode":true,"campfire_choices":[{"data":"Noxious Fumes","floor":6.0,"key":"SMITH"}],"neow_cost":"NONE","seed_source_timestamp":12138660279858,"circlet_count":0,"master_deck":["AscendersBane","Defend_G","Defend_G","Defend_G","Defend_G","Defend_G","Strike_G","Strike_G","Strike_G","Strike_G","Survivor","Neutralize","Poisoned Stab","Cloak And Dagger","Noxious Fumes+1","Unload","Concentrate","Concentrate","Infinite Blades"],"special_seed":0,"relics":["Ring of the Snake","Snake Skull"],"potions_floor_usage":[],"damage_taken":[{"damage":0.0,"enemies":"Small Slimes","floor":1.0,"turns":3.0},{"damage":1.0,"enemies":"Cultist","floor":3.0,"turns":4.0},{"damage":0.0,"enemies":"2 Louse","floor":5.0,"turns":3.0},{"damage":42.0,"enemies":"Gremlin Nob","floor":7.0,"turns":5.0}],"seed_played":"1454258390826463870","potions_obtained":[{"floor":3.0,"key":"Weak Potion"}],"is_trial":false,"path_per_floor":["M","$","M","?","M","R","E"],"character_chosen":"THE_SILENT","items_purchased":["Noxious Fumes"],"campfire_rested":0,"item_purchase_floors":[2],"current_hp_per_floor":[59,59,58,58,58,58,16],"gold":85,"neow_bonus":"THREE_CARDS","is_prod":false,"is_daily":false,"chose_seed":false,"campfire_upgraded":1,"win_rate":0,"timestamp":1546577034,"path_taken":["M","$","M","?","M","R","E"],"build_version":"2019-01-03","purchased_purges":0,"victory":false,"max_hp_per_floor":[66,66,66,66,66,66,66],"card_choices":[{"not_picked":["Quick Slash","Cloak And Dagger"],"picked":"Poisoned Stab","floor":0.0},{"not_picked":["Quick Slash","Dagger Throw"],"picked":"Cloak And Dagger","floor":1.0},{"not_picked":["Blade Dance","Sucker Punch"],"picked":"Unload","floor":3.0},{"not_picked":["Quick Slash","Finisher"],"picked":"Concentrate","floor":5.0},{"not_picked":["Bane","Infinite Blades"],"picked":"Concentrate","floor":7},{"not_picked":["Concentrate","Bane"],"picked":"Infinite Blades","floor":7}],"player_experience":1723691,"relics_obtained":[{"floor":7,"key":"Snake Skull"}],"event_choices":[{"cards_removed":["Strike_G"],"damage_healed":0.0,"max_hp_gain":0.0,"max_hp_loss":0.0,"gold_gain":0.0,"event_name":"Purifier","player_choice":"Purged","floor":4.0,"gold_loss":0.0,"damage_taken":0.0}],"is_beta":false,"boss_relics":[],"items_purged_floors":[],"is_endless":false,"potions_floor_spawned":[3],"killed_by":"Gremlin Nob","ascension_level":20}