{"gold_per_floor":[112,129,129,129,145,145,158,158,158,158,173,173,237,249,249,249],"floor_reached":16,"playtime":627,"items_purged":[],"score":204,"play_id":"18fdeeb7-1cf5-4189-8a86-3422d145c362","local_time":"20190312172530","is_ascension_mode":true,"campfire_choices":[{"data":"Deadly Poison","floor":6.0,"key":"SMITH"},{"data":"Malaise","floor":10.0,"key":"SMITH"},{"data":"Malaise","floor":12.0,"key":"SMITH"},{"data":"Expertise","floor":15.0,"key":"SMITH"}],"neow_cost":"PERCENT_DAMAGE","seed_source_timestamp":17061652125502,"circlet_count":0,"master_deck":["AscendersBane","Defend_G","Defend_G","Defend_G","Defend_G","Defend_G","Strike_G","Strike_G","Strike_G","Strike_G","Survivor","Neutralize+1","Malaise+1","Deadly Poison+1","Expertise+1","Malaise+1","Escape Plan","After Image","Tactician"],"special_seed":0,"relics":["Ring of the Snake","Mango","WingedGreaves","Tiny Chest"],"potions_floor_usage":[],"damage_taken":[{"damage":1.0,"enemies":"Jaw Worm","floor":1.0,"turns":7.0},{"damage":0.0,"enemies":"Small Slimes","floor":2.0,"turns":4.0},{"damage":0.0,"enemies":"2 Louse","floor":5.0,"turns":4.0},{"damage":5.0,"enemies":"Red Slaver","floor":7.0,"turns":3.0},{"damage":9.0,"enemies":"Large Slime","floor":11.0,"turns":7.0},{"damage":12.0,"enemies":"Lagavulin","floor":13.0,"turns":11.0},{"damage":1.0,"enemies":"3 Louse","floor":14.0,"turns":6.0},{"damage":8,"enemies":"Hexaghost","floor":16,"turns":13}],"seed_played":"9007330732522366406","potions_obtained":[{"floor":14.0,"key":"Weak Potion"}],"is_trial":false,"path_per_floor":["M","M","?","?","M","R","M","?","T","R","M","R","E","M","R","B"],"character_chosen":"THE_SILENT","items_purchased":[],"campfire_rested":0,"item_purchase_floors":[],"current_hp_per_floor":[43,43,36,32,32,32,27,27,27,27,18,18,6,5,5,0],"gold":249,"neow_bonus":"THREE_RARE_CARDS","is_prod":false,"is_daily":false,"chose_seed":false,"campfire_upgraded":4,"win_rate":0,"timestamp":1552382730,"path_taken":["M","M","?","?","M","R","M","?","T","R","M","R","E","M","R","BOSS"],"build_version":"2019-01-23","purchased_purges":0,"victory":false,"max_hp_per_floor":[66,66,66,80,80,80,80,80,80,80,80,80,80,80,80,80],"card_choices":[{"not_picked":["Die Die Die","Envenom"],"picked":"Malaise","floor":0.0},{"not_picked":["Outmaneuver","Slice"],"picked":"Deadly Poison","floor":1.0},{"not_picked":["Underhanded Strike","Accuracy"],"picked":"Expertise","floor":2.0},{"not_picked":["Poisoned Stab","Sucker Punch","Deflect"],"picked":"SKIP","floor":5.0},{"not_picked":["Quick Slash","Leg Sweep"],"picked":"Malaise","floor":7.0},{"not_picked":["Blade Dance","Skewer"],"picked":"Escape Plan","floor":11.0},{"not_picked":["Distraction","Acrobatics"],"picked":"After Image","floor":13.0},{"not_picked":["Blade Dance","Endless Agony"],"picked":"Tactician","floor":14.0}],"player_experience":3520320,"relics_obtained":[{"floor":9.0,"key":"WingedGreaves"},{"floor":13.0,"key":"Tiny Chest"}],"event_choices":[{"cards_removed":["Strike_G"],"damage_healed":0.0,"max_hp_gain":0.0,"max_hp_loss":0.0,"gold_gain":0.0,"event_name":"Golden Wing","player_choice":"Card Removal","floor":3.0,"gold_loss":0.0,"damage_taken":7.0},{"damage_healed":0.0,"max_hp_gain":0.0,"max_hp_loss":0.0,"gold_gain":0.0,"event_name":"Scrap Ooze","player_choice":"Success","floor":4.0,"gold_loss":0.0,"damage_taken":18.0,"relics_obtained":["Mango"]},{"damage_healed":0.0,"max_hp_gain":0.0,"max_hp_loss":0.0,"gold_gain":0.0,"event_name":"Upgrade Shrine","player_choice":"Upgraded","floor":8.0,"gold_loss":0.0,"damage_taken":0.0,"cards_upgraded":["Neutralize"]}],"is_beta":false,"boss_relics":[],"items_purged_floors":[],"is_endless":false,"potions_floor_spawned":[14],"killed_by":"Hexaghost","ascension_level":20}