{"gold_per_floor":[115,37,54,69,69,69,88,88,88,99,110,129,129,54,54,131,131,141,141,156,174,174],"floor_reached":22,"playtime":603,"items_purged":["Strike_B"],"score":360,"play_id":"3a332c6c-993d-43a0-af64-73e414f72afe","local_time":"20190222204054","is_ascension_mode":true,"campfire_choices":[{"data":"Defragment","floor":6,"key":"SMITH"},{"data":"Chaos","floor":8,"key":"SMITH"},{"data":"Loop","floor":13,"key":"SMITH"},{"data":"Dualcast","floor":15,"key":"SMITH"}],"neow_cost":"NONE","seed_source_timestamp":37184484064972,"circlet_count":0,"master_deck":["AscendersBane","Strike_B","Strike_B","Strike_B","Defend_B","Defend_B","Defend_B","Defend_B","Zap","Dualcast+1","Turbo","Defragment+1","Chaos+1","Loop+1","Ball Lightning","Coolheaded","Electrodynamics","White Noise+1"],"relics":["Cracked Core","NeowsBlessing","Inserter"],"potions_floor_usage":[12,18,18],"damage_taken":[{"damage":0,"enemies":"2 Louse","floor":1,"turns":1},{"damage":0,"enemies":"Cultist","floor":3,"turns":1},{"damage":0,"enemies":"Jaw Worm","floor":4,"turns":1},{"damage":16,"enemies":"Looter","floor":7,"turns":5},{"damage":6,"enemies":"Exordium Thugs","floor":10,"turns":4},{"damage":4,"enemies":"2 Fungi Beasts","floor":11,"turns":3},{"damage":0,"enemies":"3 Louse","floor":12,"turns":3},{"damage":1,"enemies":"The Guardian","floor":16,"turns":8},{"damage":12,"enemies":"2 Thieves","floor":18,"turns":2},{"damage":2,"enemies":"Chosen","floor":20,"turns":5},{"damage":25,"enemies":"Snecko","floor":21,"turns":6},{"damage":15,"enemies":"Snake Plant","floor":22,"turns":2}],"seed_played":"-1769038389080572430","potions_obtained":[{"floor":3,"key":"Energy Potion"},{"floor":4,"key":"Energy Potion"},{"floor":12,"key":"Fire Potion"},{"floor":21,"key":"LiquidBronze"}],"is_trial":false,"path_per_floor":["M","$","M","M","$","R","M","R","T","M","M","M","R","$","R","B",null,"M","?","M","M","M"],"character_chosen":"DEFECT","items_purchased":["Defragment"],"campfire_rested":0,"item_purchase_floors":[2],"current_hp_per_floor":[64,64,64,64,64,64,48,48,48,42,38,38,38,38,38,37,63,51,81,79,54,39],"gold":174,"neow_bonus":"THREE_ENEMY_KILL","is_prod":false,"is_daily":false,"chose_seed":false,"campfire_upgraded":4,"win_rate":0,"timestamp":1550839254,"path_taken":["M","$","M","M","$","R","M","R","T","M","M","M","R","$","R","BOSS","M","?","?","M","M"],"build_version":"2019-01-23","purchased_purges":1,"victory":false,"max_hp_per_floor":[71,71,71,71,71,71,71,71,71,71,71,71,71,71,71,71,71,71,81,81,81,81],"card_choices":[{"not_picked":["Redo","Rebound"],"picked":"Turbo","floor":1},{"not_picked":["Rebound","Sunder"],"picked":"Chaos","floor":3},{"not_picked":["Cold Snap","Skim"],"picked":"Loop","floor":4},{"not_picked":["Go for the Eyes","Scrape"],"picked":"Ball Lightning","floor":7},{"not_picked":["Undo","Ball Lightning"],"picked":"Rainbow","floor":10},{"not_picked":["Redo","Beam Cell"],"picked":"Coolheaded","floor":11},{"not_picked":["Rebound","Redo","Fusion"],"picked":"SKIP","floor":12},{"not_picked":["Meteor Strike","Buffer"],"picked":"Electrodynamics","floor":16},{"not_picked":["Turbo","Steam Power"],"picked":"White Noise+1","floor":18},{"not_picked":["Reinforced Body","Go for the Eyes","Stack"],"picked":"SKIP","floor":20},{"not_picked":["Turbo","Go for the Eyes","Compile Driver"],"picked":"SKIP","floor":21}],"player_experience":3055084,"relics_obtained":[],"event_choices":[{"cards_removed":["Rainbow"],"damage_healed":20,"gold_gain":0,"player_choice":"Offered Rare","damage_taken":0,"max_hp_gain":10,"max_hp_loss":0,"event_name":"Bonfire Elementals","floor":19,"gold_loss":0}],"is_beta":false,"boss_relics":[{"not_picked":["Velvet Choker","Lizard Tail"],"picked":"Inserter"}],"items_purged_floors":[14],"is_endless":false,"potions_floor_spawned":[3,4,12,21],"killed_by":"Snake Plant","ascension_level":20}