{"gold_per_floor":[118,118,43,43,143,143,154,154,201,234,234,266,278,305,305,379,379,396,316,316,516,516,544,544,556,556,556,580,580,580,38,38,112,112,125,125,125,125,5,31,42,42,67,87,187,187,242,259,259,259],"floor_reached":51,"playtime":1589,"items_purged":["Strike_G","Strike_G","Strike_G","Defend_G"],"score":1490,"play_id":"84fb4fd1-d626-47a9-8699-ffd6979bd0e2","local_time":"20181005200932","is_ascension_mode":true,"campfire_choices":[{"data":"Neutralize","floor":6.0,"key":"SMITH"},{"data":"Neutralize","floor":8.0,"key":"SMITH"},{"data":"Blade Dance","floor":11.0,"key":"SMITH"},{"data":"Finesse","floor":15.0,"key":"SMITH"},{"data":"Concentrate","floor":24.0,"key":"SMITH"},{"data":"Footwork","floor":27.0,"key":"SMITH"},{"floor":32.0,"key":"REST"},{"data":"Envenom","floor":42,"key":"SMITH"},{"data":"Adrenaline","floor":46,"key":"SMITH"},{"data":"Survivor","floor":49,"key":"SMITH"}],"neow_cost":"TEN_PERCENT_HP_LOSS","seed_source_timestamp":280754157859365,"circlet_count":0,"master_deck":["Defend_G","Defend_G","Defend_G","Defend_G","Strike_G","Survivor+1","Neutralize+1","AscendersBane","Slice","Blade Dance+1","Neutralize+1","Finesse+1","Slice","Slice","Concentrate+1","Footwork+1","Adrenaline+1","Envenom+1","Catalyst+1"],"special_seed":0,"relics":["Ring of the Snake","Unceasing Top","The Courier","PreservedInsect","Vajra","Regal Pillow","Juzu Bracelet","Sozu","WarpedTongs","Spirit Poop","Bottled Lightning","Potion Belt","Tough Bandages","Shuriken","WristBlade","Paper Crane","Ancient Tea Set","Tiny Chest"],"potions_floor_usage":[],"damage_taken":[{"damage":0.0,"enemies":"2 Louse","floor":1.0,"turns":3.0},{"damage":0.0,"enemies":"Cultist","floor":7.0,"turns":4.0},{"damage":28.0,"enemies":"Gremlin Nob","floor":10.0,"turns":5.0},{"damage":7.0,"enemies":"3 Sentries","floor":12.0,"turns":5.0},{"damage":0.0,"enemies":"Small Slimes","floor":13.0,"turns":2.0},{"damage":5.0,"enemies":"Lagavulin","floor":14.0,"turns":5.0},{"damage":3.0,"enemies":"Hexaghost","floor":16.0,"turns":9.0},{"damage":0.0,"enemies":"Spheric Guardian","floor":18.0,"turns":3.0},{"damage":0.0,"enemies":"Gremlin Leader","floor":23.0,"turns":5.0},{"damage":6.0,"enemies":"2 Thieves","floor":25.0,"turns":4.0},{"damage":0,"enemies":"Collector","floor":33,"turns":6},{"damage":0,"enemies":"3 Shapes","floor":35,"turns":3},{"damage":0,"enemies":"Giant Head","floor":40,"turns":3},{"damage":0,"enemies":"3 Darklings","floor":41,"turns":4},{"damage":0,"enemies":"Transient","floor":44,"turns":5},{"damage":0,"enemies":"Nemesis","floor":47,"turns":3},{"damage":9,"enemies":"Maw","floor":48,"turns":5},{"damage":23,"enemies":"Donu and Deca","floor":50,"turns":6}],"seed_played":"-5262855447348546510","potions_obtained":[{"floor":1.0,"key":"AttackPotion"},{"floor":12.0,"key":"FearPotion"},{"floor":13.0,"key":"SteroidPotion"},{"floor":16.0,"key":"SpeedPotion"}],"is_trial":false,"path_per_floor":["M","?","$","T","?","R","M","R","T","E","R","E","M","E","R","B",null,"M","$","?","?","?","E","R","M","T","R","T","?","?","$","R","B",null,"M","?","?","?","$","E","M","R","T","M","?","R","E","M","R","B"],"character_chosen":"THE_SILENT","items_purchased":["Tough Bandages","Shuriken"],"campfire_rested":1,"item_purchase_floors":[31,31],"current_hp_per_floor":[59,59,59,59,59,59,59,59,59,31,31,24,24,19,19,16,49,49,49,49,49,49,49,49,43,43,43,43,43,33,33,65,65,65,65,65,62,62,62,62,62,62,62,62,62,62,62,53,53,30],"gold":259,"neow_bonus":"ONE_RARE_RELIC","is_prod":false,"is_daily":false,"chose_seed":false,"campfire_upgraded":9,"win_rate":0,"timestamp":1538741372,"path_taken":["M","?","$","?","?","R","M","R","T","E","R","E","M","E","R","BOSS","M","$","?","?","?","E","R","M","T","R","?","?","?","$","R","BOSS","M","?","?","?","$","E","M","R","T","M","?","R","E","M","R","BOSS"],"build_version":"2018-10-04","purchased_purges":4,"victory":true,"max_hp_per_floor":[60,60,60,60,60,60,60,60,60,60,60,60,60,60,60,60,60,60,60,60,60,60,60,60,60,60,60,60,60,65,65,65,65,65,65,65,62,62,62,62,62,62,62,62,62,62,62,62,62,62],"card_choices":[{"not_picked":["Backstab","Backflip"],"picked":"Slice","floor":1.0},{"not_picked":["Blur","Crippling Poison","Quick Slash"],"picked":"SKIP","floor":7.0},{"not_picked":["Quick Slash","Distraction"],"picked":"Slice","floor":10.0},{"not_picked":["Deadly Poison","Quick Slash","Caltrops"],"picked":"SKIP","floor":12.0},{"not_picked":["Quick Slash","Poisoned Stab","Expertise"],"picked":"SKIP","floor":13.0},{"not_picked":["Crippling Poison","PiercingWail"],"picked":"Slice","floor":14.0},{"not_picked":["Deflect+1","Blade Dance"],"picked":"Concentrate","floor":18.0},{"not_picked":["Dash","Slice","Sucker Punch"],"picked":"SKIP","floor":23.0},{"not_picked":["Deadly Poison+1","Calculated Gamble+1"],"picked":"Footwork","floor":25.0},{"not_picked":["Malaise","Corpse Explosion"],"picked":"Adrenaline","floor":33},{"not_picked":["Caltrops","Infinite Blades","Backflip"],"picked":"SKIP","floor":35},{"not_picked":["Dagger Throw","All Out Attack","Terror"],"picked":"SKIP","floor":40},{"not_picked":["Acrobatics","Flying Knee"],"picked":"Envenom","floor":41},{"not_picked":["Tactician+1","Quick Slash","Cloak And Dagger"],"picked":"SKIP","floor":44},{"not_picked":["Acrobatics+1","Dagger Throw","Prepared"],"picked":"SKIP","floor":47},{"not_picked":["Bane","Backflip"],"picked":"Catalyst+1","floor":48}],"player_experience":191067,"relics_obtained":[{"floor":4.0,"key":"The Courier"},{"floor":9.0,"key":"PreservedInsect"},{"floor":10.0,"key":"Vajra"},{"floor":12.0,"key":"Regal Pillow"},{"floor":14.0,"key":"Juzu Bracelet"},{"floor":26.0,"key":"Bottled Lightning"},{"floor":28.0,"key":"Potion Belt"},{"floor":40,"key":"Paper Crane"},{"floor":43,"key":"Ancient Tea Set"},{"floor":47,"key":"Tiny Chest"}],"event_choices":[{"event_name":"Match and Keep!","player_choice":"4 cards matched","floor":2.0,"damage_taken":0.0},{"event_name":"Golden Shrine","player_choice":"Pray","floor":5.0,"damage_taken":0.0},{"event_name":"Accursed Blacksmith","player_choice":"Rummage","floor":20.0,"damage_taken":0.0},{"event_name":"The Joust","player_choice":"Bet on Owner","floor":21.0,"damage_taken":0.0},{"event_name":"Bonfire Elementals","player_choice":"CURSE","floor":22.0,"damage_taken":0.0},{"event_name":"Back to Basics","player_choice":"Elegance","floor":29.0,"damage_taken":0.0},{"event_name":"Forgotten Altar","player_choice":"Shed Blood","floor":30.0,"damage_taken":0.0},{"event_name":"SensoryStone","player_choice":"Memory 1","floor":36,"damage_taken":0},{"event_name":"Winding Halls","player_choice":"Max HP","floor":37,"damage_taken":0},{"event_name":"Falling","player_choice":"Removed Skill","floor":38,"damage_taken":0},{"event_name":"Golden Shrine","player_choice":"Pray","floor":45,"damage_taken":0}],"is_beta":false,"boss_relics":[{"not_picked":["Snecko Eye","Cursed Key"],"picked":"Sozu"},{"not_picked":["Eternal Feather","Fusion Hammer"],"picked":"WristBlade"}],"items_purged_floors":[3,19,31,39],"is_endless":false,"potions_floor_spawned":[1,12,13,16,25,33,35,47],"ascension_level":14}