{"gold_per_floor":[217,235,245,170,11,11,41,41,41,41,41,62,62,101,101,192,192,211,229,144,165,178,178,199,217,240,259,259,277,277,298,298,396,396,409,425,439,772,785,785,816,816,841,855,855,871,871,891,891,891],"floor_reached":51,"playtime":4278,"items_purged":["Strike_G"],"score":1561,"play_id":"84c276ad-d81a-4ceb-9128-32bd42e2ddee","local_time":"20181013151508","is_ascension_mode":true,"campfire_choices":[{"data":"Noxious Fumes","floor":6,"key":"SMITH"},{"floor":8,"key":"REST"},{"data":"Well Laid Plans","floor":10,"key":"SMITH"},{"data":"Noxious Fumes","floor":15,"key":"SMITH"},{"data":"Night Terror","floor":23,"key":"SMITH"},{"data":"Footwork","floor":28,"key":"SMITH"},{"data":"Well Laid Plans","floor":30,"key":"SMITH"},{"data":"Leg Sweep","floor":32,"key":"SMITH"},{"floor":40,"key":"REST"},{"floor":42,"key":"REST"},{"floor":45,"key":"REST"},{"floor":47,"key":"REST"},{"floor":49,"key":"REST"}],"neow_cost":"NONE","seed_source_timestamp":18925233924081,"circlet_count":0,"master_deck":["Defend_G","Defend_G","Defend_G","Defend_G","Defend_G","Strike_G","Survivor","Neutralize","AscendersBane","Noxious Fumes+1","Footwork+1","Well Laid Plans+1","Noxious Fumes+1","Night Terror+1","Dodge and Roll","Well Laid Plans+1","Backflip","Calculated Gamble+1","Leg Sweep+1","Envenom","Calculated Gamble+1","Backflip","Night Terror","Backflip","Backflip","Envenom","Escape Plan"],"relics":["Ring of the Snake","Dodecahedron","Potion Belt","FossilizedHelix","Empty Cage","Tough Bandages","Smiling Mask","Fusion Hammer","Orichalcum","PreservedInsect"],"potions_floor_usage":[7,7,19,19,21,22,37,44,50],"damage_taken":[{"damage":1,"enemies":"Small Slimes","floor":1,"turns":4},{"damage":0,"enemies":"Jaw Worm","floor":2,"turns":4},{"damage":0,"enemies":"2 Louse","floor":3,"turns":3},{"damage":44,"enemies":"Gremlin Nob","floor":7,"turns":6},{"damage":9,"enemies":"Large Slime","floor":12,"turns":8},{"damage":16,"enemies":"3 Sentries","floor":14,"turns":7},{"damage":25,"enemies":"Hexaghost","floor":16,"turns":11},{"damage":0,"enemies":"Chosen","floor":18,"turns":7},{"damage":0,"enemies":"3 Byrds","floor":19,"turns":6},{"damage":17,"enemies":"Cultist and Chosen","floor":21,"turns":8},{"damage":6,"enemies":"Shelled Parasite and Fungi","floor":22,"turns":8},{"damage":0,"enemies":"Chosen and Byrds","floor":24,"turns":7},{"damage":1,"enemies":"Snake Plant","floor":25,"turns":7},{"damage":0,"enemies":"Snecko","floor":27,"turns":11},{"damage":0,"enemies":"Centurion and Healer","floor":29,"turns":10},{"damage":0,"enemies":"Chosen and Byrds","floor":31,"turns":9},{"damage":0,"enemies":"Champ","floor":33,"turns":19},{"damage":0,"enemies":"Orb Walker","floor":35,"turns":7},{"damage":0,"enemies":"3 Shapes","floor":36,"turns":6},{"damage":0,"enemies":"Transient","floor":37,"turns":6},{"damage":0,"enemies":"Spire Growth","floor":39,"turns":10},{"damage":0,"enemies":"Giant Head","floor":41,"turns":15},{"damage":0,"enemies":"4 Shapes","floor":44,"turns":7},{"damage":0,"enemies":"Transient","floor":46,"turns":6},{"damage":0,"enemies":"Sphere and 2 Shapes","floor":48,"turns":9},{"damage":0,"enemies":"Time Eater","floor":50,"turns":9}],"seed_played":"-226172688016473636","potions_obtained":[{"floor":1,"key":"SkillPotion"},{"floor":3,"key":"PowerPotion"},{"floor":12,"key":"AttackPotion"},{"floor":14,"key":"SkillPotion"},{"floor":16,"key":"GhostInAJar"},{"floor":18,"key":"PowerPotion"},{"floor":24,"key":"GamblersBrew"},{"floor":25,"key":"Strength Potion"},{"floor":29,"key":"Explosive Potion"},{"floor":31,"key":"GamblersBrew"},{"floor":39,"key":"FairyPotion"},{"floor":44,"key":"SkillPotion"}],"is_trial":false,"path_per_floor":["M","M","M","?","$","R","E","R","T","R","?","M","?","E","R","B",null,"M","M","?","M","M","R","M","M","T","M","R","M","R","M","R","B",null,"M","M","M","?","M","R","E","R","T","M","R","M","R","M","R","B"],"character_chosen":"THE_SILENT","items_purchased":["Well Laid Plans"],"campfire_rested":6,"item_purchase_floors":[5],"current_hp_per_floor":[58,58,58,58,58,58,14,33,33,33,33,24,44,28,28,3,46,46,46,46,29,23,23,23,22,22,22,22,22,22,22,22,22,51,51,51,51,51,51,60,60,60,60,60,60,60,60,60,60,60],"gold":891,"neow_bonus":"HUNDRED_GOLD","is_prod":false,"is_daily":false,"chose_seed":false,"campfire_upgraded":7,"win_rate":0,"timestamp":1539414908,"path_taken":["M","M","M","?","$","R","E","R","T","R","?","?","?","E","R","BOSS","M","M","?","M","M","R","?","M","T","M","R","M","R","M","R","BOSS","M","M","M","?","M","R","E","R","T","M","R","M","R","M","R","BOSS"],"build_version":"2018-10-11","purchased_purges":1,"victory":true,"max_hp_per_floor":[66,66,66,66,66,66,66,66,66,66,60,60,60,60,60,60,60,60,60,60,60,60,60,60,60,60,60,60,60,60,60,60,60,60,60,60,60,60,60,60,60,60,60,60,60,60,60,60,60,60],"card_choices":[{"not_picked":["Setup","Flying Knee","Distraction"],"picked":"SKIP","floor":1},{"not_picked":["Deflect","Bane"],"picked":"Noxious Fumes","floor":2},{"not_picked":["Finisher","Quick Slash"],"picked":"Footwork","floor":3},{"not_picked":["Tactician","Setup","Acrobatics"],"picked":"SKIP","floor":7},{"not_picked":["Finisher","Riddle With Holes"],"picked":"Noxious Fumes","floor":12},{"not_picked":["Heel Hook","Tactician","All Out Attack"],"picked":"SKIP","floor":14},{"not_picked":["Doppelganger","A Thousand Cuts"],"picked":"Night Terror","floor":16},{"not_picked":["Expertise","Slice+1"],"picked":"Dodge and Roll","floor":18},{"not_picked":["Quick Slash","Dagger Spray"],"picked":"Well Laid Plans","floor":19},{"not_picked":["Prepared","Concentrate","Outmaneuver"],"picked":"SKIP","floor":21},{"not_picked":["Tactician","Slice"],"picked":"Backflip","floor":22},{"not_picked":["Bane","Quick Slash"],"picked":"Calculated Gamble+1","floor":24},{"not_picked":["Poisoned Stab","Blade Dance"],"picked":"Leg Sweep","floor":25},{"not_picked":["Sucker Punch","Dagger Throw"],"picked":"Envenom","floor":27},{"not_picked":["Heel Hook","Outmaneuver"],"picked":"Calculated Gamble+1","floor":29},{"not_picked":["Poisoned Stab","Dagger Throw"],"picked":"Backflip","floor":31},{"not_picked":["Unload","Phantasmal Killer"],"picked":"Night Terror","floor":33},{"not_picked":["Deadly Poison+1","Finisher+1","Dagger Throw"],"picked":"SKIP","floor":35},{"not_picked":["Dagger Spray+1","Choke"],"picked":"Backflip","floor":36},{"not_picked":["PiercingWail+1","Flechettes"],"picked":"Backflip","floor":37},{"not_picked":["Cloak And Dagger","PiercingWail","Bane"],"picked":"SKIP","floor":39},{"not_picked":["Bane","Poisoned Stab","Blade Dance"],"picked":"SKIP","floor":41},{"not_picked":["Slice","Outmaneuver"],"picked":"Envenom","floor":44},{"not_picked":["Infinite Blades","Flying Knee"],"picked":"Escape Plan","floor":46},{"not_picked":["Cloak And Dagger","Dagger Spray","Endless Agony"],"picked":"SKIP","floor":48}],"player_experience":158094,"relics_obtained":[{"floor":7,"key":"Dodecahedron"},{"floor":9,"key":"Potion Belt"},{"floor":14,"key":"FossilizedHelix"},{"floor":26,"key":"Smiling Mask"},{"floor":41,"key":"Orichalcum"},{"floor":43,"key":"PreservedInsect"}],"event_choices":[{"event_name":"The Cleric","player_choice":"Card Removal","floor":4,"damage_taken":0},{"event_name":"Golden Idol","player_choice":"Lose Max HP","floor":11,"damage_taken":0},{"event_name":"Big Fish","player_choice":"Banana","floor":13,"damage_taken":0},{"event_name":"Addict","player_choice":"Obtained Relic","floor":20,"damage_taken":0},{"event_name":"The Moai Head","player_choice":"Gave Idol","floor":38,"damage_taken":0}],"is_beta":false,"boss_relics":[{"not_picked":["Snecko Eye","Calling Bell"],"picked":"Empty Cage"},{"not_picked":["Black Star","Eternal Feather"],"picked":"Fusion Hammer"}],"items_purged_floors":[5],"is_endless":false,"potions_floor_spawned":[1,3,12,14,16,18,24,25,29,31,33,35,39,44],"ascension_level":18}