{"path_per_floor":["M","M","$","M","M","E","R","M","T","?","M","?","R","M","R","B",null],"character_chosen":"THE_SILENT","items_purchased":["Calculated Gamble"],"gold_per_floor":[117,133,65,77,95,120,120,137,137,387,406,463,463,473,473,569,569],"floor_reached":18,"campfire_rested":3,"playtime":1193,"current_hp_per_floor":[70,68,68,64,54,26,47,38,38,38,26,8,29,31,52,9,70],"items_purged":[],"gold":569,"score":164,"play_id":"009638b6-5101-4d0b-a08b-d0dcae40e710","local_time":"20180308194035","is_prod":false,"is_daily":false,"is_ascension_mode":false,"campfire_upgraded":0,"timestamp":1520534435,"path_taken":["M","M","$","M","?","E","R","M","T","?","?","?","R","M","R","BOSS","M"],"build_version":"2018-03-01-PROD1","purchased_purges":0,"victory":false,"master_deck":["Defend_G","Defend_G","Defend_G","Defend_G","Defend_G","Strike_G","Strike_G","Strike_G","Strike_G","Strike_G","Survivor","Neutralize","Envenom","Envenom","Infinite Blades","Calculated Gamble","Endless Agony","Footwork","Blade Dance","Flechettes","Regret","Backstab","Backstab","Prepared","Adrenaline"],"max_hp_per_floor":[70,70,70,70,70,70,70,70,70,70,70,70,70,70,70,70,70],"relics":["Ring of the Snake","Ancient Tea Set","Ice Cream","Bird Faced Urn","Velvet Choker"],"card_choices":[{"not_picked":["Well Laid Plans","PiercingWail"],"picked":"Envenom"},{"not_picked":["Deadly Poison","Footwork"],"picked":"Infinite Blades"},{"not_picked":["Dagger Spray","Blur"],"picked":"Endless Agony"},{"not_picked":["Terror","Outmaneuver"],"picked":"Footwork"},{"not_picked":["Finisher","Acrobatics"],"picked":"Blade Dance"},{"not_picked":["Flying Knee","Cloak And Dagger"],"picked":"Flechettes"},{"not_picked":["Skewer","Deadly Poison"],"picked":"Backstab"},{"not_picked":["Flying Knee","Wraith Form"],"picked":"Backstab"},{"not_picked":["Bane","Quick Slash"],"picked":"Prepared"},{"not_picked":["Glass Knife","Storm of Steel"],"picked":"Adrenaline"}],"player_experience":125398,"potions_floor_usage":[8,12,16],"damage_taken":[{"damage":0,"enemies":"Cultist","floor":1,"turns":5},{"damage":2,"enemies":"Small Slimes","floor":2,"turns":5},{"damage":4,"enemies":"2 Louse","floor":4,"turns":5},{"damage":10,"enemies":"Exordium Thugs","floor":5,"turns":7},{"damage":28,"enemies":"Gremlin Nob","floor":6,"turns":5},{"damage":9,"enemies":"2 Fungi Beasts","floor":8,"turns":3},{"damage":12,"enemies":"Exordium Wildlife","floor":11,"turns":5},{"damage":27,"enemies":"Gremlin Nob","floor":12,"turns":4},{"damage":0,"enemies":"Looter","floor":14,"turns":2},{"damage":51,"enemies":"The Guardian","floor":16,"turns":9},{"damage":10,"enemies":"Shell Parasite","floor":18,"turns":2}],"event_choices":[{"event_name":"Golden Shrine","player_choice":"Desecrate","floor":10,"damage_taken":0},{"event_name":"Dead Adventurer","player_choice":"Searched \u00273\u0027 times","floor":12,"damage_taken":0}],"boss_relics":[{"not_picked":["Lizard Tail","Calling Bell"],"picked":"Velvet Choker"}],"potions_floor_spawned":[1,5,6,11],"seed_played":"7673075492567852954","killed_by":"Shell Parasite","ascension_level":0,"is_trial":false}