{"gold_per_floor":[115,131,131,131,131,131,131,82,82,2,22,22,54,54,54,159,159,146,61,61,26,44,44,73,73,144,69,69,69,69,69,69,171,171,183,183,208,208,208,208,14,30,30,55,55,55,0,19,19,19],"floor_reached":51,"playtime":2287,"items_purged":["Strike_G"],"score":781,"play_id":"d9d706bf-1276-4ff6-ae05-6215dfbdb4aa","local_time":"20181008144911","is_ascension_mode":false,"campfire_choices":[{"data":"Crippling Poison","floor":6,"key":"SMITH"},{"data":"Deadly Poison","floor":12,"key":"SMITH"},{"data":"Well Laid Plans","floor":15,"key":"SMITH"},{"data":"1","floor":23,"key":"LIFT"},{"data":"2","floor":25,"key":"LIFT"},{"data":"3","floor":30,"key":"LIFT"},{"floor":32,"key":"REST"}],"neow_cost":"","seed_source_timestamp":26234181280718,"circlet_count":0,"master_deck":["Defend_G","Defend_G","Defend_G","Defend_G","Strike_G+1","Strike_G+1","Survivor","Neutralize","Crippling Poison+1","Deadly Poison+1","Well Laid Plans+1","Dagger Throw","Leg Sweep","Wraith Form v2","Noxious Fumes+1","Unload","Leg Sweep+1","Well Laid Plans","Malaise+1","Deadly Poison+1","Chrysalis+1","Flechettes","PiercingWail+1","PiercingWail+1"],"relics":["Ring of the Snake","PreservedInsect","Juzu Bracelet","Dodecahedron","Girya","Toxic Egg 2","Fusion Hammer","FossilizedHelix","Boot","Kunai","Coffee Dripper","Regal Pillow","ClockworkSouvenir","Frozen Egg 2","Gambling Chip","Red Mask"],"potions_floor_usage":[33,50,50],"damage_taken":[{"damage":0,"enemies":"Jaw Worm","floor":1,"turns":5},{"damage":0,"enemies":"Cultist","floor":2,"turns":4},{"damage":0,"enemies":"Small Slimes","floor":11,"turns":3},{"damage":8,"enemies":"3 Sentries","floor":13,"turns":7},{"damage":5,"enemies":"Hexaghost","floor":16,"turns":10},{"damage":0,"enemies":"2 Thieves","floor":18,"turns":4},{"damage":0,"enemies":"Shell Parasite","floor":22,"turns":4},{"damage":0,"enemies":"Gremlin Leader","floor":24,"turns":5},{"damage":0,"enemies":"Colosseum Slavers","floor":29,"turns":6},{"damage":0,"enemies":"Automaton","floor":33,"turns":11},{"damage":0,"enemies":"3 Darklings","floor":35,"turns":5},{"damage":0,"enemies":"3 Shapes","floor":42,"turns":4},{"damage":5,"enemies":"2 Orb Walkers","floor":44,"turns":5},{"damage":0,"enemies":"Reptomancer","floor":48,"turns":6},{"damage":34,"enemies":"Donu and Deca","floor":50,"turns":11}],"seed_played":"-249715540292246037","potions_obtained":[{"floor":1,"key":"Regen Potion"},{"floor":13,"key":"EssenceOfSteel"},{"floor":33,"key":"EssenceOfSteel"},{"floor":44,"key":"AttackPotion"}],"is_trial":false,"path_per_floor":["M","M","$","?","?","R","?","$","T","$","M","R","E","?","R","B",null,"M","?","?","$","M","R","E","R","T","$","?","?","R","?","R","B",null,"M","?","T","?","?","R","$","M","T","E","?","?","?","M","R","B"],"character_chosen":"THE_SILENT","items_purchased":["Deadly Poison","Well Laid Plans","Leg Sweep+1","ClockworkSouvenir"],"campfire_rested":1,"item_purchase_floors":[8,10,21,41],"current_hp_per_floor":[70,70,70,70,56,56,49,49,49,49,49,49,41,41,41,36,70,70,70,70,70,70,70,70,70,70,70,54,54,54,54,70,70,70,70,70,70,70,70,70,70,70,70,65,65,65,65,65,65,31],"gold":19,"neow_bonus":"","is_prod":false,"is_daily":false,"chose_seed":false,"campfire_upgraded":3,"win_rate":0.0,"timestamp":1538981351,"path_taken":["M","M","$","?","?","R","?","$","T","$","M","R","E","?","R","BOSS","M","?","?","$","M","R","E","R","T","$","?","?","R","?","R","BOSS","M","?","?","?","?","R","$","M","T","E","?","?","?","M","R","BOSS"],"build_version":"2018-10-04v2","purchased_purges":1,"victory":true,"max_hp_per_floor":[70,70,70,70,70,70,70,70,70,70,70,70,70,70,70,70,70,70,70,70,70,70,70,70,70,70,70,70,70,70,70,70,70,70,70,70,70,70,70,70,70,70,70,70,70,70,70,70,70,70],"card_choices":[{"not_picked":["Reflex","Slice","Prepared"],"picked":"SKIP","floor":1},{"not_picked":["Blade Dance","Dagger Spray"],"picked":"Crippling Poison","floor":2},{"not_picked":["Slice","Blade Dance","Dagger Throw"],"picked":"SKIP","floor":11},{"not_picked":["Slice","Blade Dance"],"picked":"Dagger Throw","floor":11},{"not_picked":["Terror","Outmaneuver"],"picked":"Leg Sweep","floor":13},{"not_picked":["A Thousand Cuts","Unload"],"picked":"Wraith Form v2","floor":16},{"not_picked":["Slice","Prepared+1"],"picked":"Noxious Fumes+1","floor":18},{"not_picked":["Underhanded Strike","Deflect+1","Acrobatics+1"],"picked":"SKIP","floor":22},{"not_picked":["Flechettes","All Out Attack"],"picked":"Well Laid Plans","floor":24},{"not_picked":["Glass Knife","Unload"],"picked":"Malaise+1","floor":33},{"not_picked":["Blade Dance+1","Skewer+1"],"picked":"Deadly Poison+1","floor":35},{"not_picked":["PanicButton+1","Dark Shackles+1"],"picked":"Chrysalis+1","floor":38},{"not_picked":["Caltrops+1","Prepared+1"],"picked":"PiercingWail+1","floor":42},{"not_picked":["Endless Agony","Masterful Stab+1"],"picked":"PiercingWail+1","floor":44},{"not_picked":["Deflect+1","Prepared+1","Quick Slash"],"picked":"SKIP","floor":48}],"player_experience":1227,"relics_obtained":[{"floor":4,"key":"PreservedInsect"},{"floor":9,"key":"Dodecahedron"},{"floor":13,"key":"Girya"},{"floor":24,"key":"Boot"},{"floor":26,"key":"Kunai"},{"floor":37,"key":"Regal Pillow"},{"floor":43,"key":"Frozen Egg 2"},{"floor":44,"key":"Gambling Chip"}],"event_choices":[{"event_name":"Wheel of Change","player_choice":"Relic","floor":4,"damage_taken":0},{"event_name":"Shining Light","player_choice":"Entered Light","floor":5,"damage_taken":0},{"event_name":"Scrap Ooze","player_choice":"success","floor":7,"damage_taken":7},{"event_name":"WeMeetAgain","player_choice":"Potion","floor":14,"damage_taken":0},{"event_name":"Addict","player_choice":"Obtained Relic","floor":19,"damage_taken":0},{"event_name":"Transmorgrifier","player_choice":"Transform","floor":20,"damage_taken":0},{"event_name":"Cursed Tome","player_choice":"Obtained Book","floor":28,"damage_taken":0},{"event_name":"Colosseum","player_choice":"Fight","floor":29,"damage_taken":0},{"event_name":"Colosseum","player_choice":"Fled From Nobs","floor":29,"damage_taken":0},{"event_name":"The Mausoleum","player_choice":"No","floor":31,"damage_taken":0},{"event_name":"Mysterious Sphere","player_choice":"Ignore","floor":36,"damage_taken":0},{"event_name":"SensoryStone","player_choice":"Memory 1","floor":38,"damage_taken":0},{"event_name":"Transmorgrifier","player_choice":"Transform","floor":39,"damage_taken":0},{"event_name":"SecretPortal","player_choice":"Rejected Portal.","floor":45,"damage_taken":0},{"event_name":"Falling","player_choice":"Removed Skill","floor":46,"damage_taken":0},{"event_name":"Tomb of Lord Red Mask","player_choice":"Paid","floor":47,"damage_taken":0}],"is_beta":false,"boss_relics":[{"not_picked":["Lizard Tail","Astrolabe"],"picked":"Fusion Hammer"},{"not_picked":["Philosopher\u0027s Stone","Snecko Eye"],"picked":"Coffee Dripper"}],"items_purged_floors":[27],"is_endless":false,"potions_floor_spawned":[1,13,33,44],"ascension_level":0}