{"gold_per_floor":[116,28,48,48,48,48,60,60,83,93,93,108,33,45,45,122,122,132,132,132,151,171,171,202,202,202,231,156,185,185,214,214,290,290,301,301,314,314,314,314,331,347,370,399,299,354,229,2,2,2,2,2,2,2,37,37],"floor_reached":57,"playtime":2581,"items_purged":["Strike_G","Defend_G","Strike_G+1","Defend_G+1"],"score":3002,"play_id":"5bd72bfe-b825-4f75-940f-333ead7a0382","local_time":"20181224203059","is_ascension_mode":true,"campfire_choices":[{"data":"Deadly Poison","floor":6.0,"key":"SMITH"},{"data":"Neutralize","floor":8.0,"key":"SMITH"},{"data":"Bouncing Flask","floor":15.0,"key":"SMITH"},{"data":"Grand Finale","floor":23.0,"key":"SMITH"},{"data":"Acrobatics","floor":25.0,"key":"SMITH"},{"data":"Catalyst","floor":30.0,"key":"SMITH"},{"data":"Footwork","floor":32.0,"key":"SMITH"},{"data":"Wraith Form v2","floor":40.0,"key":"SMITH"},{"floor":49.0,"key":"RECALL"},{"data":"Catalyst","floor":53,"key":"SMITH"}],"neow_cost":"NONE","seed_source_timestamp":0,"circlet_count":0,"master_deck":["AscendersBane","Defend_G+1","Survivor+1","Neutralize+1","Heel Hook+1","Deadly Poison+1","Bouncing Flask+1","Grand Finale+1","Leg Sweep+1","Ghostly","Ghostly","Ghostly","Acrobatics+1","Setup","Catalyst+1","Adrenaline","Footwork+1","Wraith Form v2+1","Skewer+1","Adrenaline+1","Escape Plan","Backflip","Wraith Form v2","Catalyst+1"],"special_seed":0,"relics":["Runic Pyramid","War Paint","Philosopher\u0027s Stone","Happy Flower","Potion Belt","PreservedInsect","Whetstone","Dream Catcher","Astrolabe","Paper Crane","Bird Faced Urn","Bag of Marbles"],"potions_floor_usage":[56],"damage_taken":[{"damage":4.0,"enemies":"Jaw Worm","floor":1.0,"turns":6.0},{"damage":4.0,"enemies":"Small Slimes","floor":3.0,"turns":4.0},{"damage":0.0,"enemies":"2 Louse","floor":7.0,"turns":3.0},{"damage":8.0,"enemies":"Large Slime","floor":10.0,"turns":8.0},{"damage":4.0,"enemies":"Lots of Slimes","floor":12.0,"turns":5.0},{"damage":7.0,"enemies":"3 Louse","floor":14.0,"turns":4.0},{"damage":1.0,"enemies":"Slime Boss","floor":16.0,"turns":10.0},{"damage":0.0,"enemies":"Shell Parasite","floor":18.0,"turns":5.0},{"damage":0.0,"enemies":"2 Thieves","floor":21.0,"turns":3.0},{"damage":6.0,"enemies":"Shelled Parasite and Fungi","floor":22.0,"turns":6.0},{"damage":14.0,"enemies":"Slavers","floor":24.0,"turns":4.0},{"damage":0.0,"enemies":"Gremlin Leader","floor":27.0,"turns":6.0},{"damage":0.0,"enemies":"Book of Stabbing","floor":29.0,"turns":4.0},{"damage":2.0,"enemies":"Gremlin Leader","floor":31.0,"turns":7.0},{"damage":0.0,"enemies":"Automaton","floor":33.0,"turns":13.0},{"damage":0.0,"enemies":"Orb Walker","floor":35.0,"turns":4.0},{"damage":11.0,"enemies":"3 Darklings","floor":37.0,"turns":4.0},{"damage":0.0,"enemies":"Sphere and 2 Shapes","floor":41.0,"turns":3.0},{"damage":0.0,"enemies":"Writhing Mass","floor":42.0,"turns":4.0},{"damage":0.0,"enemies":"Giant Head","floor":44.0,"turns":6.0},{"damage":0.0,"enemies":"2 Orb Walkers","floor":46.0,"turns":7.0},{"damage":5,"enemies":"Time Eater","floor":50,"turns":11},{"damage":7,"enemies":"Donu and Deca","floor":51,"turns":9},{"damage":8,"enemies":"Shield and Spear","floor":55,"turns":7},{"damage":33,"enemies":"The Heart","floor":56,"turns":7}],"seed_played":"-5831112486105273449","potions_obtained":[{"floor":7.0,"key":"Swift Potion"},{"floor":12.0,"key":"PowerPotion"},{"floor":16.0,"key":"PowerPotion"},{"floor":18.0,"key":"GamblersBrew"},{"floor":27.0,"key":"SteroidPotion"},{"floor":29.0,"key":"SpeedPotion"},{"floor":33.0,"key":"SpeedPotion"},{"floor":35.0,"key":"SpeedPotion"},{"floor":37.0,"key":"GamblersBrew"},{"floor":42.0,"key":"FearPotion"},{"floor":44.0,"key":"Explosive Potion"}],"is_trial":false,"path_per_floor":["M","$","M","?","?","R","M","R","T","M","?","M","$","M","R","B",null,"M","?","?","M","M","R","E","R","T","E","?","E","R","E","R","B",null,"M","?","M","?","?","R","M","M","T","E","$","?","$","$","R","B","B",null,"R","$","E","B",null],"character_chosen":"THE_SILENT","items_purchased":["Heel Hook","Catalyst"],"campfire_rested":0,"item_purchase_floors":[2,48],"current_hp_per_floor":[55,55,51,56,56,56,56,56,56,48,27,23,23,16,16,15,57,57,35,35,35,29,29,15,15,15,15,15,15,15,13,13,13,30,30,30,19,19,45,45,45,45,45,45,45,45,45,45,45,42,41,44,44,44,41,14],"gold":37,"neow_bonus":"BOSS_RELIC","is_prod":false,"is_daily":false,"chose_seed":false,"campfire_upgraded":9,"win_rate":0,"timestamp":1545654659,"path_taken":["M","$","M","?","?","R","M","R","T","M","?","M","$","M","R","BOSS","M","?","?","?","M","R","E","R","T","E","?","E","R","E","R","BOSS","M","?","M","?","?","R","M","?","T","E","$","?","?","$","R","BOSS","BOSS","R","$","E","BOSS"],"build_version":"2018-12-20","purchased_purges":4,"victory":true,"max_hp_per_floor":[66,66,66,71,71,71,71,71,71,71,71,71,71,71,71,71,71,71,35,35,35,35,35,35,35,35,35,35,35,35,35,35,35,35,35,35,35,35,45,45,45,45,45,45,45,45,45,45,45,45,45,45,45,45,45,45],"card_choices":[{"not_picked":["Cloak And Dagger","Slice","Sucker Punch"],"picked":"SKIP","floor":1.0},{"not_picked":["Setup","Eviscerate"],"picked":"Deadly Poison","floor":3.0},{"not_picked":["Quick Slash","Bullet Time","Deflect"],"picked":"SKIP","floor":7.0},{"not_picked":["Acrobatics","Calculated Gamble","Blade Dance"],"picked":"SKIP","floor":10.0},{"not_picked":["Quick Slash","Cloak And Dagger","Poisoned Stab"],"picked":"SKIP","floor":12.0},{"not_picked":["Blade Dance","Slice"],"picked":"Bouncing Flask","floor":14.0},{"not_picked":["Adrenaline","Unload"],"picked":"Grand Finale","floor":16.0},{"not_picked":["Underhanded Strike","Flying Knee"],"picked":"Leg Sweep+1","floor":18.0},{"not_picked":["Sucker Punch","Bane","Flying Knee+1"],"picked":"SKIP","floor":21.0},{"not_picked":["Backflip","Dagger Throw"],"picked":"Acrobatics","floor":22.0},{"not_picked":["Predator+1","Riddle With Holes"],"picked":"Setup","floor":24.0},{"not_picked":["Quick Slash","Well Laid Plans"],"picked":"Catalyst","floor":27.0},{"not_picked":["PiercingWail","Calculated Gamble"],"picked":"Adrenaline","floor":29.0},{"not_picked":["Dash","Poisoned Stab"],"picked":"Footwork","floor":31.0},{"not_picked":["Venomology","Grand Finale"],"picked":"Wraith Form v2","floor":33.0},{"not_picked":["Blade Dance+1","Slice"],"picked":"Escape Plan","floor":35.0},{"not_picked":["Reflex","Cloak And Dagger","Poisoned Stab"],"picked":"SKIP","floor":37.0},{"not_picked":["Cloak And Dagger","Deadly Poison+1"],"picked":"Backflip","floor":41.0},{"not_picked":["Flechettes","Setup+1","Deadly Poison"],"picked":"SKIP","floor":42.0},{"not_picked":["Phantasmal Killer","Well Laid Plans"],"picked":"Wraith Form v2","floor":44.0},{"not_picked":["Flying Knee+1","Accuracy","Slice+1"],"picked":"SKIP","floor":55}],"player_experience":1476613,"relics_obtained":[{"floor":9.0,"key":"War Paint"},{"floor":24.0,"key":"Happy Flower"},{"floor":26.0,"key":"Potion Belt"},{"floor":27.0,"key":"PreservedInsect"},{"floor":29.0,"key":"Whetstone"},{"floor":31.0,"key":"Dream Catcher"},{"floor":44.0,"key":"Paper Crane"},{"floor":46.0,"key":"Bird Faced Urn"},{"floor":55,"key":"Bag of Marbles"}],"event_choices":[{"damage_healed":0.0,"max_hp_gain":5.0,"max_hp_loss":0.0,"gold_gain":0.0,"event_name":"Big Fish","player_choice":"Donut","floor":4.0,"gold_loss":0.0,"damage_taken":0.0},{"damage_healed":0.0,"max_hp_gain":0.0,"max_hp_loss":0.0,"gold_gain":0.0,"event_name":"Liars Game","player_choice":"Ignored","floor":5.0,"gold_loss":0.0,"damage_taken":0.0},{"damage_healed":0.0,"max_hp_gain":0.0,"max_hp_loss":0.0,"gold_gain":0.0,"event_name":"Shining Light","player_choice":"Entered Light","floor":11.0,"gold_loss":0.0,"damage_taken":21.0,"cards_upgraded":["Defend_G","Strike_G"]},{"damage_healed":0.0,"max_hp_gain":0.0,"max_hp_loss":36.0,"gold_gain":0.0,"event_name":"Ghosts","player_choice":"Became a Ghost","floor":19.0,"gold_loss":0.0,"damage_taken":0.0,"cards_obtained":["Ghostly","Ghostly","Ghostly"]},{"damage_healed":0.0,"max_hp_gain":0.0,"max_hp_loss":0.0,"gold_gain":0.0,"event_name":"Wheel of Change","player_choice":"Full Heal","floor":20.0,"gold_loss":0.0,"damage_taken":0.0},{"cards_removed":["Strike_G"],"damage_healed":0.0,"max_hp_gain":0.0,"max_hp_loss":0.0,"gold_gain":0.0,"event_name":"Beggar","player_choice":"Gave Gold","floor":28.0,"gold_loss":75.0,"damage_taken":0.0},{"damage_healed":0.0,"max_hp_gain":0.0,"max_hp_loss":0.0,"gold_gain":0.0,"event_name":"Tomb of Lord Red Mask","player_choice":"Ignored","floor":36.0,"gold_loss":0.0,"damage_taken":0.0},{"cards_removed":["Strike_G"],"damage_healed":0.0,"max_hp_gain":0.0,"max_hp_loss":0.0,"gold_gain":0.0,"event_name":"Falling","player_choice":"Removed Attack","floor":38.0,"gold_loss":0.0,"damage_taken":0.0},{"cards_removed":["Tools of the Trade"],"damage_healed":16.0,"max_hp_gain":10.0,"max_hp_loss":0.0,"gold_gain":0.0,"event_name":"Bonfire Elementals","player_choice":"Offered Rare","floor":39.0,"gold_loss":0.0,"damage_taken":0.0},{"damage_healed":0.0,"max_hp_gain":0.0,"max_hp_loss":0.0,"gold_gain":0.0,"event_name":"Mysterious Sphere","player_choice":"Fight","floor":46.0,"gold_loss":0.0,"damage_taken":0.0}],"is_beta":false,"boss_relics":[{"not_picked":["Orrery","Runic Dome"],"picked":"Philosopher\u0027s Stone"},{"not_picked":["Pandora\u0027s Box","Eternal Feather"],"picked":"Astrolabe"}],"items_purged_floors":[13,45,47,48],"is_endless":false,"potions_floor_spawned":[7,12,16,18,27,29,33,35,37,42,44,46],"ascension_level":20}