{"gold_per_floor":[118,43,43,43,43,70,70,70,70,88,88,126,126,151,151,275,275,294,294,308,254,254,298,314,314,385,403,403],"floor_reached":28,"playtime":1547,"items_purged":["Compile Driver"],"score":244,"play_id":"21a8e280-2c28-4756-80cd-66919b0172eb","local_time":"20180716223330","daily_mods":["Draft"],"is_ascension_mode":false,"campfire_choices":[{"data":"Tempest","floor":7.0,"key":"SMITH"},{"data":"Genetic Algorithm","floor":15.0,"key":"SMITH"},{"floor":25.0,"key":"REST"}],"neow_cost":"","seed_source_timestamp":0,"circlet_count":0,"master_deck":["Cold Snap","Capacitor","Go for the Eyes","Consume","Gash","Gash","Beam Cell","Scrape+1","Melter+1","Steam","Turbo","Tempest+1","BootSequence","Conserve Battery+1","Double Energy","Genetic Algorithm+1","Turbo","All For One","Streamline","Zap","Seek"],"special_seed":0,"relics":["Cracked Core","Omamori","Golden Idol","Bottled Lightning","Happy Flower","Sozu","Ancient Tea Set","Mummified Hand"],"potions_floor_usage":[],"damage_taken":[{"damage":1.0,"enemies":"2 Louse","floor":1.0,"turns":2.0},{"damage":5.0,"enemies":"3 Sentries","floor":6.0,"turns":7.0},{"damage":0.0,"enemies":"Cultist","floor":10.0,"turns":3.0},{"damage":8.0,"enemies":"Lagavulin","floor":12.0,"turns":7.0},{"damage":0.0,"enemies":"Small Slimes","floor":14.0,"turns":1.0},{"damage":19.0,"enemies":"Hexaghost","floor":16.0,"turns":7.0},{"damage":0.0,"enemies":"Chosen","floor":18.0,"turns":2.0},{"damage":0.0,"enemies":"Spheric Guardian","floor":20.0,"turns":1.0},{"damage":19.0,"enemies":"Slavers","floor":23.0,"turns":4.0},{"damage":41.0,"enemies":"Slaver and Parasite","floor":24.0,"turns":5.0},{"damage":0.0,"enemies":"Snecko","floor":27.0,"turns":2.0},{"damage":34,"enemies":"Gremlin Leader","floor":28,"turns":3}],"seed_played":"291033290460361609","potions_obtained":[{"floor":6.0,"key":"Fire Potion"},{"floor":12.0,"key":"Strength Potion"},{"floor":14.0,"key":"Energy Potion"},{"floor":16.0,"key":"Strength Potion"}],"is_trial":true,"path_per_floor":["M","$","?","?","$","E","R","?","T","M","$","E","?","M","R","B",null,"M","?","M","$","?","E","M","R","T","M"],"character_chosen":"DEFECT","items_purchased":["Streamline"],"campfire_rested":1,"item_purchase_floors":[21],"current_hp_per_floor":[74,74,74,74,74,69,69,51,51,51,51,43,28,28,28,9,75,75,75,75,75,75,56,15,37,37,37,3],"gold":403,"neow_bonus":"","is_prod":false,"is_daily":false,"chose_seed":false,"campfire_upgraded":2,"win_rate":0,"timestamp":1531773210,"path_taken":["M","$","?","?","$","E","R","?","T","M","$","E","?","M","R","BOSS","M","?","M","$","?","E","M","R","T","M","E"],"build_version":"2018-07-12","purchased_purges":1,"victory":false,"max_hp_per_floor":[75,75,75,75,75,75,75,75,75,75,75,75,75,75,75,75,75,75,75,75,75,75,75,75,75,75,75,75],"card_choices":[{"not_picked":["Rebound","Go for the Eyes"],"picked":"Compile Driver","floor":0.0},{"not_picked":["Force Field","Reinforced Body"],"picked":"Cold Snap","floor":0.0},{"not_picked":["Streamline","Coolheaded"],"picked":"Capacitor","floor":0.0},{"not_picked":["Steam","Coolheaded"],"picked":"Go for the Eyes","floor":0.0},{"not_picked":["Stack","Gash"],"picked":"Consume","floor":0.0},{"not_picked":["Ball Lightning","Hologram"],"picked":"Barrage","floor":0.0},{"not_picked":["Redo","Go for the Eyes"],"picked":"Gash","floor":0.0},{"not_picked":["Rebound","Beam Cell"],"picked":"Gash","floor":0.0},{"not_picked":["Cold Snap","BootSequence"],"picked":"Beam Cell","floor":0.0},{"not_picked":["Barrage","Ball Lightning"],"picked":"Scrape","floor":0.0},{"not_picked":["Storm","Static Discharge"],"picked":"Melter","floor":0.0},{"not_picked":["Ball Lightning","Double Energy"],"picked":"Steam","floor":0.0},{"not_picked":["Rip and Tear","Beam Cell"],"picked":"Turbo","floor":0.0},{"not_picked":["Ball Lightning","Aggregate"],"picked":"Tempest","floor":0.0},{"not_picked":["Conserve Battery","Ball Lightning"],"picked":"BootSequence","floor":0.0},{"not_picked":["Undo","Static Discharge"],"picked":"Conserve Battery","floor":1.0},{"not_picked":["Leap","Defragment","Lockon"],"picked":"SKIP","floor":6.0},{"not_picked":["Coolheaded","Heatsinks"],"picked":"Double Energy","floor":10.0},{"not_picked":["Sweeping Beam","Hologram"],"picked":"Genetic Algorithm","floor":12.0},{"not_picked":["Glacier","Reinforced Body"],"picked":"Turbo","floor":14.0},{"not_picked":["Machine Learning","Reboot"],"picked":"All For One","floor":16.0},{"not_picked":["Rip and Tear","Rebound+1","Leap"],"picked":"SKIP","floor":18.0},{"not_picked":["Cold Snap","Hologram","Sweeping Beam"],"picked":"SKIP","floor":20.0},{"not_picked":["Rebound","Barrage"],"picked":"Seek","floor":23.0},{"not_picked":["Streamline+1","Coolheaded","Beam Cell"],"picked":"SKIP","floor":24.0},{"not_picked":["Steam","Go for the Eyes","Compile Driver"],"picked":"SKIP","floor":27.0}],"player_experience":322147,"relics_obtained":[{"floor":6.0,"key":"Omamori"},{"floor":9.0,"key":"Bottled Lightning"},{"floor":12.0,"key":"Happy Flower"},{"floor":23.0,"key":"Ancient Tea Set"},{"floor":26.0,"key":"Mummified Hand"}],"event_choices":[{"event_name":"Purifier","player_choice":"One Purge","floor":3.0,"damage_taken":0.0},{"event_name":"Living Wall","player_choice":"Grow","floor":4.0,"damage_taken":0.0},{"event_name":"Golden Idol","player_choice":"Take Damage","floor":8.0,"damage_taken":0.0},{"event_name":"Shining Light","player_choice":"Entered Light","floor":13.0,"damage_taken":0.0},{"event_name":"The Lab","player_choice":"Got Potions","floor":19.0,"damage_taken":0.0},{"event_name":"Match and Keep!","player_choice":"1 cards matched","floor":22.0,"damage_taken":0.0}],"boss_relics":[{"not_picked":["Empty Cage","Black Star"],"picked":"Sozu"}],"items_purged_floors":[2],"is_endless":false,"potions_floor_spawned":[6,12,14,16,24,27],"killed_by":"Gremlin Leader","ascension_level":0}