{"gold_per_floor":[217,234,253,63,79,107,121,121,144,164,164,184,214,233,233,304,304,322,322,335,354,368,368,393,668,668,353,353,370,370],"floor_reached":30,"playtime":1100,"items_purged":["Strike_B"],"score":532,"play_id":"f25b857f-434f-4426-b2c5-2aa5b6623273","local_time":"20190223201839","is_ascension_mode":true,"campfire_choices":[{"data":"Chaos","floor":8.0,"key":"SMITH"},{"floor":11.0,"key":"REST"},{"data":"Sunder","floor":15.0,"key":"SMITH"},{"data":"Defragment","floor":23.0,"key":"SMITH"},{"data":"Coolheaded","floor":28.0,"key":"SMITH"}],"neow_cost":"NONE","seed_source_timestamp":0,"circlet_count":0,"master_deck":["AscendersBane","Strike_B","Strike_B","Strike_B","Defend_B","Defend_B","Defend_B","Defend_B","Zap","Dualcast","Conserve Battery","Compile Driver","Core Surge","Defragment+1","Ball Lightning","Undo","Coolheaded+1","Capacitor","Chaos+1","Sunder+1","Blizzard","Aggregate","Coolheaded","Electrodynamics","Double Energy","Turbo+1","Reinforced Body","Stack","Skim","Recycle","Hologram","Hello World"],"special_seed":0,"relics":["Cracked Core","Omamori","PreservedInsect","Anchor","Coffee Dripper","Vajra","Matryoshka"],"potions_floor_usage":[],"damage_taken":[{"damage":3.0,"enemies":"2 Louse","floor":1.0,"turns":2.0},{"damage":0.0,"enemies":"Cultist","floor":2.0,"turns":4.0},{"damage":5.0,"enemies":"Small Slimes","floor":3.0,"turns":3.0},{"damage":10.0,"enemies":"Exordium Thugs","floor":5.0,"turns":5.0},{"damage":25.0,"enemies":"Gremlin Nob","floor":6.0,"turns":4.0},{"damage":9.0,"enemies":"3 Louse","floor":7.0,"turns":3.0},{"damage":5.0,"enemies":"Large Slime","floor":10.0,"turns":6.0},{"damage":10.0,"enemies":"Exordium Thugs","floor":12.0,"turns":4.0},{"damage":6.0,"enemies":"Lagavulin","floor":13.0,"turns":5.0},{"damage":0.0,"enemies":"Gremlin Gang","floor":14.0,"turns":3.0},{"damage":11.0,"enemies":"Slime Boss","floor":16.0,"turns":7.0},{"damage":23.0,"enemies":"Spheric Guardian","floor":18.0,"turns":6.0},{"damage":0.0,"enemies":"3 Byrds","floor":20.0,"turns":3.0},{"damage":9.0,"enemies":"Shelled Parasite and Fungi","floor":21.0,"turns":3.0},{"damage":11.0,"enemies":"Chosen and Byrds","floor":22.0,"turns":7.0},{"damage":12.0,"enemies":"Book of Stabbing","floor":24.0,"turns":5.0},{"damage":8.0,"enemies":"3 Cultists","floor":29.0,"turns":4.0},{"damage":6,"enemies":"Shelled Parasite and Fungi","floor":30,"turns":1}],"seed_played":"3099085285539421739","potions_obtained":[{"floor":5.0,"key":"Energy Potion"},{"floor":7.0,"key":"SkillPotion"},{"floor":12.0,"key":"SkillPotion"},{"floor":13.0,"key":"Energy Potion"},{"floor":16.0,"key":"Regen Potion"},{"floor":19.0,"key":"Poison Potion"},{"floor":19.0,"key":"Strength Potion"},{"floor":21.0,"key":"Weak Potion"}],"is_trial":false,"path_per_floor":["M","M","M","$","M","E","M","R","T","M","R","M","E","M","R","B",null,"M","?","M","M","M","R","E","?","T","$","R","M","M"],"character_chosen":"DEFECT","items_purchased":["Defragment","Ball Lightning","Undo","Recycle","Hologram","PowerPotion","Block Potion"],"campfire_rested":1,"item_purchase_floors":[4,4,4,27,27,27,27],"current_hp_per_floor":[61,61,56,56,46,21,12,12,12,7,28,18,12,12,12,1,54,46,46,46,37,26,26,14,14,14,14,14,6,0],"gold":370,"neow_bonus":"HUNDRED_GOLD","is_prod":false,"is_daily":false,"chose_seed":false,"campfire_upgraded":4,"win_rate":0,"timestamp":1550924319,"path_taken":["M","M","M","$","M","E","M","R","T","M","R","M","E","M","R","BOSS","M","?","M","M","?","R","E","?","T","$","R","?","M"],"build_version":"2019-01-23","purchased_purges":1,"victory":false,"max_hp_per_floor":[71,71,71,71,71,71,71,71,71,71,71,71,71,71,71,71,71,71,71,71,71,71,71,71,71,71,71,71,71,71],"card_choices":[{"not_picked":["Steam","Hello World"],"picked":"Conserve Battery","floor":1.0},{"not_picked":["BootSequence","Sweeping Beam"],"picked":"Compile Driver","floor":2.0},{"not_picked":["Static Discharge","Gash"],"picked":"Core Surge","floor":3.0},{"not_picked":["Melter","FTL"],"picked":"Coolheaded","floor":5.0},{"not_picked":["Sweeping Beam","Streamline"],"picked":"Capacitor","floor":6.0},{"not_picked":["Compile Driver","Coolheaded"],"picked":"Chaos","floor":7.0},{"not_picked":["Streamline","Melter"],"picked":"Sunder","floor":10.0},{"not_picked":["Stack","Lockon"],"picked":"Blizzard","floor":12.0},{"not_picked":["Barrage","Streamline"],"picked":"Aggregate","floor":13.0},{"not_picked":["Fusion","Rainbow"],"picked":"Coolheaded","floor":14.0},{"not_picked":["Hyperbeam","Rainbow"],"picked":"Electrodynamics","floor":16.0},{"not_picked":["Gash+1","Steam"],"picked":"Double Energy","floor":18.0},{"not_picked":["Capacitor","Hologram+1"],"picked":"Turbo+1","floor":20.0},{"not_picked":["Turbo","Ball Lightning"],"picked":"Reinforced Body","floor":21.0},{"not_picked":["Cold Snap","Ball Lightning"],"picked":"Stack","floor":22.0},{"not_picked":["Storm","Self Repair"],"picked":"Skim","floor":24.0},{"not_picked":["Rebound","Reprogram"],"picked":"Hello World","floor":29.0}],"player_experience":943430,"relics_obtained":[{"floor":6.0,"key":"Omamori"},{"floor":9.0,"key":"PreservedInsect"},{"floor":13.0,"key":"Anchor"},{"floor":24.0,"key":"Vajra"},{"floor":26.0,"key":"Matryoshka"}],"event_choices":[{"damage_healed":0.0,"max_hp_gain":0.0,"max_hp_loss":0.0,"gold_gain":0.0,"event_name":"Lab","player_choice":"Got Potions","floor":19.0,"gold_loss":0.0,"damage_taken":0.0},{"damage_healed":0.0,"max_hp_gain":0.0,"max_hp_loss":0.0,"gold_gain":275.0,"event_name":"Golden Shrine","player_choice":"Desecrate","floor":25.0,"gold_loss":0.0,"damage_taken":0.0,"cards_obtained":["Regret"]}],"is_beta":false,"boss_relics":[{"not_picked":["Ectoplasm","Philosopher\u0027s Stone"],"picked":"Coffee Dripper"}],"items_purged_floors":[27],"is_endless":false,"potions_floor_spawned":[5,7,12,13,16,21],"killed_by":"Shelled Parasite and Fungi","ascension_level":20}