{"path_per_floor":["M","?","M","?","M","R","M","R","T","?","M","M","R","M","R","B",null,"M","M","?","?","$"],"character_chosen":"THE_SILENT","items_purchased":["Escape Plan"],"gold_per_floor":[19,19,30,30,53,53,73,73,73,111,127,151,151,176,176,265,265,290,311,311,226,82,82],"floor_reached":23,"campfire_rested":1,"playtime":621,"item_purchase_floors":[22],"current_hp_per_floor":[56,38,38,21,21,21,11,32,32,20,12,12,12,12,12,9,55,54,54,54,54,54,0],"items_purged":["Poisoned Stab"],"gold":82,"score":302,"play_id":"c1d0aef5-6ccc-4485-989b-01682acb51d9","local_time":"20180614212215","is_prod":false,"is_daily":false,"chose_seed":false,"is_ascension_mode":true,"campfire_upgraded":3,"win_rate":0,"timestamp":1528982535,"campfire_choices":[{"data":"Infinite Blades","floor":6,"key":"SMITH"},{"floor":8,"key":"REST"},{"data":"Finisher","floor":13,"key":"SMITH"},{"data":"Neutralize","floor":15,"key":"SMITH"}],"path_taken":["M","?","M","?","M","R","M","R","T","?","M","M","R","M","R","BOSS","M","M","?","?","$","E"],"build_version":"2018-06-13v3","seed_source_timestamp":32717151785661,"purchased_purges":1,"victory":false,"master_deck":["Defend_G","Defend_G","Defend_G","Defend_G","Strike_G","Survivor","Neutralize+1","AscendersBane","Infinite Blades+1","Dodge and Roll","Slice","Finisher+1","Endless Agony","Heel Hook","Envenom","Grand Finale+1","Bullet Time+1","Sucker Punch+1","Calculated Gamble","Escape Plan"],"max_hp_per_floor":[70,70,70,70,70,70,70,70,70,70,70,70,70,70,70,70,70,70,70,70,70,70,70],"relics":["Ring of the Snake","Ninja Scroll","Golden Idol","Girya","Odd Mushroom","Astrolabe","Ancient Tea Set"],"card_choices":[{"not_picked":["Deflect","Leg Sweep"],"picked":"Slice","floor":1},{"not_picked":["PiercingWail","Acrobatics","Backflip"],"picked":"SKIP","floor":3},{"not_picked":["Quick Slash","Dodge and Roll"],"picked":"Poisoned Stab","floor":5},{"not_picked":["Underhanded Strike","Slice"],"picked":"Sucker Punch","floor":7},{"not_picked":["Outmaneuver","Dodge and Roll"],"picked":"Finisher","floor":10},{"not_picked":["A Thousand Cuts","Dodge and Roll"],"picked":"Endless Agony","floor":11},{"not_picked":["Cloak And Dagger","Dagger Throw","Dagger Spray"],"picked":"SKIP","floor":12},{"not_picked":["Cloak And Dagger","Dagger Throw","Dagger Spray"],"picked":"SKIP","floor":12},{"not_picked":["Cloak And Dagger","Dagger Spray"],"picked":"Heel Hook","floor":14},{"not_picked":["Grand Finale","Bullet Time"],"picked":"Envenom","floor":16},{"not_picked":["Leg Sweep","Sucker Punch+1"],"picked":"Calculated Gamble","floor":18},{"not_picked":["Poisoned Stab","Cloak And Dagger","Dash"],"picked":"SKIP","floor":19}],"player_experience":601545,"potions_floor_usage":[12,16],"damage_taken":[{"damage":7,"enemies":"Jaw Worm","floor":1,"turns":5},{"damage":0,"enemies":"2 Louse","floor":3,"turns":2},{"damage":0,"enemies":"Cultist","floor":5,"turns":3},{"damage":10,"enemies":"Exordium Wildlife","floor":7,"turns":2},{"damage":12,"floor":10,"turns":4},{"damage":8,"enemies":"3 Louse","floor":11,"turns":4},{"damage":0,"enemies":"Exordium Thugs","floor":12,"turns":3},{"damage":0,"enemies":"Looter","floor":14,"turns":1},{"damage":3,"enemies":"Slime Boss","floor":16,"turns":8},{"damage":1,"enemies":"Shell Parasite","floor":18,"turns":2},{"damage":0,"enemies":"Spheric Guardian","floor":19,"turns":1},{"damage":57,"enemies":"Gremlin Leader","floor":23,"turns":4}],"relics_obtained":[{"floor":9,"key":"Girya"},{"floor":10,"key":"Odd Mushroom"}],"event_choices":[{"event_name":"Scrap Ooze","player_choice":"success","floor":2,"damage_taken":18},{"event_name":"Golden Idol","player_choice":"Take Damage","floor":4,"damage_taken":0},{"event_name":"Mushrooms","player_choice":"Fought Mushrooms","floor":10,"damage_taken":0},{"event_name":"Purifier","player_choice":"One Purge","floor":20,"damage_taken":0},{"event_name":"Addict","player_choice":"Obtained Relic","floor":21,"damage_taken":0}],"boss_relics":[{"not_picked":["Eternal Feather","Cursed Key"],"picked":"Astrolabe"}],"items_purged_floors":[22],"potions_floor_spawned":[3,5,12,18,19],"seed_played":"850861205360873462","killed_by":"Gremlin Leader","ascension_level":13,"potions_obtained":[{"floor":3,"key":"Block Potion"},{"floor":5,"key":"Swift Potion"},{"floor":12,"key":"LiquidBronze"},{"floor":18,"key":"Ancient Potion"}],"is_trial":false}