{"gold_per_floor":[109,109,128,148,165,165,195,206,231,266,47,47,61,71,71,148,148,162,172,172,10,10,10,10,10,10,38,38,57,71,71,71,148,148,158,170,170,183,201,201,234,234,234,267,51,51,61,86,86,86,86,86,86,86,112,112],"floor_reached":57,"playtime":3632,"items_purged":["Force Field"],"score":2744,"play_id":"48a285fb-b937-448e-9e45-afcae3595bca","local_time":"20190614150811","is_ascension_mode":true,"campfire_choices":[{"data":"Double Energy","floor":6.0,"key":"SMITH"},{"floor":12.0,"key":"REST"},{"data":"Calculated Gamble","floor":15.0,"key":"SMITH"},{"data":"Ghostly","floor":23.0,"key":"SMITH"},{"data":"Coolheaded","floor":25.0,"key":"SMITH"},{"data":"Madness","floor":28.0,"key":"SMITH"},{"data":"Ghostly","floor":32.0,"key":"SMITH"},{"data":"Pommel Strike","floor":40.0,"key":"SMITH"},{"floor":46.0,"key":"REST"},{"floor":49.0,"key":"RECALL"},{"data":"After Image","floor":53.0,"key":"SMITH"}],"neow_cost":"NONE","seed_source_timestamp":0,"circlet_count":0,"master_deck":["AscendersBane","Zap","Dualcast+1","Recycle","Defragment","Seek","Core Surge","Recycle+1","Tempest","Tempest","Double Energy+1","Reinforced Body","Conserve Battery","Coolheaded+1","Turbo","Calculated Gamble+1","Malaise","Finesse","Meteor Strike","Ghostly+1","Ghostly","Ghostly+1","Madness+1","Feed","Pommel Strike+1","Deep Breath","Adrenaline","After Image+1"],"special_seed":0,"relics":["Pandora\u0027s Box","Strawberry","Ancient Tea Set","Centennial Puzzle","PrismaticShard","Black Star","Regal Pillow","Emotion Chip","Philosopher\u0027s Stone","Ornamental Fan","Bag of Marbles","Lantern","Blue Candle","Symbiotic Virus","Juzu Bracelet","Chemical X","Kunai","Darkstone Periapt","Art of War","Pantograph"],"potions_floor_usage":[],"damage_taken":[{"damage":10.0,"enemies":"Small Slimes","floor":1.0,"turns":3.0},{"damage":7.0,"enemies":"Jaw Worm","floor":3.0,"turns":3.0},{"damage":0.0,"enemies":"2 Louse","floor":4.0,"turns":1.0},{"damage":19.0,"enemies":"Blue Slaver","floor":5.0,"turns":3.0},{"damage":0.0,"enemies":"Lagavulin","floor":7.0,"turns":5.0},{"damage":4.0,"enemies":"Large Slime","floor":8.0,"turns":6.0},{"damage":8.0,"enemies":"Gremlin Nob","floor":10.0,"turns":3.0},{"damage":3.0,"enemies":"Exordium Thugs","floor":13.0,"turns":3.0},{"damage":0.0,"enemies":"Looter","floor":14.0,"turns":3.0},{"damage":14.0,"enemies":"The Guardian","floor":16.0,"turns":16.0},{"damage":1.0,"enemies":"3 Byrds","floor":18.0,"turns":4.0},{"damage":8.0,"enemies":"Chosen","floor":19.0,"turns":4.0},{"damage":11.0,"enemies":"Slavers","floor":27.0,"turns":6.0},{"damage":2.0,"enemies":"Shelled Parasite and Fungi","floor":29.0,"turns":3.0},{"damage":1.0,"enemies":"Centurion and Healer","floor":30.0,"turns":4.0},{"damage":21.0,"enemies":"Collector","floor":33.0,"turns":11.0},{"damage":5.0,"enemies":"3 Darklings","floor":35.0,"turns":4.0},{"damage":1.0,"enemies":"Orb Walker","floor":36.0,"turns":2.0},{"damage":1.0,"enemies":"Maw","floor":38.0,"turns":8.0},{"damage":13.0,"enemies":"3 Darklings","floor":39.0,"turns":5.0},{"damage":1.0,"enemies":"Giant Head","floor":41.0,"turns":5.0},{"damage":10.0,"enemies":"Reptomancer","floor":44.0,"turns":5.0},{"damage":0.0,"enemies":"Sphere and 2 Shapes","floor":47.0,"turns":1.0},{"damage":7.0,"enemies":"Nemesis","floor":48.0,"turns":5.0},{"damage":4.0,"enemies":"Awakened One","floor":50.0,"turns":11.0},{"damage":19.0,"enemies":"Time Eater","floor":51.0,"turns":20.0},{"damage":11.0,"enemies":"Shield and Spear","floor":55.0,"turns":6.0},{"damage":22,"enemies":"The Heart","floor":56,"turns":11}],"seed_played":"-3785144118472290787","potions_obtained":[{"floor":4.0,"key":"SteroidPotion"},{"floor":5.0,"key":"Energy Potion"},{"floor":8.0,"key":"Explosive Potion"},{"floor":14.0,"key":"Dexterity Potion"},{"floor":16.0,"key":"GamblersBrew"},{"floor":35.0,"key":"FearPotion"},{"floor":36.0,"key":"GamblersBrew"},{"floor":39.0,"key":"Swift Potion"},{"floor":41.0,"key":"Strength Potion"}],"is_trial":false,"path_per_floor":["M","?","M","M","M","R","E","M","T","E","$","R","M","M","R","B",null,"M","M","?","$","?","R","?","R","T","E","R","M","M","?","R","B",null,"M","M","?","M","M","R","E","?","T","E","$","R","M","E","R","B","B",null,"R","$","E","B",null],"character_chosen":"DEFECT","items_purchased":["PrismaticShard","Meteor Strike","Chemical X"],"campfire_rested":2,"item_purchase_floors":[11,21,45],"current_hp_per_floor":[54,33,26,26,7,7,14,10,10,2,2,25,22,22,22,8,61,60,52,52,52,39,39,39,39,39,28,28,26,25,25,25,4,30,28,27,27,26,13,13,15,15,15,5,5,33,33,26,26,25,6,38,38,38,27,26],"gold":112,"neow_bonus":"BOSS_RELIC","is_prod":false,"is_daily":false,"chose_seed":false,"campfire_upgraded":8,"win_rate":0,"timestamp":1560492491,"path_taken":["M","?","M","M","M","R","E","M","T","E","$","R","M","M","R","BOSS","M","M","?","$","?","R","?","R","T","E","R","M","M","?","R","BOSS","M","M","?","M","M","R","E","?","T","E","$","R","M","E","R","BOSS","BOSS","R","$","E","BOSS"],"build_version":"2019-01-23","purchased_purges":1,"victory":true,"max_hp_per_floor":[71,71,71,71,71,71,78,78,78,78,78,78,78,78,78,78,78,78,78,78,78,39,39,39,39,39,39,39,39,39,39,39,39,39,42,42,42,42,42,42,45,45,45,45,45,45,45,45,45,48,48,48,48,48,48,48],"card_choices":[{"not_picked":["Turbo","Cold Snap"],"picked":"Double Energy","floor":1.0},{"not_picked":["Redo","Melter","Aggregate"],"picked":"SKIP","floor":3.0},{"not_picked":["Leap","Reprogram"],"picked":"Reinforced Body","floor":4.0},{"not_picked":["Gash","Thunder Strike"],"picked":"Conserve Battery","floor":5.0},{"not_picked":["Sweeping Beam","Barrage"],"picked":"Coolheaded","floor":7.0},{"not_picked":["Cold Snap","Ball Lightning"],"picked":"Turbo","floor":8.0},{"not_picked":["Conserve Battery","Capacitor"],"picked":"Auto Shields","floor":10.0},{"not_picked":["Wild Strike","Warcry"],"picked":"Calculated Gamble","floor":13.0},{"not_picked":["Bane","Madness","Beam Cell"],"picked":"SKIP","floor":14.0},{"not_picked":["Bullet Time","Fiend Fire"],"picked":"Malaise","floor":16.0},{"not_picked":["Sucker Punch","Flex"],"picked":"Finesse","floor":18.0},{"not_picked":["Heavy Blade+1","Barrage","Flying Knee"],"picked":"SKIP","floor":19.0},{"not_picked":["Deep Breath","Reinforced Body"],"picked":"Madness","floor":27.0},{"not_picked":["Havoc","Carnage","Conserve Battery"],"picked":"SKIP","floor":29.0},{"not_picked":["Barrage","Underhanded Strike"],"picked":"Feed","floor":30.0},{"not_picked":["Spot Weakness","Panacea+1","Blind"],"picked":"SKIP","floor":35.0},{"not_picked":["Ball Lightning","Spot Weakness+1","Go for the Eyes"],"picked":"SKIP","floor":36.0},{"not_picked":["Gash","Shrug It Off"],"picked":"Pommel Strike","floor":38.0},{"not_picked":["Leap+1","Cold Snap"],"picked":"Deep Breath","floor":39.0},{"not_picked":["Thunderclap","Impatience+1","Sweeping Beam+1"],"picked":"SKIP","floor":41.0},{"not_picked":["Jack Of All Trades","Perfected Strike"],"picked":"Adrenaline","floor":44.0},{"not_picked":["Dagger Throw+1","Heavy Blade+1","Pummel"],"picked":"SKIP","floor":47.0},{"not_picked":["Escape Plan","Dagger Throw"],"picked":"After Image","floor":48.0},{"not_picked":["Steam+1","Bloodletting+1","Headbutt"],"picked":"SKIP","floor":55.0}],"player_experience":590496,"relics_obtained":[{"floor":7.0,"key":"Strawberry"},{"floor":9.0,"key":"Ancient Tea Set"},{"floor":10.0,"key":"Centennial Puzzle"},{"floor":27.0,"key":"Regal Pillow"},{"floor":27.0,"key":"Emotion Chip"},{"floor":41.0,"key":"Ornamental Fan"},{"floor":41.0,"key":"Bag of Marbles"},{"floor":43.0,"key":"Blue Candle"},{"floor":44.0,"key":"Symbiotic Virus"},{"floor":44.0,"key":"Juzu Bracelet"},{"floor":48.0,"key":"Kunai"},{"floor":48.0,"key":"Darkstone Periapt"},{"floor":55.0,"key":"Art of War"},{"floor":55.0,"key":"Pantograph"}],"event_choices":[{"damage_healed":0.0,"max_hp_gain":0.0,"max_hp_loss":0.0,"gold_gain":0.0,"event_name":"Shining Light","player_choice":"Entered Light","floor":2.0,"gold_loss":0.0,"damage_taken":21.0,"cards_upgraded":["Dualcast","Recycle"]},{"damage_healed":0.0,"max_hp_gain":0.0,"max_hp_loss":39.0,"gold_gain":0.0,"event_name":"Ghosts","player_choice":"Became a Ghost","floor":22.0,"gold_loss":0.0,"damage_taken":0.0,"cards_obtained":["Ghostly","Ghostly","Ghostly"]},{"damage_healed":0.0,"max_hp_gain":0.0,"max_hp_loss":0.0,"gold_gain":0.0,"event_name":"Beggar","player_choice":"Ignored","floor":24.0,"gold_loss":0.0,"damage_taken":0.0},{"cards_removed":["Auto Shields"],"damage_healed":0.0,"max_hp_gain":0.0,"max_hp_loss":0.0,"gold_gain":0.0,"event_name":"Back to Basics","player_choice":"Elegance","floor":31.0,"gold_loss":0.0,"damage_taken":0.0},{"damage_healed":0.0,"max_hp_gain":0.0,"max_hp_loss":0.0,"gold_gain":0.0,"event_name":"SensoryStone","player_choice":"Memory 1","floor":37.0,"gold_loss":0.0,"damage_taken":0.0},{"damage_healed":0.0,"max_hp_gain":0.0,"max_hp_loss":0.0,"gold_gain":0.0,"event_name":"WeMeetAgain","player_choice":"Gave Potion","floor":42.0,"gold_loss":0.0,"damage_taken":0.0,"relics_obtained":["Lantern"]}],"is_beta":false,"boss_relics":[{"not_picked":["Runic Dome","Fusion Hammer"],"picked":"Black Star"},{"not_picked":["Snecko Eye","Inserter"],"picked":"Philosopher\u0027s Stone"}],"items_purged_floors":[21],"is_endless":false,"potions_floor_spawned":[4,5,8,14,16,27,35,36,39,41],"ascension_level":20}