{"path_per_floor":["M","M","$","?","M","R","M","?","T","M","$","?","R","M","R","B",null,"M","M","M","?","$","E","$","?","T","E","T","$","T","?","R","B",null,"M","?","M","?","?","E","M","?","T","E","R","T","M","M","R","B"],"character_chosen":"IRONCLAD","items_purchased":["Deep Breath","True Grit","Apotheosis","Pommel Strike","Toxic Egg 2","Shrug It Off"],"gold_per_floor":[114,129,13,13,32,32,51,226,301,320,54,54,54,73,73,198,198,217,236,255,255,5,73,73,73,73,111,136,88,113,113,113,238,238,257,590,605,605,622,652,667,667,667,697,697,697,712,727,727,727],"floor_reached":51,"campfire_rested":2,"playtime":1911,"current_hp_per_floor":[77,77,77,83,83,83,77,83,89,88,88,88,88,88,88,82,104,99,99,92,92,92,83,83,83,89,89,95,95,101,101,101,94,135,121,121,120,120,135,112,101,84,90,54,96,102,82,82,126,131],"items_purged":[],"gold":727,"score":1086,"play_id":"1a87f057-9326-4e3d-8877-66d1085c5895","local_time":"20180324104300","daily_mods":["Allstar","Cursed Run","Insanity"],"is_prod":false,"is_daily":true,"is_ascension_mode":false,"campfire_upgraded":4,"timestamp":1521859380,"path_taken":["M","M","$","?","M","R","?","?","T","?","$","?","R","M","R","BOSS","M","M","M","?","$","E","?","?","T","E","?","$","?","?","R","BOSS","M","?","M","?","?","E","M","?","T","E","R","?","M","M","R","BOSS"],"build_version":"2018-03-22v2","purchased_purges":0,"victory":true,"master_deck":["Impervious","Power Through","Warcry","Warcry","Flame Barrier","Sever Soul","Headbutt","Shrug It Off","Flame Barrier","Impervious","Entrench","Pommel Strike","Clash","Strike_R","Sentinel","Rampage","Corruption","Infernal Blade","Clothesline","Seeing Red+1","Twin Strike","Second Wind","Iron Wave","Bash","Disarm","Flame Barrier","Sever Soul","Uppercut","Bloodletting","Dual Wield","Searing Blow","Shockwave","Headbutt","Double Tap","Wild Strike","Headbutt","Rage","Armaments","Shockwave","Anger","Sever Soul","Flex","Power Through","Corruption+1","Rampage","Bludgeon+1","Headbutt","Uppercut","True Grit","Blind","Transmutation+1","Sever Soul","Perfected Strike","Deep Breath","True Grit","Injury","Headbutt","Pommel Strike","Doubt","Regret","Havoc+1","Apotheosis+1","Pommel Strike","Feel No Pain","Writhe","Reaper","Armaments+1","Perfected Strike","Fire Breathing+1","Perfected Strike","Pommel Strike+1","Injury","Flex+1","Doubt","Shrug It Off+1","Pain","Regret","Demon Form","Feel No Pain+1","Second Wind+1","Warcry+1","Entrench+1","Dual Wield+1","Madness+1","Madness+1","Parasite","Doubt","Sentinel+1","Twin Strike","Decay"],"max_hp_per_floor":[80,80,80,86,86,86,86,92,98,98,98,98,98,98,98,104,104,104,104,104,104,104,104,104,104,110,117,123,123,129,129,129,135,135,135,135,135,135,135,135,135,135,141,143,143,149,149,149,149,155],"relics":["Cursed Key","Darkstone Periapt","Du-Vu Doll","Letter Opener","Philosopher\u0027s Stone","Toxic Egg 2","Tiny Chest","War Paint","Strawberry","Orichalcum","Juzu Bracelet","Black Star","Gambling Chip","Oddly Smooth Stone","Singing Bowl","Thread and Needle","Ornamental Fan","Bottled Tornado","Calipers"],"card_choices":[{"not_picked":["Whirlwind","Rupture"],"picked":"Sever Soul","floor":1},{"not_picked":["Havoc","Sword Boomerang"],"picked":"Perfected Strike","floor":2},{"not_picked":["Anger","Juggernaut"],"picked":"Headbutt","floor":5},{"not_picked":["Warcry","Thunderclap"],"picked":"Pommel Strike","floor":7},{"not_picked":["Inflame","Blood for Blood"],"picked":"Havoc","floor":10},{"not_picked":["Blood for Blood","Disarm"],"picked":"Feel No Pain","floor":14},{"not_picked":["Exhume","Juggernaut"],"picked":"Reaper","floor":16},{"not_picked":["Iron Wave","Hemokinesis"],"picked":"Armaments","floor":18},{"not_picked":["Anger","Infernal Blade"],"picked":"Perfected Strike","floor":19},{"not_picked":["Blood for Blood","Searing Blow"],"picked":"Fire Breathing","floor":20},{"not_picked":["Shrug It Off","Perfected Strike"],"picked":"Pommel Strike","floor":23},{"not_picked":["Armaments","Body Slam"],"picked":"Flex","floor":27},{"not_picked":["Bludgeon","Limit Break"],"picked":"Demon Form","floor":33},{"not_picked":["Flex","Heavy Blade"],"picked":"Feel No Pain","floor":35},{"not_picked":["Rupture","Body Slam"],"picked":"Second Wind","floor":37},{"not_picked":["Hemokinesis","Armaments"],"picked":"Warcry","floor":39},{"not_picked":["Thunderclap","Clash"],"picked":"Entrench","floor":40},{"not_picked":["Hemokinesis","Uppercut"],"picked":"Dual Wield","floor":41},{"not_picked":["Dual Wield","Iron Wave"],"picked":"Sentinel","floor":47},{"not_picked":["Shockwave","Body Slam"],"picked":"Twin Strike","floor":48}],"player_experience":309353,"potions_floor_usage":[23,33,37,41,41,44,50],"damage_taken":[{"damage":3,"enemies":"Jaw Worm","floor":1,"turns":2},{"damage":0,"enemies":"2 Louse","floor":2,"turns":2},{"damage":0,"enemies":"Small Slimes","floor":5,"turns":2},{"damage":6,"enemies":"Gremlin Gang","floor":7,"turns":2},{"damage":1,"enemies":"3 Louse","floor":10,"turns":3},{"damage":0,"enemies":"Exordium Wildlife","floor":14,"turns":2},{"damage":12,"enemies":"The Guardian","floor":16,"turns":4},{"damage":5,"enemies":"2 Thieves","floor":18,"turns":2},{"damage":0,"enemies":"Spheric Guardian","floor":19,"turns":2},{"damage":7,"enemies":"Slaver and Parasite","floor":20,"turns":5},{"damage":12,"enemies":"Book of Stabbing","floor":23,"turns":3},{"damage":7,"enemies":"Slavers","floor":27,"turns":3},{"damage":27,"enemies":"Champ","floor":33,"turns":9},{"damage":19,"enemies":"3 Shapes","floor":35,"turns":4},{"damage":1,"enemies":"3 Darklings","floor":37,"turns":3},{"damage":11,"enemies":"…Ò√ÿ‘≤«Ú","floor":39,"turns":5},{"damage":23,"enemies":"2 Orb Walkers","floor":40,"turns":4},{"damage":20,"enemies":"Maw","floor":41,"turns":8},{"damage":38,"enemies":"Giant Head","floor":44,"turns":7},{"damage":26,"enemies":"Sphere and 2 Shapes","floor":47,"turns":3},{"damage":0,"enemies":"3 Darklings","floor":48,"turns":3},{"damage":1,"enemies":"Time Eater","floor":50,"turns":9}],"event_choices":[{"event_name":"Golden Idol","player_choice":"Take Wound","floor":4,"damage_taken":0},{"event_name":"Liars Game","player_choice":"agreed","floor":8,"damage_taken":0},{"event_name":"Purifier","player_choice":"One Purge","floor":12,"damage_taken":0},{"event_name":"The Library","player_choice":"Read","floor":21,"damage_taken":0},{"event_name":"The Lab","player_choice":"Got Potions","floor":25,"damage_taken":0},{"event_name":"Vampires","player_choice":"Ignored","floor":31,"damage_taken":0},{"event_name":"The Moai Head","player_choice":"Gave Idol","floor":36,"damage_taken":0},{"event_name":"Accursed Blacksmith","player_choice":"Forge","floor":38,"damage_taken":0},{"event_name":"Mysterious Sphere","player_choice":"Fight","floor":39,"damage_taken":0},{"event_name":"Winding Halls","player_choice":"Embrace Madness","floor":42,"damage_taken":0}],"boss_relics":[{"not_picked":["Snecko Eye","Runic Cube"],"picked":"Philosopher\u0027s Stone"},{"not_picked":["Runic Pyramid","Sozu"],"picked":"Black Star"}],"potions_floor_spawned":[2,5,16,19,23,27,33,37,41,48],"seed_played":"-8935585720801490496","ascension_level":0,"is_trial":false}