{"gold_per_floor":[14,33,46,57,57,57,92,107,130,170,201,213,239,261,273,357,369,394,418,430,456,468,480],"floor_reached":23,"playtime":2008,"items_purged":[],"score":387,"play_id":"a75856cb-9573-40df-af86-432582464b47","local_time":"20190804193524","is_ascension_mode":true,"campfire_choices":[{"data":"Fiend Fire","floor":6.0,"key":"SMITH"},{"data":"Spot Weakness","floor":15.0,"key":"SMITH"}],"neow_cost":"NO_GOLD","seed_source_timestamp":15075007311780,"circlet_count":0,"master_deck":["AscendersBane","Strike_R","Strike_R","Strike_R","Strike_R","Strike_R","Defend_R","Defend_R","Defend_R","Defend_R","Bash","Headbutt","Metallicize","Spot Weakness+1","Fiend Fire+1","Heavy Blade","Ghostly Armor","Reaper","Shrug It Off","Feed","Power Through+1","Disarm","Decay"],"special_seed":0,"relics":["Burning Blood","Pen Nib","MawBank","Blood Vial","Black Star"],"potions_floor_usage":[],"damage_taken":[{"damage":7.0,"enemies":"2 Louse","floor":1.0,"turns":4.0},{"damage":7.0,"enemies":"Small Slimes","floor":2.0,"turns":3.0},{"damage":8.0,"enemies":"Jaw Worm","floor":3.0,"turns":4.0},{"damage":0.0,"enemies":"Large Slime","floor":4.0,"turns":5.0},{"damage":36.0,"enemies":"Gremlin Nob","floor":7.0,"turns":5.0},{"damage":13.0,"enemies":"Blue Slaver","floor":8.0,"turns":3.0},{"damage":21.0,"enemies":"3 Sentries","floor":10.0,"turns":6.0},{"damage":5.0,"enemies":"2 Fungi Beasts","floor":11.0,"turns":4.0},{"damage":0.0,"enemies":"Red Slaver","floor":13.0,"turns":1.0},{"damage":29.0,"enemies":"Gremlin Gang","floor":14.0,"turns":6.0},{"damage":25.0,"enemies":"Hexaghost","floor":16.0,"turns":9.0},{"damage":7.0,"enemies":"Chosen","floor":18.0,"turns":3.0},{"damage":39.0,"enemies":"Spheric Guardian","floor":19.0,"turns":7.0},{"damage":43.0,"enemies":"Shelled Parasite and Fungi","floor":21.0,"turns":9.0},{"damage":35,"enemies":"Gremlin Leader","floor":23,"turns":5}],"seed_played":"-6522456116663080738","potions_obtained":[{"floor":3.0,"key":"SkillPotion"},{"floor":4.0,"key":"SteroidPotion"},{"floor":8.0,"key":"Fire Potion"},{"floor":10.0,"key":"FearPotion"},{"floor":13.0,"key":"EntropicBrew"},{"floor":18.0,"key":"PowerPotion"}],"is_trial":false,"path_per_floor":["M","M","M","M","?","R","E","M","T","E","M","?","M","M","R","B",null,"M","M","?","M","?","E"],"character_chosen":"IRONCLAD","items_purchased":[],"campfire_rested":0,"item_purchase_floors":[],"current_hp_per_floor":[81,80,78,84,89,89,59,52,52,37,40,40,48,42,42,25,77,78,50,50,18,18,0],"gold":480,"neow_bonus":"TWENTY_PERCENT_HP_BONUS","is_prod":false,"is_daily":false,"chose_seed":false,"campfire_upgraded":2,"win_rate":0,"timestamp":1564961724,"path_taken":["M","M","M","M","?","R","E","M","T","E","M","?","M","M","R","BOSS","M","M","?","M","?","E"],"build_version":"2019-07-17","purchased_purges":0,"victory":false,"max_hp_per_floor":[89,89,89,89,94,94,94,94,94,94,94,94,94,94,94,94,94,94,97,97,100,100,100],"card_choices":[{"not_picked":["Bloodletting","Reckless Charge"],"picked":"Headbutt","floor":1.0},{"not_picked":["Rage","Fire Breathing"],"picked":"Metallicize","floor":2.0},{"not_picked":["Wild Strike","Hemokinesis"],"picked":"Spot Weakness","floor":3.0},{"not_picked":["Sword Boomerang","Body Slam"],"picked":"Fiend Fire","floor":4.0},{"not_picked":["Clash","Wild Strike","Armaments"],"picked":"SKIP","floor":7.0},{"not_picked":["Twin Strike","Perfected Strike","Armaments"],"picked":"SKIP","floor":8.0},{"not_picked":["Havoc","Reckless Charge"],"picked":"Heavy Blade","floor":10.0},{"not_picked":["Twin Strike","Havoc"],"picked":"Ghostly Armor","floor":11.0},{"not_picked":["Havoc","Iron Wave"],"picked":"Reaper","floor":13.0},{"not_picked":["Sever Soul","Wild Strike"],"picked":"Shrug It Off","floor":14.0},{"not_picked":["Berserk","Juggernaut"],"picked":"Feed","floor":16.0},{"not_picked":["True Grit","Headbutt+1"],"picked":"Power Through+1","floor":18.0},{"not_picked":["Second Wind+1","Twin Strike"],"picked":"Disarm","floor":19.0},{"not_picked":["Wild Strike","Clothesline","Heavy Blade"],"picked":"SKIP","floor":21.0}],"player_experience":471119,"relics_obtained":[{"floor":7.0,"key":"Pen Nib"},{"floor":9.0,"key":"MawBank"},{"floor":10.0,"key":"Blood Vial"}],"event_choices":[{"damage_healed":0.0,"max_hp_gain":5.0,"max_hp_loss":0.0,"gold_gain":0.0,"event_name":"Big Fish","player_choice":"Donut","floor":5.0,"gold_loss":0.0,"damage_taken":0.0},{"damage_healed":0.0,"max_hp_gain":0.0,"max_hp_loss":0.0,"gold_gain":0.0,"event_name":"Liars Game","player_choice":"Ignored","floor":12.0,"gold_loss":0.0,"damage_taken":0.0},{"damage_healed":0.0,"max_hp_gain":0.0,"max_hp_loss":0.0,"gold_gain":0.0,"event_name":"The Mausoleum","player_choice":"Ignored","floor":20.0,"gold_loss":0.0,"damage_taken":0.0},{"damage_healed":0.0,"max_hp_gain":0.0,"max_hp_loss":0.0,"gold_gain":0.0,"event_name":"Forgotten Altar","player_choice":"Smashed Altar","floor":22.0,"gold_loss":0.0,"damage_taken":0.0,"cards_obtained":["Decay"]}],"is_beta":false,"boss_relics":[{"not_picked":["Orrery","White Beast Statue"],"picked":"Black Star"}],"items_purged_floors":[],"is_endless":false,"potions_floor_spawned":[3,4,8,10,13,14,18,21],"killed_by":"Gremlin Leader","ascension_level":15}