{"gold_per_floor":[359,372,165,180,191,191,210,210,257,257],"floor_reached":10,"playtime":342,"items_purged":["Strike_G"],"score":120,"play_id":"3d86ea8d-0242-4163-a401-6a08b645f171","local_time":"20190716235740","is_ascension_mode":true,"campfire_choices":[{"data":"Tactician","floor":6.0,"key":"SMITH"}],"neow_cost":"PERCENT_DAMAGE","seed_source_timestamp":164945765439800,"circlet_count":0,"master_deck":["AscendersBane","Strike_G","Strike_G","Strike_G","Defend_G","Defend_G","Defend_G","Defend_G","Defend_G","Survivor","Neutralize","Tactician+1","Backflip","Acrobatics","Caltrops","Deadly Poison"],"special_seed":0,"relics":["Ring of the Snake","Ancient Tea Set"],"potions_floor_usage":[10],"damage_taken":[{"damage":2.0,"enemies":"Cultist","floor":1.0,"turns":5.0},{"damage":2.0,"enemies":"Small Slimes","floor":2.0,"turns":5.0},{"damage":7.0,"enemies":"Jaw Worm","floor":4.0,"turns":5.0},{"damage":8.0,"enemies":"Exordium Thugs","floor":5.0,"turns":11.0},{"damage":3.0,"enemies":"Exordium Wildlife","floor":7.0,"turns":6.0},{"damage":32,"enemies":"Gremlin Nob","floor":10,"turns":3}],"seed_played":"6073404363687238451","potions_obtained":[{"floor":1.0,"key":"SpeedPotion"},{"floor":2.0,"key":"Swift Potion"},{"floor":4.0,"key":"Fire Potion"}],"is_trial":false,"path_per_floor":["M","M","$","M","M","R","M","?","T","E"],"character_chosen":"THE_SILENT","items_purchased":["Acrobatics","Caltrops"],"campfire_rested":0,"item_purchase_floors":[3,3],"current_hp_per_floor":[42,40,40,33,25,25,22,22,22,0],"gold":257,"neow_bonus":"TWO_FIFTY_GOLD","is_prod":false,"is_daily":false,"chose_seed":false,"campfire_upgraded":1,"win_rate":0,"timestamp":1563292660,"path_taken":["M","?","$","M","M","R","M","?","T","E"],"build_version":"2019-07-05","purchased_purges":1,"victory":false,"max_hp_per_floor":[66,66,66,66,66,66,66,66,66,66],"card_choices":[{"not_picked":["Backflip","Dash"],"picked":"Tactician","floor":1.0},{"not_picked":["Cloak And Dagger","Masterful Stab"],"picked":"Backflip","floor":2.0},{"not_picked":["PiercingWail","Distraction","Deflect"],"picked":"SKIP","floor":4.0},{"not_picked":["Reflex","Concentrate","Bane"],"picked":"SKIP","floor":5.0},{"not_picked":["Cloak And Dagger","Dagger Throw"],"picked":"Deadly Poison","floor":7.0}],"player_experience":656889,"relics_obtained":[{"floor":9.0,"key":"Ancient Tea Set"}],"event_choices":[{"cards_removed":["Strike_G"],"damage_healed":0.0,"max_hp_gain":0.0,"max_hp_loss":0.0,"gold_gain":0.0,"event_name":"Bonfire Elementals","player_choice":"Offered Basic","floor":8.0,"gold_loss":0.0,"damage_taken":0.0}],"is_beta":false,"boss_relics":[],"items_purged_floors":[3],"is_endless":false,"potions_floor_spawned":[1,2,4],"killed_by":"Gremlin Nob","ascension_level":20}