{"gold_per_floor":[114,39,39,39,114,114,34,70,143,178,202,223,258,258,258,258],"floor_reached":16,"playtime":307,"items_purged":[],"score":332,"play_id":"5947990b-b16d-4db0-90f9-9031e24cd331","local_time":"20181120232203","is_ascension_mode":true,"campfire_choices":[{"data":"Flechettes","floor":6,"key":"SMITH"},{"data":"Acrobatics","floor":15,"key":"SMITH"}],"neow_cost":"NONE","seed_source_timestamp":16505155790118,"circlet_count":0,"master_deck":["AscendersBane","Defend_G","Defend_G","Defend_G","Defend_G","Defend_G","Strike_G","Strike_G","Strike_G+1","Strike_G","Survivor","Neutralize+1","Flechettes+1","Footwork","Acrobatics+1","Backflip","Tactician+1"],"relics":["Ring of the Snake","NeowsBlessing","Golden Idol","Whetstone","Matryoshka","Bronze Scales","Dream Catcher"],"potions_floor_usage":[16],"damage_taken":[{"damage":0,"enemies":"Cultist","floor":1,"turns":1},{"damage":0,"enemies":"3 Sentries","floor":8,"turns":1},{"damage":0,"enemies":"Gremlin Nob","floor":10,"turns":1},{"damage":1,"enemies":"Jaw Worm","floor":11,"turns":2},{"damage":0,"enemies":"2 Louse","floor":12,"turns":3},{"damage":21,"enemies":"Lagavulin","floor":13,"turns":6},{"damage":31,"enemies":"Hexaghost","floor":16,"turns":11}],"seed_played":"3974966255505991885","potions_obtained":[{"floor":1,"key":"Weak Potion"},{"floor":13,"key":"Block Potion"}],"is_trial":false,"path_per_floor":["M","?","?","?","?","R","$","E","T","E","M","M","E","?","R","B"],"character_chosen":"THE_SILENT","items_purchased":["Footwork"],"campfire_rested":0,"item_purchase_floors":[7],"current_hp_per_floor":[59,59,59,59,48,48,48,48,48,48,47,47,26,26,26,0],"gold":258,"neow_bonus":"THREE_ENEMY_KILL","is_prod":false,"is_daily":false,"chose_seed":false,"campfire_upgraded":2,"win_rate":0,"timestamp":1542727323,"path_taken":["M","?","?","?","?","R","$","E","T","E","?","?","E","?","R","BOSS"],"build_version":"2018-11-15","purchased_purges":0,"victory":false,"max_hp_per_floor":[66,66,66,60,60,60,60,60,60,60,60,60,60,60,60,60],"card_choices":[{"not_picked":["Quick Slash","Cloak And Dagger"],"picked":"Flechettes","floor":1},{"not_picked":["Backflip","Escape Plan"],"picked":"Acrobatics","floor":8},{"not_picked":["Outmaneuver","Escape Plan"],"picked":"Backflip","floor":10},{"not_picked":["Dagger Spray","Backstab","Sucker Punch"],"picked":"SKIP","floor":11},{"not_picked":["Dodge and Roll","PiercingWail"],"picked":"Tactician","floor":12},{"not_picked":["Sucker Punch","Blade Dance","Dodge and Roll"],"picked":"SKIP","floor":13}],"player_experience":1127345,"relics_obtained":[{"floor":8,"key":"Whetstone"},{"floor":9,"key":"Matryoshka"},{"floor":10,"key":"Bronze Scales"},{"floor":13,"key":"Dream Catcher"}],"event_choices":[{"cards_removed":["Strike_G"],"damage_healed":0,"gold_gain":0,"player_choice":"Card Removal","damage_taken":0,"max_hp_gain":0,"max_hp_loss":0,"event_name":"The Cleric","floor":2,"gold_loss":75},{"damage_healed":0,"gold_gain":0,"player_choice":"Ignored","damage_taken":0,"max_hp_gain":0,"max_hp_loss":0,"event_name":"Liars Game","floor":3,"gold_loss":0},{"damage_healed":0,"gold_gain":0,"player_choice":"Lose Max HP","damage_taken":0,"relics_obtained":["Golden Idol"],"max_hp_gain":0,"max_hp_loss":6,"event_name":"Golden Idol","floor":4,"gold_loss":0},{"damage_healed":0,"gold_gain":75,"player_choice":"Gather Gold","damage_taken":11,"max_hp_gain":0,"max_hp_loss":0,"event_name":"World of Goop","floor":5,"gold_loss":0},{"damage_healed":0,"gold_gain":0,"player_choice":"Grow","damage_taken":0,"max_hp_gain":0,"max_hp_loss":0,"event_name":"Living Wall","floor":14,"gold_loss":0,"cards_upgraded":["Tactician"]}],"is_beta":true,"boss_relics":[],"items_purged_floors":[],"is_endless":false,"potions_floor_spawned":[1,13],"killed_by":"Hexaghost","ascension_level":20}