{"gold_per_floor":[110,35,47,47,47,82,82,98,98,98,132,132,132,132],"floor_reached":14,"playtime":152,"items_purged":["Strike_G"],"score":242,"play_id":"ccb06121-b737-4906-9498-8388aad0d194","local_time":"20190116223111","is_ascension_mode":true,"campfire_choices":[{"data":"Noxious Fumes","floor":7,"key":"SMITH"},{"data":"Neutralize","floor":10,"key":"SMITH"},{"data":"Acrobatics","floor":12,"key":"SMITH"}],"neow_cost":"NONE","seed_source_timestamp":41818240048045,"circlet_count":0,"master_deck":["AscendersBane","Defend_G","Defend_G","Defend_G","Defend_G","Defend_G","Strike_G","Strike_G","Strike_G","Strike_G","Survivor","Neutralize+1","Acrobatics+1","Noxious Fumes+1","Parasite"],"relics":["Ring of the Snake","NeowsBlessing","Golden Idol","Molten Egg 2","Smiling Mask","Letter Opener"],"potions_floor_usage":[11],"damage_taken":[{"damage":0,"enemies":"Small Slimes","floor":1,"turns":1},{"damage":0,"enemies":"2 Louse","floor":3,"turns":1},{"damage":0,"enemies":"3 Sentries","floor":6,"turns":1},{"damage":0,"enemies":"Jaw Worm","floor":8,"turns":5},{"damage":51,"enemies":"Gremlin Nob","floor":11,"turns":5},{"damage":0,"enemies":"3 Louse","floor":14,"turns":1}],"seed_played":"-1520486080268406049","potions_obtained":[{"floor":8,"key":"Explosive Potion"}],"is_trial":false,"path_per_floor":["M","$","M","?","?","E","R","M","T","R","E","R","?","M"],"character_chosen":"THE_SILENT","items_purchased":[],"campfire_rested":0,"item_purchase_floors":[],"current_hp_per_floor":[59,59,59,59,59,59,59,59,59,59,8,8,23,23],"gold":132,"neow_bonus":"THREE_ENEMY_KILL","is_prod":false,"is_daily":false,"chose_seed":false,"campfire_upgraded":3,"win_rate":0,"timestamp":1547649071,"path_taken":["M","$","M","?","?","E","R","M","T","R","E","R","?","?"],"build_version":"2019-01-10","purchased_purges":1,"victory":false,"max_hp_per_floor":[66,66,66,66,60,60,60,60,60,60,60,60,60,60],"card_choices":[{"not_picked":["Backflip","Dagger Spray"],"picked":"Acrobatics","floor":1},{"not_picked":["Distraction","Endless Agony","Prepared"],"picked":"SKIP","floor":3},{"not_picked":["Bane","Acrobatics"],"picked":"Noxious Fumes","floor":6},{"not_picked":["Slice+1","Envenom","Flying Knee+1"],"picked":"SKIP","floor":8},{"not_picked":["Bane+1","Underhanded Strike+1","Quick Slash+1"],"picked":"SKIP","floor":11}],"player_experience":1964382,"relics_obtained":[{"floor":6,"key":"Molten Egg 2"},{"floor":9,"key":"Smiling Mask"},{"floor":11,"key":"Letter Opener"}],"event_choices":[{"damage_healed":0,"gold_gain":0,"player_choice":"Ignored","damage_taken":0,"max_hp_gain":0,"max_hp_loss":0,"event_name":"Liars Game","floor":4,"gold_loss":0},{"damage_healed":0,"gold_gain":0,"player_choice":"Lose Max HP","damage_taken":0,"relics_obtained":["Golden Idol"],"max_hp_gain":0,"max_hp_loss":6,"event_name":"Golden Idol","floor":5,"gold_loss":0},{"damage_healed":15,"gold_gain":0,"player_choice":"Healed and dodged fight","damage_taken":0,"max_hp_gain":0,"max_hp_loss":0,"event_name":"Mushrooms","floor":13,"gold_loss":0,"cards_obtained":["Parasite"]}],"is_beta":false,"boss_relics":[],"items_purged_floors":[2],"is_endless":false,"potions_floor_spawned":[8],"killed_by":"3 Louse","ascension_level":20}