{"gold_per_floor":[19,19,19,31,106,106,106,106,132,132,147,162,195,31,31,130,130,145,161,161,161,177,177,177,220,243,243],"floor_reached":27,"playtime":526,"items_purged":["Strike_B"],"score":458,"play_id":"8f522bf1-71a9-428f-beb8-a471448c8677","local_time":"20190227000017","is_ascension_mode":true,"campfire_choices":[{"data":"Defragment","floor":6,"key":"SMITH"},{"data":"Zap","floor":8,"key":"SMITH"},{"floor":15,"key":"REST"},{"data":"Beam Cell","floor":23,"key":"SMITH"}],"neow_cost":"NO_GOLD","seed_source_timestamp":792193298649789,"circlet_count":0,"master_deck":["AscendersBane","Defend_B","Defend_B","Defend_B","Zap+1","Dualcast","Chaos","Thunder Strike","Beam Cell+1","Defragment+1","Glacier","Hologram","Electrodynamics","Tempest","Cold Snap+1","Compile Driver+1","Doom and Gloom","Aggregate","Ball Lightning+1","Coolheaded"],"relics":["Cracked Core","Golden Idol","Vajra","Incense Burner","Cables","Coffee Dripper","WingedGreaves","Bronze Scales"],"potions_floor_usage":[13],"damage_taken":[{"damage":6,"enemies":"2 Louse","floor":1,"turns":4},{"damage":2,"enemies":"Jaw Worm","floor":4,"turns":4},{"damage":7,"enemies":"Small Slimes","floor":11,"turns":4},{"damage":1,"enemies":"2 Fungi Beasts","floor":12,"turns":3},{"damage":32,"enemies":"Gremlin Nob","floor":13,"turns":4},{"damage":18,"enemies":"The Guardian","floor":16,"turns":9},{"damage":18,"enemies":"Shell Parasite","floor":18,"turns":5},{"damage":0,"enemies":"Chosen","floor":19,"turns":4},{"damage":3,"enemies":"Snake Plant","floor":22,"turns":2},{"damage":21,"enemies":"Gremlin Leader","floor":25,"turns":5},{"damage":0,"enemies":"Colosseum Slavers","floor":27,"turns":1}],"seed_played":"2970707479991475041","potions_obtained":[{"floor":4,"key":"Swift Potion"},{"floor":16,"key":"Explosive Potion"},{"floor":25,"key":"SpeedPotion"}],"is_trial":false,"path_per_floor":["M","?","?","M","?","R","?","R","T","T","M","M","E","$","R","B",null,"M","M","?","$","M","R","?","E","T","?"],"character_chosen":"DEFECT","items_purchased":["Tempest"],"campfire_rested":1,"item_purchase_floors":[14],"current_hp_per_floor":[58,58,58,56,45,45,45,45,45,45,38,37,5,5,24,6,50,32,32,32,32,29,29,29,8,8,8],"gold":243,"neow_bonus":"TRANSFORM_TWO_CARDS","is_prod":false,"is_daily":false,"chose_seed":false,"campfire_upgraded":3,"win_rate":0,"timestamp":1551196817,"path_taken":["M","?","?","M","?","R","?","R","T","?","M","?","E","$","R","BOSS","M","?","?","$","M","R","?","E","T","?"],"build_version":"2019-01-23","purchased_purges":1,"victory":false,"max_hp_per_floor":[71,71,71,71,71,71,64,64,64,64,64,64,64,64,64,64,64,64,64,64,64,64,64,64,64,64,64],"card_choices":[{"not_picked":["Sweeping Beam","Lockon"],"picked":"Beam Cell","floor":1},{"not_picked":["Cold Snap","Turbo"],"picked":"Defragment","floor":4},{"not_picked":["Loop","Cold Snap"],"picked":"Glacier","floor":11},{"not_picked":["Compile Driver","Reprogram"],"picked":"Hologram","floor":12},{"not_picked":["Rip and Tear","Rebound"],"picked":"Electrodynamics","floor":13},{"not_picked":["Stack+1","Leap"],"picked":"Cold Snap+1","floor":18},{"not_picked":["Gash","White Noise"],"picked":"Compile Driver+1","floor":19},{"not_picked":["Beam Cell","Hello World"],"picked":"Ball Lightning+1","floor":22},{"not_picked":["Thunder Strike","Machine Learning"],"picked":"Coolheaded","floor":25}],"player_experience":1012596,"relics_obtained":[{"floor":9,"key":"Vajra"},{"floor":10,"key":"Incense Burner"},{"floor":13,"key":"Cables"},{"floor":25,"key":"WingedGreaves"},{"floor":26,"key":"Bronze Scales"}],"event_choices":[{"damage_healed":0,"gold_gain":0,"player_choice":"Leave","damage_taken":0,"max_hp_gain":0,"max_hp_loss":0,"event_name":"The Cleric","floor":2,"gold_loss":0},{"damage_healed":0,"gold_gain":0,"player_choice":"Ignored","damage_taken":0,"max_hp_gain":0,"max_hp_loss":0,"event_name":"Liars Game","floor":3,"gold_loss":0},{"damage_healed":0,"gold_gain":75,"player_choice":"Gather Gold","damage_taken":11,"max_hp_gain":0,"max_hp_loss":0,"event_name":"World of Goop","floor":5,"gold_loss":0},{"damage_healed":0,"gold_gain":0,"player_choice":"Lose Max HP","damage_taken":0,"relics_obtained":["Golden Idol"],"max_hp_gain":0,"max_hp_loss":7,"event_name":"Golden Idol","floor":7,"gold_loss":0},{"damage_healed":0,"gold_gain":0,"cards_transformed":["Strike_B","Defend_B"],"player_choice":"Became Test Subject","damage_taken":0,"max_hp_gain":0,"max_hp_loss":0,"event_name":"Drug Dealer","floor":20,"gold_loss":0,"cards_obtained":["Doom and Gloom","Aggregate"]},{"damage_healed":0,"gold_gain":0,"player_choice":"Ignored","damage_taken":0,"max_hp_gain":0,"max_hp_loss":0,"event_name":"Cursed Tome","floor":24,"gold_loss":0},{"damage_healed":0,"gold_gain":0,"player_choice":"Fight","damage_taken":0,"max_hp_gain":0,"max_hp_loss":0,"event_name":"Colosseum","floor":27,"gold_loss":0}],"is_beta":false,"boss_relics":[{"not_picked":["Calling Bell","FrozenCore"],"picked":"Coffee Dripper"}],"items_purged_floors":[14],"is_endless":false,"potions_floor_spawned":[4,16,25],"killed_by":"Colosseum Slavers","ascension_level":20}