{"gold_per_floor":[117,135,147,159,159,186,186,212,212,243,243,243,243,573,573,647,647,657,669,584,584,597,597,597,354,354,384,384,384,364,53,53,127,127,147,161,161,172,394,425,439,465,465,498,524,524,95,125,125,125,125,125,125,69,102,102],"floor_reached":57,"playtime":2107,"items_purged":["Bane","Poisoned Stab","Dodge and Roll"],"score":3379,"play_id":"5066c81b-0efd-4279-96ac-8829b1541233","local_time":"20181118220314","is_ascension_mode":true,"campfire_choices":[{"data":"Adrenaline","floor":7.0,"key":"SMITH"},{"data":"Wraith Form v2","floor":12.0,"key":"SMITH"},{"data":"Catalyst","floor":15.0,"key":"SMITH"},{"data":"Burst","floor":23.0,"key":"SMITH"},{"data":"Catalyst","floor":28.0,"key":"SMITH"},{"data":"Neutralize","floor":32.0,"key":"SMITH"},{"data":"Catalyst","floor":46.0,"key":"SMITH"},{"floor":49.0,"key":"RECALL"},{"data":"Survivor","floor":53,"key":"SMITH"}],"neow_cost":"TEN_PERCENT_HP_LOSS","seed_source_timestamp":1593146108257553,"circlet_count":0,"master_deck":["AscendersBane","Survivor+1","Neutralize+1","Deadly Poison","Adrenaline+1","Backflip","Noxious Fumes","Catalyst+1","Wraith Form v2+1","Catalyst+1","Burst+1","Deadly Poison","Backflip","Leg Sweep","Noxious Fumes","Wraith Form v2+1","Catalyst+1","Tactician+1"],"special_seed":0,"relics":["Ring of the Snake","Pocketwatch","Strawberry","Ornamental Fan","Mercury Hourglass","Juzu Bracelet","Old Coin","Pandora\u0027s Box","Pen Nib","FaceOfCleric","Anchor","Red Mask","DollysMirror","HoveringKite","PreservedInsect","WingedGreaves","Sundial","The Specimen","Regal Pillow","Medical Kit","Meat on the Bone","Dream Catcher"],"potions_floor_usage":[],"damage_taken":[{"damage":0.0,"enemies":"2 Louse","floor":1.0,"turns":4.0},{"damage":0.0,"enemies":"Small Slimes","floor":2.0,"turns":4.0},{"damage":1.0,"enemies":"Cultist","floor":3.0,"turns":4.0},{"damage":0.0,"enemies":"Exordium Thugs","floor":4.0,"turns":7.0},{"damage":17.0,"enemies":"3 Sentries","floor":6.0,"turns":15.0},{"damage":32.0,"enemies":"Gremlin Nob","floor":8.0,"turns":4.0},{"damage":5.0,"enemies":"3 Sentries","floor":10.0,"turns":7.0},{"damage":1.0,"enemies":"Gremlin Nob","floor":14.0,"turns":5.0},{"damage":4.0,"enemies":"Hexaghost","floor":16.0,"turns":9.0},{"damage":13.0,"enemies":"3 Byrds","floor":18.0,"turns":3.0},{"damage":8.0,"enemies":"Chosen","floor":19.0,"turns":3.0},{"damage":2.0,"enemies":"Shelled Parasite and Fungi","floor":22.0,"turns":5.0},{"damage":18.0,"enemies":"Masked Bandits","floor":27.0,"turns":5.0},{"damage":17.0,"enemies":"Automaton","floor":33.0,"turns":7.0},{"damage":0.0,"enemies":"Orb Walker","floor":35.0,"turns":4.0},{"damage":2.0,"enemies":"3 Shapes","floor":36.0,"turns":3.0},{"damage":0.0,"enemies":"3 Darklings","floor":38.0,"turns":4.0},{"damage":5.0,"enemies":"Giant Head","floor":40.0,"turns":4.0},{"damage":0.0,"enemies":"4 Shapes","floor":41.0,"turns":4.0},{"damage":0.0,"enemies":"Nemesis","floor":42.0,"turns":3.0},{"damage":0.0,"enemies":"Giant Head","floor":44.0,"turns":3.0},{"damage":0.0,"enemies":"Reptomancer","floor":45.0,"turns":2.0},{"damage":0.0,"enemies":"Giant Head","floor":48.0,"turns":3.0},{"damage":0,"enemies":"Time Eater","floor":50,"turns":4},{"damage":0,"enemies":"Donu and Deca","floor":51,"turns":4},{"damage":0,"enemies":"Shield and Spear","floor":55,"turns":4},{"damage":33,"enemies":"The Heart","floor":56,"turns":8}],"seed_played":"1318073289971431615","potions_obtained":[{"floor":1.0,"key":"Strength Potion"},{"floor":4.0,"key":"Strength Potion"},{"floor":8.0,"key":"SpeedPotion"},{"floor":14.0,"key":"SpeedPotion"},{"floor":27.0,"key":"GamblersBrew"},{"floor":30.0,"key":"Regen Potion"},{"floor":35.0,"key":"Explosive Potion"}],"is_trial":false,"path_per_floor":["M","M","M","M","?","E","R","E","T","E","?","R","?","E","R","B",null,"M","M","?","?","M","R","?","$","T","?","R","?","?","$","R","B",null,"M","M","?","M","?","E","M","E","T","E","E","R","$","E","R","B","B",null,"R","$","E","B",null],"character_chosen":"THE_SILENT","items_purchased":["Anchor","DollysMirror","Medical Kit","LiquidBronze","Energy Potion"],"campfire_rested":0,"item_purchase_floors":[25,31,47,47,54],"current_hp_per_floor":[59,59,58,58,51,41,41,9,9,4,4,4,9,8,8,4,55,42,34,34,34,32,32,32,32,32,15,15,15,15,15,15,14,59,60,59,59,60,60,56,57,58,58,59,60,60,60,61,61,62,63,77,77,77,78,46],"gold":102,"neow_bonus":"ONE_RARE_RELIC","is_prod":false,"is_daily":false,"chose_seed":true,"campfire_upgraded":8,"win_rate":0,"timestamp":1542549794,"path_taken":["M","M","M","M","?","E","R","E","T","E","?","R","?","E","R","BOSS","M","M","?","?","M","R","?","?","T","?","R","?","?","?","R","BOSS","M","M","?","M","?","E","M","E","T","E","E","R","?","E","R","BOSS","BOSS","R","$","E","BOSS"],"build_version":"2018-11-15","purchased_purges":3,"victory":true,"max_hp_per_floor":[60,60,60,60,60,67,67,67,67,67,67,67,72,72,72,72,72,72,72,72,72,72,72,72,72,72,73,73,73,73,73,73,74,74,75,76,72,73,73,74,75,76,76,77,78,78,78,79,79,80,81,81,81,81,82,83],"card_choices":[{"not_picked":["Dagger Throw","Flying Knee","Deflect"],"picked":"SKIP","floor":1.0},{"not_picked":["Dash","Accuracy"],"picked":"Deadly Poison","floor":2.0},{"not_picked":["Dodge and Roll","Underhanded Strike"],"picked":"Adrenaline","floor":3.0},{"not_picked":["Blur","Cloak And Dagger"],"picked":"Backflip","floor":4.0},{"not_picked":["Underhanded Strike","Bouncing Flask"],"picked":"Noxious Fumes","floor":6.0},{"not_picked":["Bouncing Flask","Choke"],"picked":"Catalyst","floor":8.0},{"not_picked":["Backflip","Doppelganger"],"picked":"Wraith Form v2","floor":10.0},{"not_picked":["Flying Knee","Outmaneuver"],"picked":"Catalyst","floor":14.0},{"not_picked":["Storm of Steel","Night Terror"],"picked":"Burst","floor":16.0},{"not_picked":["Cloak And Dagger+1","Caltrops","Calculated Gamble"],"picked":"SKIP","floor":18.0},{"not_picked":["Bane","All Out Attack","Eviscerate+1"],"picked":"SKIP","floor":19.0},{"not_picked":["Backflip+1","Finisher","Masterful Stab"],"picked":"SKIP","floor":22.0},{"not_picked":["Heel Hook+1","Underhanded Strike+1","Quick Slash"],"picked":"SKIP","floor":35.0},{"not_picked":["Poisoned Stab","Deadly Poison"],"picked":"Catalyst","floor":36.0},{"not_picked":["Predator+1","Slice+1","Leg Sweep"],"picked":"SKIP","floor":38.0},{"not_picked":["Die Die Die","Backflip","Outmaneuver"],"picked":"SKIP","floor":40.0},{"not_picked":["Dodge and Roll","Flechettes","Noxious Fumes"],"picked":"SKIP","floor":41.0},{"not_picked":["Leg Sweep","Heel Hook"],"picked":"Tactician+1","floor":42.0},{"not_picked":["Dagger Throw","Heel Hook+1","Outmaneuver"],"picked":"SKIP","floor":44.0},{"not_picked":["Bane+1","PiercingWail","Glass Knife"],"picked":"SKIP","floor":45.0},{"not_picked":["Outmaneuver","Deflect","Backflip"],"picked":"SKIP","floor":48.0},{"not_picked":["Distraction","Eviscerate","Bane"],"picked":"SKIP","floor":55}],"player_experience":543752,"relics_obtained":[{"floor":6.0,"key":"Strawberry"},{"floor":8.0,"key":"Ornamental Fan"},{"floor":9.0,"key":"Mercury Hourglass"},{"floor":10.0,"key":"Juzu Bracelet"},{"floor":14.0,"key":"Old Coin"},{"floor":27.0,"key":"Red Mask"},{"floor":40.0,"key":"PreservedInsect"},{"floor":42.0,"key":"WingedGreaves"},{"floor":43.0,"key":"Sundial"},{"floor":44.0,"key":"The Specimen"},{"floor":45.0,"key":"Regal Pillow"},{"floor":48.0,"key":"Meat on the Bone"},{"floor":55,"key":"Dream Catcher"}],"event_choices":[{"cards_removed":["Strike_G"],"damage_healed":0.0,"max_hp_gain":0.0,"max_hp_loss":0.0,"gold_gain":0.0,"event_name":"Golden Wing","player_choice":"Card Removal","floor":5.0,"gold_loss":0.0,"damage_taken":7.0},{"damage_healed":0.0,"max_hp_gain":0.0,"max_hp_loss":0.0,"gold_gain":0.0,"event_name":"Liars Game","player_choice":"Ignored","floor":11.0,"gold_loss":0.0,"damage_taken":0.0},{"damage_healed":0.0,"max_hp_gain":5.0,"max_hp_loss":0.0,"gold_gain":0.0,"event_name":"Big Fish","player_choice":"Donut","floor":13.0,"gold_loss":0.0,"damage_taken":0.0},{"damage_healed":0.0,"max_hp_gain":0.0,"max_hp_loss":0.0,"gold_gain":0.0,"event_name":"Addict","player_choice":"Obtained Relic","floor":20.0,"gold_loss":85.0,"damage_taken":0.0,"relics_obtained":["Pen Nib"]},{"cards_removed":["Outmaneuver"],"damage_healed":0.0,"max_hp_gain":0.0,"max_hp_loss":0.0,"gold_gain":0.0,"event_name":"Purifier","player_choice":"Purged","floor":21.0,"gold_loss":0.0,"damage_taken":0.0},{"damage_healed":0.0,"max_hp_gain":0.0,"max_hp_loss":0.0,"gold_gain":0.0,"event_name":"FaceTrader","player_choice":"Trade","floor":24.0,"gold_loss":0.0,"damage_taken":0.0,"relics_obtained":["FaceOfCleric"]},{"damage_healed":0.0,"max_hp_gain":0.0,"max_hp_loss":0.0,"gold_gain":0.0,"event_name":"Masked Bandits","player_choice":"Fought Bandits","floor":27.0,"gold_loss":0.0,"damage_taken":0.0},{"cards_removed":["Dagger Throw"],"damage_healed":0.0,"max_hp_gain":0.0,"max_hp_loss":0.0,"gold_gain":0.0,"event_name":"Back to Basics","player_choice":"Elegance","floor":29.0,"gold_loss":0.0,"damage_taken":0.0},{"damage_healed":0.0,"max_hp_gain":0.0,"max_hp_loss":0.0,"gold_gain":0.0,"event_name":"The Woman in Blue","player_choice":"Bought 1 Potion","floor":30.0,"gold_loss":0.0,"damage_taken":0.0},{"damage_healed":0.0,"max_hp_gain":0.0,"max_hp_loss":4.0,"gold_gain":0.0,"event_name":"Winding Halls","player_choice":"Max HP","floor":37.0,"gold_loss":0.0,"damage_taken":0.0},{"damage_healed":0.0,"max_hp_gain":0.0,"max_hp_loss":0.0,"gold_gain":222.0,"event_name":"Tomb of Lord Red Mask","player_choice":"Wore Mask","floor":39.0,"gold_loss":0.0,"damage_taken":0.0}],"is_beta":true,"boss_relics":[{"not_picked":["White Beast Statue","Empty Cage"],"picked":"Pandora\u0027s Box"},{"not_picked":["Orrery","Philosopher\u0027s Stone"],"picked":"HoveringKite"}],"items_purged_floors":[25,31,47],"is_endless":false,"potions_floor_spawned":[1,4,8,14,16,18,27,35,36,38],"ascension_level":20}