{"gold_per_floor":[109,124,134,150,150,150,177,177,177,177,24,54,72,72,72,202,202,218,218,242,242,167,180,279,279,331,33,46,46,46,61,61,186,186,209,209,223,242,242,242,260,260,260,12,36,36,0,24,24,24],"floor_reached":51,"playtime":1643,"items_purged":["Pain"],"score":772,"play_id":"b7360646-d39a-4606-bebf-7a22f47c6a6f","local_time":"20190612112420","is_ascension_mode":false,"campfire_choices":[{"data":"Streamline","floor":6.0,"key":"SMITH"},{"data":"Dualcast","floor":8.0,"key":"SMITH"},{"data":"Zap","floor":10.0,"key":"SMITH"},{"data":"Coolheaded","floor":15.0,"key":"SMITH"},{"data":"Panacea","floor":25,"key":"SMITH"},{"data":"Enlightenment","floor":29,"key":"SMITH"},{"data":"Recycle","floor":32,"key":"SMITH"},{"data":"Discovery","floor":40,"key":"SMITH"},{"data":"Biased Cognition","floor":46,"key":"SMITH"},{"data":"Storm","floor":49,"key":"SMITH"}],"neow_cost":"TEN_PERCENT_HP_LOSS","seed_source_timestamp":2156104574931,"circlet_count":0,"master_deck":["Defend_B","Defend_B","Defend_B","Defend_B","Zap+1","Dualcast+1","Panacea+1","Dramatic Entrance","White Noise","Streamline+1","Coolheaded+1","Creative AI","Creative AI","Biased Cognition+1","Chill","Reinforced Body+1","Bite","Bite","Bite","Bite","Bite","Seek","Recycle+1","Biased Cognition","Enlightenment+1","Creative AI","White Noise","Meteor Strike","Coolheaded+1","Turbo+1","Parasite","BootSequence+1","Finesse","Bandage Up","Discovery+1","Biased Cognition","Storm+1","Biased Cognition+1","White Noise+1"],"special_seed":0,"relics":["Cracked Core","WarpedTongs","Centennial Puzzle","Letter Opener","Golden Idol","Runic Pyramid","Lantern","Nuclear Battery","The Courier","Red Mask"],"potions_floor_usage":[31,50,50,50],"damage_taken":[{"damage":1.0,"enemies":"2 Louse","floor":1.0,"turns":2.0},{"damage":1.0,"enemies":"Cultist","floor":2.0,"turns":3.0},{"damage":3.0,"enemies":"Small Slimes","floor":3.0,"turns":2.0},{"damage":5.0,"enemies":"Looter","floor":4.0,"turns":3.0},{"damage":28.0,"enemies":"Lagavulin","floor":7.0,"turns":6.0},{"damage":8.0,"enemies":"Gremlin Gang","floor":13.0,"turns":3.0},{"damage":20.0,"enemies":"Hexaghost","floor":16.0,"turns":9.0},{"damage":32,"enemies":"3 Byrds","floor":18,"turns":4},{"damage":10,"enemies":"Spheric Guardian","floor":20,"turns":3},{"damage":11,"enemies":"Cultist and Chosen","floor":23,"turns":4},{"damage":8,"enemies":"Snecko","floor":28,"turns":5},{"damage":4,"enemies":"Snake Plant","floor":31,"turns":4},{"damage":13,"enemies":"Champ","floor":33,"turns":6},{"damage":8,"enemies":"Orb Walker","floor":35,"turns":3},{"damage":0,"enemies":"3 Shapes","floor":37,"turns":4},{"damage":3,"enemies":"Writhing Mass","floor":38,"turns":5},{"damage":3,"enemies":"4 Shapes","floor":41,"turns":2},{"damage":20,"enemies":"3 Darklings","floor":45,"turns":3},{"damage":0,"enemies":"Transient","floor":48,"turns":5},{"damage":0,"enemies":"Donu and Deca","floor":50,"turns":3}],"seed_played":"-2873099668479383995","potions_obtained":[{"floor":2.0,"key":"LiquidBronze"},{"floor":13.0,"key":"SpeedPotion"},{"floor":20,"key":"Block Potion"},{"floor":28,"key":"Ancient Potion"},{"floor":33,"key":"Swift Potion"},{"floor":35,"key":"Dexterity Potion"},{"floor":38,"key":"FocusPotion"}],"is_trial":false,"path_per_floor":["M","M","M","M","?","R","E","R","T","R","$","?","M","?","R","B",null,"M","?","M","?","$","M","?","R","T","$","M","R","?","M","R","B",null,"M","?","M","M","?","R","M","?","T","$","M","R","?","M","R","B",null],"character_chosen":"DEFECT","items_purchased":["Creative AI","Recycle","Biased Cognition","Enlightenment","Biased Cognition","Storm","Biased Cognition"],"campfire_rested":0,"item_purchase_floors":[11,27,27,27,44,44,44],"current_hp_per_floor":[67,66,63,58,58,58,30,30,30,30,30,30,22,22,22,2,63,31,31,21,21,21,19,19,19,19,19,17,17,17,21,21,20,44,42,42,44,44,34,34,37,37,37,37,24,24,24,34,34,37],"gold":24,"neow_bonus":"RANDOM_COLORLESS_2","is_prod":false,"is_daily":false,"chose_seed":false,"campfire_upgraded":10,"win_rate":0,"timestamp":1560309860,"path_taken":["M","M","M","M","?","R","E","R","T","R","?","?","M","?","R","BOSS","M","?","?","?","$","M","?","R","T","$","M","R","?","M","R","BOSS","M","?","?","M","?","R","M","?","T","$","M","R","?","M","R","BOSS"],"build_version":"2019-01-23","purchased_purges":1,"victory":true,"max_hp_per_floor":[68,68,68,68,68,68,68,68,68,68,68,68,68,63,63,63,63,63,63,63,44,44,44,44,44,44,44,44,44,44,44,44,44,44,44,44,44,44,44,44,44,42,42,42,42,42,42,42,42,42],"card_choices":[{"not_picked":["Streamline","Redo"],"picked":"White Noise","floor":1.0},{"not_picked":["Barrage","Scrape","Rebound"],"picked":"SKIP","floor":2.0},{"not_picked":["Reprogram","Leap"],"picked":"Streamline","floor":3.0},{"not_picked":["Compile Driver","Conserve Battery"],"picked":"Coolheaded","floor":4.0},{"not_picked":["Streamline","Sweeping Beam","Hello World"],"picked":"SKIP","floor":7.0},{"not_picked":["Beam Cell","Ball Lightning"],"picked":"Creative AI","floor":13.0},{"not_picked":["Hyperbeam","Core Surge"],"picked":"Biased Cognition","floor":16.0},{"not_picked":["Conserve Battery","Cold Snap"],"picked":"Chill","floor":18},{"not_picked":["Coolheaded","Hologram"],"picked":"Reinforced Body+1","floor":20},{"not_picked":["Genetic Algorithm+1","Lockon"],"picked":"Seek","floor":23},{"not_picked":["Leap","Streamline","Sweeping Beam"],"picked":"SKIP","floor":28},{"not_picked":["Redo+1","Loop"],"picked":"White Noise","floor":31},{"not_picked":["Core Surge","Seek"],"picked":"Meteor Strike","floor":33},{"not_picked":["Compile Driver+1","Leap+1"],"picked":"Coolheaded+1","floor":35},{"not_picked":["Melter","Redo"],"picked":"Turbo+1","floor":37},{"not_picked":["Tempest+1","Go for the Eyes"],"picked":"BootSequence+1","floor":38},{"not_picked":["Metamorphosis","Flash of Steel"],"picked":"Finesse","floor":39},{"not_picked":["Finesse","Jack Of All Trades"],"picked":"Bandage Up","floor":39},{"not_picked":["Good Instincts","Dramatic Entrance"],"picked":"Discovery","floor":39},{"not_picked":["Rebound+1","Rip and Tear","Compile Driver"],"picked":"SKIP","floor":41},{"not_picked":["Steam","Redo"],"picked":"White Noise+1","floor":45},{"not_picked":["Barrage+1","Ball Lightning","Conserve Battery+1"],"picked":"SKIP","floor":48}],"player_experience":5089410,"relics_obtained":[{"floor":7.0,"key":"Centennial Puzzle"},{"floor":9.0,"key":"Letter Opener"},{"floor":26,"key":"Lantern"},{"floor":43,"key":"The Courier"}],"event_choices":[{"damage_healed":0.0,"max_hp_gain":0.0,"max_hp_loss":0.0,"gold_gain":0.0,"event_name":"Accursed Blacksmith","player_choice":"Rummage","floor":5.0,"gold_loss":0.0,"damage_taken":0.0,"relics_obtained":["WarpedTongs"],"cards_obtained":["Pain"]},{"damage_healed":0.0,"max_hp_gain":0.0,"max_hp_loss":0.0,"gold_gain":30.0,"event_name":"Dead Adventurer","player_choice":"Searched \u00271\u0027 times","floor":12.0,"gold_loss":0.0,"damage_taken":0.0},{"damage_healed":0.0,"max_hp_gain":0.0,"max_hp_loss":5.0,"gold_gain":0.0,"event_name":"Golden Idol","player_choice":"Lose Max HP","floor":14.0,"gold_loss":0.0,"damage_taken":0.0,"relics_obtained":["Golden Idol"]},{"damage_healed":0,"gold_gain":0,"player_choice":"Upgraded","damage_taken":0,"max_hp_gain":0,"max_hp_loss":0,"event_name":"Upgrade Shrine","floor":19,"gold_loss":0,"cards_upgraded":["Biased Cognition"]},{"damage_healed":0,"gold_gain":0,"player_choice":"Became a vampire","damage_taken":0,"max_hp_gain":0,"max_hp_loss":19,"event_name":"Vampires","floor":21,"gold_loss":0,"cards_obtained":["Bite","Bite","Bite","Bite","Bite"]},{"damage_healed":0,"gold_gain":99,"player_choice":"Stole From Cult","damage_taken":0,"max_hp_gain":0,"max_hp_loss":0,"event_name":"Nest","floor":24,"gold_loss":0},{"damage_healed":0,"gold_gain":0,"player_choice":"Copied","damage_taken":0,"max_hp_gain":0,"max_hp_loss":0,"event_name":"Duplicator","floor":30,"gold_loss":0,"cards_obtained":["Creative AI"]},{"damage_healed":0,"gold_gain":0,"player_choice":"Ignored","damage_taken":0,"max_hp_gain":0,"max_hp_loss":0,"event_name":"NoteForYourself","floor":36,"gold_loss":0},{"damage_healed":0,"gold_gain":0,"player_choice":"Memory 3","damage_taken":10,"max_hp_gain":0,"max_hp_loss":0,"event_name":"SensoryStone","floor":39,"gold_loss":0},{"damage_healed":0,"gold_gain":0,"player_choice":"Max HP","damage_taken":0,"max_hp_gain":0,"max_hp_loss":2,"event_name":"Winding Halls","floor":42,"gold_loss":0},{"damage_healed":0,"gold_gain":0,"player_choice":"Paid","damage_taken":0,"relics_obtained":["Red Mask"],"max_hp_gain":0,"max_hp_loss":0,"event_name":"Tomb of Lord Red Mask","floor":47,"gold_loss":36}],"is_beta":false,"boss_relics":[{"not_picked":["Pandora\u0027s Box","Fusion Hammer"],"picked":"Runic Pyramid"},{"not_picked":["Velvet Choker","Eternal Feather"],"picked":"Nuclear Battery"}],"items_purged_floors":[22],"is_endless":false,"potions_floor_spawned":[2,13,20,28,33,35,38,48],"ascension_level":0}