{"path_per_floor":["M","?","M","M","M","R","?","M","T","?","R"],"character_chosen":"DEFECT","items_purchased":[],"gold_per_floor":[112,112,122,142,153,153,103,116,116,116,116,116],"floor_reached":12,"campfire_rested":0,"playtime":377,"item_purchase_floors":[],"current_hp_per_floor":[69,51,57,59,56,56,56,66,66,48,48,0],"items_purged":[],"gold":116,"score":70,"play_id":"738bf7d9-5064-423a-bb47-05ab39433fa1","local_time":"20180525222348","is_prod":false,"is_daily":false,"chose_seed":false,"is_ascension_mode":false,"campfire_upgraded":2,"win_rate":0,"timestamp":1527279828,"campfire_choices":[{"data":"Self Repair","floor":6,"key":"SMITH"},{"data":"Genetic Algorithm","floor":11,"key":"SMITH"}],"path_taken":["M","?","M","M","M","R","?","M","T","?","R","M"],"build_version":"2018-05-24","seed_source_timestamp":14497756967832,"purchased_purges":0,"victory":false,"master_deck":["Strike_B","Strike_B","Strike_B","Defend_B","Defend_B","Defend_B","Defend_B","Zap","Dualcast","Echo Form","Self Repair+1","Capacitor","Beam Cell","White Noise","Genetic Algorithm+1"],"max_hp_per_floor":[75,75,75,75,75,75,75,75,75,75,75,75],"relics":["Cracked Core","Orichalcum","Boot","Golden Idol"],"card_choices":[{"not_picked":["Auto Shields","Stack"],"picked":"Self Repair","floor":1},{"not_picked":["Sweeping Beam","Leap"],"picked":"Capacitor","floor":3},{"not_picked":["Go for the Eyes","Rebound"],"picked":"Beam Cell","floor":4},{"not_picked":["Compile Driver","Doom and Gloom"],"picked":"White Noise","floor":5},{"not_picked":["Darkness","Compile Driver"],"picked":"Genetic Algorithm","floor":8}],"player_experience":62165,"potions_floor_usage":[],"damage_taken":[{"damage":6,"enemies":"Small Slimes","floor":1,"turns":3},{"damage":1,"enemies":"Jaw Worm","floor":3,"turns":3},{"damage":5,"enemies":"2 Louse","floor":4,"turns":2},{"damage":17,"enemies":"2 Fungi Beasts","floor":5,"turns":5},{"damage":10,"enemies":"Blue Slaver","floor":8,"turns":5},{"damage":48,"enemies":"Exordium Wildlife","floor":12,"turns":5}],"relics_obtained":[{"floor":9,"key":"Boot"}],"event_choices":[{"event_name":"Scrap Ooze","player_choice":"success","floor":2,"damage_taken":18},{"event_name":"The Cleric","player_choice":"Card Removal","floor":7,"damage_taken":0},{"event_name":"Golden Idol","player_choice":"Take Damage","floor":10,"damage_taken":0}],"boss_relics":[],"items_purged_floors":[],"potions_floor_spawned":[1,4],"seed_played":"5517045625903479273","killed_by":"Exordium Wildlife","ascension_level":0,"potions_obtained":[{"floor":1,"key":"GamblersBrew"},{"floor":4,"key":"Energy Potion"}],"is_trial":false}