{"gold_per_floor":[10,23,37,37,45,45,45,45,65,65,74,84,100,100,100,163,163,177,185,31,45,45,45,72,72,72,72,72,72,94,105,105,170,170,186,200,200,216,216,91,91,100,100,140,140,140,140,225,225,225,225,225,225,17,43,43],"floor_reached":57,"playtime":3860,"items_purged":["Parasite","Injury"],"score":3042,"play_id":"9f479399-25fc-4298-8a60-83f47eaefc5c","local_time":"20190131073935","is_ascension_mode":true,"campfire_choices":[{"data":"Consume","floor":6.0,"key":"SMITH"},{"data":"Dualcast","floor":8.0,"key":"SMITH"},{"data":"Zap","floor":10.0,"key":"SMITH"},{"floor":15.0,"key":"REST"},{"data":"Fission","floor":23.0,"key":"SMITH"},{"data":"Defragment","floor":27.0,"key":"SMITH"},{"data":"Chaos","floor":32.0,"key":"SMITH"},{"data":"Coolheaded","floor":41.0,"key":"SMITH"},{"data":"Reboot","floor":45.0,"key":"SMITH"},{"floor":47.0,"key":"RECALL"},{"data":"Go for the Eyes","floor":49.0,"key":"SMITH"},{"data":"White Noise","floor":53.0,"key":"SMITH"}],"neow_cost":"NO_GOLD","seed_source_timestamp":14384899749725,"circlet_count":0,"master_deck":["AscendersBane","Zap+1","Dualcast+1","Electrodynamics","Consume+1","Go for the Eyes+1","Self Repair","Reboot+1","Fission+1","Chaos+1","Defragment+1","Glacier","Coolheaded+1","White Noise+1","Hologram+1","Buffer+1","Hologram+1","Multi-Cast+1","Skim+1","Chill+1","Reinforced Body+1","Darkness+1","Stack+1","Core Surge","Creative AI+1","Master of Strategy+1","Double Energy+1"],"special_seed":0,"relics":["Cracked Core","AscMod:CursedFlame","AscMod:MegaStarOfAscension","AscMod:CursedBank","PreservedInsect","Emotion Chip","Orichalcum","Prayer Wheel","Coffee Dripper","Mummified Hand","Ice Cream","Frozen Egg 2","theJungle:SpiritDisease","Toxic Egg 2","Pandora\u0027s Box","Spirit Poop","Torii","StoneCalendar","Du-Vu Doll"],"potions_floor_usage":[56,56],"damage_taken":[{"damage":1.0,"enemies":"Cultist","floor":1.0,"turns":3.0},{"damage":1.0,"enemies":"2 Louse","floor":2.0,"turns":2.0},{"damage":2.0,"enemies":"Small Slimes","floor":3.0,"turns":3.0},{"damage":17.0,"enemies":"Exordium Thugs","floor":5.0,"turns":3.0},{"damage":24.0,"enemies":"Lots of Slimes","floor":11.0,"turns":3.0},{"damage":5.0,"enemies":"Exordium Wildlife","floor":12.0,"turns":3.0},{"damage":16.0,"enemies":"Gremlin Gang","floor":13.0,"turns":3.0},{"damage":28.0,"enemies":"Slime Boss","floor":16.0,"turns":7.0},{"damage":12.0,"enemies":"theJungle:5_Spyders","floor":18.0,"turns":5.0},{"damage":18.0,"enemies":"theJungle:MUSHROOMGANG","floor":19.0,"turns":5.0},{"damage":19.0,"enemies":"theJungle:Lyon","floor":21.0,"turns":6.0},{"damage":10.0,"enemies":"theJungle:Cassacara","floor":24.0,"turns":7.0},{"damage":0.0,"enemies":"theJungle:2_Phrogs","floor":30.0,"turns":5.0},{"damage":0.0,"enemies":"theJungle:SlimyTreeVines","floor":31.0,"turns":12.0},{"damage":0.0,"enemies":"theJungle:QueenSpyder","floor":33.0,"turns":13.0},{"damage":0.0,"enemies":"Orb Walker","floor":35.0,"turns":4.0},{"damage":0.0,"enemies":"3 Shapes","floor":36.0,"turns":4.0},{"damage":6.0,"enemies":"3 Darklings","floor":38.0,"turns":4.0},{"damage":0.0,"enemies":"Maw","floor":42.0,"turns":5.0},{"damage":6.0,"enemies":"2 Orb Walkers","floor":44.0,"turns":6.0},{"damage":0.0,"enemies":"Mind Bloom Boss Battle","floor":48.0,"turns":4.0},{"damage":11.0,"enemies":"Awakened One","floor":50.0,"turns":18.0},{"damage":0.0,"enemies":"Donu and Deca","floor":51.0,"turns":9.0},{"damage":13,"enemies":"Shield and Spear","floor":55,"turns":5},{"damage":20,"enemies":"The Heart","floor":56,"turns":11}],"seed_played":"-7418429181255735479","potions_obtained":[{"floor":1.0,"key":"Regen Potion"},{"floor":2.0,"key":"Strength Potion"},{"floor":18.0,"key":"Dexterity Potion"},{"floor":19.0,"key":"Strength Potion"},{"floor":24.0,"key":"SkillPotion"},{"floor":35.0,"key":"EssenceOfSteel"},{"floor":55,"key":"Ancient Potion"}],"is_trial":false,"path_per_floor":["M","M","M","?","M","R","?","R","T","R","M","M","M","T","R","B",null,"M","M","$","M","T","R","E","?","T","R","?","?","E","M","R","B",null,"M","M","?","M","?","$","R","M","T","?","R","T","R","?","R","B","B",null,"R","$","E","B",null],"character_chosen":"DEFECT","items_purchased":["PowerPotion","Master of Strategy+1"],"campfire_rested":1,"item_purchase_floors":[20,54],"current_hp_per_floor":[63,62,60,55,45,45,45,45,45,45,21,22,12,12,29,7,45,39,27,27,14,14,14,10,10,10,10,11,11,17,28,28,34,55,61,67,67,67,65,65,65,65,65,65,65,65,65,65,65,60,65,65,65,65,58,44],"gold":43,"neow_bonus":"THREE_RARE_CARDS","is_prod":false,"is_daily":false,"chose_seed":false,"campfire_upgraded":10,"win_rate":0,"timestamp":1548891575,"path_taken":["M","?","?","?","M","R","?","R","T","R","M","?","?","?","R","BOSS","M","?","$","?","?","R","E","?","T","R","?","?","E","M","R","BOSS","M","M","?","M","?","$","R","?","T","?","R","?","R","?","R","BOSS","BOSS","R","$","E","BOSS"],"build_version":"2019-01-23","purchased_purges":2,"victory":true,"max_hp_per_floor":[71,71,71,71,71,71,71,71,71,71,71,71,71,71,71,71,71,71,71,68,68,68,68,68,68,68,68,68,68,68,68,68,68,68,68,68,68,68,65,65,65,65,65,65,65,65,65,65,65,65,65,65,65,65,65,65],"card_choices":[{"not_picked":["Fission","Amplify"],"picked":"Electrodynamics","floor":0.0},{"not_picked":["Streamline","Steam Power"],"picked":"Consume","floor":1.0},{"not_picked":["Leap","Storm"],"picked":"Cold Snap","floor":2.0},{"not_picked":["Stack","Beam Cell"],"picked":"Go for the Eyes","floor":3.0},{"not_picked":["Barrage","Gash","Double Energy"],"picked":"SKIP","floor":5.0},{"not_picked":["Hologram","Leap"],"picked":"Self Repair","floor":11.0},{"not_picked":["Lockon","Beam Cell","Stack"],"picked":"SKIP","floor":12.0},{"not_picked":["Hello World","Cold Snap"],"picked":"Reboot","floor":13.0},{"not_picked":["Rainbow","Seek"],"picked":"Fission","floor":16.0},{"not_picked":["Steam","Auto Shields"],"picked":"Chaos","floor":18.0},{"not_picked":["Compile Driver","Turbo","Steam"],"picked":"SKIP","floor":18.0},{"not_picked":["Cold Snap","Hyperbeam"],"picked":"Defragment","floor":19.0},{"not_picked":["Barrage","Defragment+1"],"picked":"Glacier","floor":19.0},{"not_picked":["Beam Cell","Sunder"],"picked":"Coolheaded","floor":21.0},{"not_picked":["Barrage","Stack"],"picked":"White Noise","floor":21.0},{"not_picked":["Go for the Eyes+1","Amplify","FTL"],"picked":"SKIP","floor":24.0},{"not_picked":["Steam","BootSequence"],"picked":"Hologram","floor":30.0},{"not_picked":["Streamline","Redo+1"],"picked":"Buffer+1","floor":31.0},{"not_picked":["Streamline","Conserve Battery+1"],"picked":"Hologram+1","floor":31.0},{"not_picked":["Buffer+1","Fission+1"],"picked":"Multi-Cast+1","floor":33.0},{"not_picked":["Cold Snap","Genetic Algorithm+1","Steam+1"],"picked":"SKIP","floor":35.0},{"not_picked":["Ball Lightning","Compile Driver+1","Reprogram+1"],"picked":"SKIP","floor":35.0},{"not_picked":["Steam Power+1","Aggregate+1"],"picked":"Core Surge","floor":36.0},{"not_picked":["Darkness+1","Leap+1","Fusion+1"],"picked":"SKIP","floor":36.0},{"not_picked":["Storm+1","BootSequence+1","Force Field+1"],"picked":"SKIP","floor":38.0},{"not_picked":["Storm+1","Darkness+1","Go for the Eyes"],"picked":"SKIP","floor":38.0},{"not_picked":["Turbo+1","All For One","Go for the Eyes"],"picked":"SKIP","floor":42.0},{"not_picked":["Cold Snap+1","Aggregate+1","Chill+1"],"picked":"SKIP","floor":42.0},{"not_picked":["Coolheaded+1","Redo+1"],"picked":"Creative AI+1","floor":48.0},{"not_picked":["Rebound+1","Redo+1"],"picked":"Double Energy+1","floor":55}],"player_experience":2421784,"relics_obtained":[{"floor":9.0,"key":"Orichalcum"},{"floor":14.0,"key":"Prayer Wheel"},{"floor":22.0,"key":"Mummified Hand"},{"floor":24.0,"key":"Ice Cream"},{"floor":26.0,"key":"Frozen Egg 2"},{"floor":30.0,"key":"Toxic Egg 2"},{"floor":43.0,"key":"Spirit Poop"},{"floor":44.0,"key":"Torii"},{"floor":48.0,"key":"StoneCalendar"},{"floor":55,"key":"Du-Vu Doll"}],"event_choices":[{"damage_healed":0.0,"max_hp_gain":0.0,"max_hp_loss":0.0,"gold_gain":0.0,"event_name":"Scrap Ooze","player_choice":"Success","floor":4.0,"gold_loss":0.0,"damage_taken":5.0,"relics_obtained":["PreservedInsect"]},{"damage_healed":0.0,"max_hp_gain":0.0,"max_hp_loss":0.0,"gold_gain":0.0,"event_name":"WeMeetAgain","player_choice":"Gave Potion","floor":7.0,"gold_loss":0.0,"damage_taken":0.0,"relics_obtained":["Emotion Chip"]},{"cards_removed":["Cold Snap"],"damage_healed":0.0,"max_hp_gain":0.0,"max_hp_loss":0.0,"gold_gain":0.0,"event_name":"Falling","player_choice":"Removed Attack","floor":37.0,"gold_loss":0.0,"damage_taken":0.0},{"damage_healed":0.0,"max_hp_gain":0.0,"max_hp_loss":3.0,"gold_gain":0.0,"event_name":"Winding Halls","player_choice":"Max HP","floor":39.0,"gold_loss":0.0,"damage_taken":0.0},{"damage_healed":0.0,"max_hp_gain":0.0,"max_hp_loss":0.0,"gold_gain":0.0,"event_name":"Mysterious Sphere","player_choice":"Fight","floor":44.0,"gold_loss":0.0,"damage_taken":0.0},{"damage_healed":0.0,"max_hp_gain":0.0,"max_hp_loss":0.0,"gold_gain":0.0,"event_name":"MindBloom","player_choice":"Fight","floor":48.0,"gold_loss":0.0,"damage_taken":0.0}],"is_beta":false,"boss_relics":[{"not_picked":["Lizard Tail","Orrery"],"picked":"Coffee Dripper"},{"not_picked":["Sozu","Runic Dome"],"picked":"Pandora\u0027s Box"}],"items_purged_floors":[20,40],"is_endless":false,"potions_floor_spawned":[1,2,18,19,21,24,35,44,48,55],"ascension_level":25}