{"gold_per_floor":[110,125,50,62,82,82,107,107,107,107,27,57,118,118,118,191,191,204,220,120,480,494,494,494,494,565,591,591,591,626,111,111,189,189,199,210,210,227,240,240,272,272,272,152,184,11,38,65,65,65,65,65,65,65,95,95],"floor_reached":57,"playtime":3205,"items_purged":["Rebound","Rebound","Zap","Darkness+1"],"score":3624,"play_id":"32d1147b-cd3e-4c67-8163-5f6f4d9ea11a","local_time":"20190419170442","is_ascension_mode":true,"campfire_choices":[{"data":"Darkness","floor":6.0,"key":"SMITH"},{"data":"Turbo","floor":8.0,"key":"SMITH"},{"data":"Skim","floor":10.0,"key":"SMITH"},{"data":"Redo","floor":15.0,"key":"SMITH"},{"data":"Skim","floor":23.0,"key":"SMITH"},{"data":"Dualcast","floor":25.0,"key":"SMITH"},{"floor":29.0,"key":"REST"},{"data":"Darkness","floor":32.0,"key":"SMITH"},{"data":"Skim","floor":40.0,"key":"SMITH"},{"floor":42.0,"key":"RECALL"},{"data":"Reinforced Body","floor":49.0,"key":"SMITH"},{"data":"Multi-Cast","floor":53.0,"key":"SMITH"}],"neow_cost":"NONE","seed_source_timestamp":100528102394430,"circlet_count":0,"master_deck":["AscendersBane","Dualcast+1","BootSequence","Redo+1","Capacitor","Darkness+1","Skim+1","Turbo+1","Skim+1","Reinforced Body+1","Seek","Multi-Cast+1","Skim+1"],"special_seed":0,"relics":["Pandora\u0027s Box","The Courier","Bottled Lightning","Blue Candle","Art of War","Gremlin Horn","Sozu","Whetstone","WingedGreaves","Symbiotic Virus","Chemical X","Bag of Preparation","Empty Cage","Shuriken","Orichalcum","Kunai","Medical Kit","Strawberry","Nunchaku","Blood Vial"],"potions_floor_usage":[56,56],"damage_taken":[{"damage":6.0,"enemies":"Cultist","floor":1.0,"turns":3.0},{"damage":7.0,"enemies":"Jaw Worm","floor":2.0,"turns":3.0},{"damage":5.0,"enemies":"Small Slimes","floor":4.0,"turns":3.0},{"damage":16.0,"enemies":"Gremlin Gang","floor":5.0,"turns":4.0},{"damage":3.0,"enemies":"Lagavulin","floor":7.0,"turns":5.0},{"damage":6.0,"enemies":"3 Sentries","floor":12.0,"turns":5.0},{"damage":12.0,"enemies":"Lagavulin Event","floor":13.0,"turns":3.0},{"damage":0.0,"enemies":"Hexaghost","floor":16.0,"turns":4.0},{"damage":0.0,"enemies":"3 Byrds","floor":18.0,"turns":2.0},{"damage":0.0,"enemies":"Spheric Guardian","floor":19.0,"turns":3.0},{"damage":4.0,"enemies":"Centurion and Healer","floor":22.0,"turns":3.0},{"damage":0.0,"enemies":"Gremlin Leader","floor":27.0,"turns":2.0},{"damage":0.0,"enemies":"Slavers","floor":30.0,"turns":2.0},{"damage":0.0,"enemies":"Automaton","floor":33.0,"turns":2.0},{"damage":0.0,"enemies":"3 Darklings","floor":35.0,"turns":1.0},{"damage":0.0,"enemies":"Orb Walker","floor":36.0,"turns":1.0},{"damage":0.0,"enemies":"3 Darklings","floor":38.0,"turns":1.0},{"damage":0.0,"enemies":"Transient","floor":39.0,"turns":2.0},{"damage":0.0,"enemies":"Reptomancer","floor":41.0,"turns":1.0},{"damage":0.0,"enemies":"Nemesis","floor":45.0,"turns":1.0},{"damage":0.0,"enemies":"Giant Head","floor":47.0,"turns":3.0},{"damage":0.0,"enemies":"Reptomancer","floor":48.0,"turns":1.0},{"damage":0.0,"enemies":"Time Eater","floor":50.0,"turns":3.0},{"damage":0.0,"enemies":"Awakened One","floor":51.0,"turns":2.0},{"damage":0.0,"enemies":"Shield and Spear","floor":55.0,"turns":1.0},{"damage":67,"enemies":"The Heart","floor":56,"turns":5}],"seed_played":"4499050476215058788","potions_obtained":[{"floor":5.0,"key":"Fire Potion"},{"floor":12.0,"key":"GamblersBrew"},{"floor":13.0,"key":"Explosive Potion"},{"floor":16.0,"key":"Block Potion"}],"is_trial":false,"path_per_floor":["M","M","$","M","M","R","E","R","T","R","$","E","?","T","R","B",null,"M","M","$","?","M","R","?","R","T","E","?","R","E","$","R","B",null,"M","M","T","M","M","R","E","R","T","$","E","$","E","E","R","B","B",null,"R","$","E","B",null],"character_chosen":"DEFECT","items_purchased":["Symbiotic Virus","Chemical X","Bag of Preparation","Medical Kit"],"campfire_rested":1,"item_purchase_floors":[31,31,31,46],"current_hp_per_floor":[58,51,51,46,30,30,27,27,27,27,27,21,9,9,9,9,56,56,56,56,21,17,17,17,17,17,17,13,34,34,34,34,34,62,62,62,62,62,62,62,62,62,62,62,62,62,69,69,69,69,69,76,76,76,76,11],"gold":95,"neow_bonus":"BOSS_RELIC","is_prod":false,"is_daily":false,"chose_seed":false,"campfire_upgraded":10,"win_rate":0,"timestamp":1555664682,"path_taken":["M","M","$","M","M","R","E","R","T","R","$","E","?","?","R","BOSS","M","M","$","?","?","R","?","R","T","E","?","R","E","$","R","BOSS","M","?","?","M","M","R","E","R","T","$","E","$","E","E","R","BOSS","BOSS","R","$","E","BOSS"],"build_version":"2019-01-23","purchased_purges":4,"victory":true,"max_hp_per_floor":[71,71,71,71,71,71,71,71,71,71,71,71,71,71,71,71,71,71,71,71,71,71,71,71,71,71,71,71,71,71,71,71,71,71,71,71,71,71,71,71,71,71,71,71,71,71,78,78,78,78,78,78,78,78,78,78],"card_choices":[{"not_picked":["Redo","Steam"],"picked":"Conserve Battery","floor":1.0},{"not_picked":["Coolheaded","Ball Lightning"],"picked":"Turbo","floor":2.0},{"not_picked":["Doom and Gloom","Tempest"],"picked":"Skim","floor":4.0},{"not_picked":["Compile Driver","Barrage","Streamline"],"picked":"SKIP","floor":5.0},{"not_picked":["Force Field","Barrage","Consume"],"picked":"SKIP","floor":7.0},{"not_picked":["Hologram","FTL","Rebound"],"picked":"SKIP","floor":12.0},{"not_picked":["Hyperbeam","Thunder Strike"],"picked":"All For One","floor":16.0},{"not_picked":["Leap","Sweeping Beam","Loop+1"],"picked":"SKIP","floor":18.0},{"not_picked":["Go for the Eyes","Ball Lightning","Leap"],"picked":"SKIP","floor":19.0},{"not_picked":["Streamline","Gash","Steam"],"picked":"SKIP","floor":22.0},{"not_picked":["Creative AI","Stack"],"picked":"Reinforced Body","floor":27.0},{"not_picked":["Hologram","Skim+1"],"picked":"Seek","floor":30.0},{"not_picked":["Echo Form","Seek"],"picked":"Multi-Cast","floor":33.0},{"not_picked":["Turbo","Hologram","Barrage"],"picked":"SKIP","floor":35.0},{"not_picked":["Auto Shields","Stack"],"picked":"Skim","floor":36.0},{"not_picked":["Ball Lightning+1","Gash","Turbo+1"],"picked":"SKIP","floor":38.0},{"not_picked":["Lockon","Coolheaded+1","Chill+1"],"picked":"SKIP","floor":39.0},{"not_picked":["Melter","Barrage","Redo"],"picked":"SKIP","floor":41.0},{"not_picked":["Turbo","Steam","Defragment"],"picked":"SKIP","floor":45.0},{"not_picked":["Coolheaded","Auto Shields","Sunder"],"picked":"SKIP","floor":47.0},{"not_picked":["Stack","Rip and Tear","Creative AI"],"picked":"SKIP","floor":48.0},{"not_picked":["Loop+1","Melter+1","Steam+1"],"picked":"SKIP","floor":55.0}],"player_experience":4406467,"relics_obtained":[{"floor":7.0,"key":"The Courier"},{"floor":9.0,"key":"Bottled Lightning"},{"floor":12.0,"key":"Blue Candle"},{"floor":13.0,"key":"Art of War"},{"floor":14.0,"key":"Gremlin Horn"},{"floor":27.0,"key":"Whetstone"},{"floor":30.0,"key":"WingedGreaves"},{"floor":37.0,"key":"Shuriken"},{"floor":41.0,"key":"Orichalcum"},{"floor":45.0,"key":"Kunai"},{"floor":47.0,"key":"Strawberry"},{"floor":48.0,"key":"Nunchaku"},{"floor":55.0,"key":"Blood Vial"}],"event_choices":[{"damage_healed":0.0,"max_hp_gain":0.0,"max_hp_loss":0.0,"gold_gain":0.0,"event_name":"Dead Adventurer","player_choice":"Searched \u00271\u0027 times","floor":13.0,"gold_loss":0.0,"damage_taken":0.0},{"damage_healed":0.0,"max_hp_gain":0.0,"max_hp_loss":0.0,"gold_gain":360.0,"event_name":"Knowing Skull","player_choice":"GOLD GOLD GOLD GOLD ","floor":21.0,"potions_obtained":[],"gold_loss":0.0,"damage_taken":35.0,"cards_obtained":[]},{"damage_healed":0.0,"max_hp_gain":0.0,"max_hp_loss":0.0,"gold_gain":0.0,"event_name":"Cursed Tome","player_choice":"Ignored","floor":24.0,"gold_loss":0.0,"damage_taken":0.0},{"damage_healed":0.0,"max_hp_gain":0.0,"max_hp_loss":0.0,"gold_gain":0.0,"event_name":"The Woman in Blue","player_choice":"Bought 0 Potions","floor":28.0,"gold_loss":0.0,"damage_taken":0.0}],"is_beta":false,"boss_relics":[{"not_picked":["Fusion Hammer","Philosopher\u0027s Stone"],"picked":"Sozu"},{"not_picked":["Snecko Eye","Lizard Tail"],"picked":"Empty Cage"}],"items_purged_floors":[3,11,20,44],"is_endless":false,"potions_floor_spawned":[5,12,13,16,18,19,27,35,36,47],"ascension_level":20}