{"gold_per_floor":[367,387,312,325,337,337,356,375,398,398,110,110,110,128,128,204,204,224,241,241,270,46,72,72,72,72,87,87,98,98,113,113,185,185,197,197,197,212,62,93,93,119,167,197,197,197,211,230,230,230,230,230,230,17,49,49],"floor_reached":57,"playtime":4095,"items_purged":["Strike_G","Strike_G","Strike_G","Defend_G","Strike_G"],"score":3364,"play_id":"702b1faa-c8de-40f9-8658-d655c33c6bb5","local_time":"20181223170404","is_ascension_mode":true,"campfire_choices":[{"data":"Neutralize","floor":6.0,"key":"SMITH"},{"data":"Apotheosis","floor":12.0,"key":"SMITH"},{"data":"Calculated Gamble","floor":15.0,"key":"SMITH"},{"floor":25.0,"key":"RECALL"},{"floor":32.0,"key":"REST"},{"floor":41.0,"key":"REST"},{"floor":45.0,"key":"REST"},{"floor":49.0,"key":"REST"},{"floor":53.0,"key":"REST"}],"neow_cost":"TEN_PERCENT_HP_LOSS","seed_source_timestamp":16796810580069,"circlet_count":0,"master_deck":["AscendersBane","Defend_G","Defend_G","Survivor","Escape Plan","Tactician","Backflip","Footwork","Calculated Gamble+1","Acrobatics","Apotheosis+1","Burst","Tactician","Well Laid Plans","Purity","Acrobatics","Adrenaline","Grand Finale","Expertise+1"],"special_seed":0,"relics":["Ring of the Snake","PreservedInsect","Fusion Hammer","Red Mask","Bronze Scales","Empty Cage","Smiling Mask","Dream Catcher","Strawberry","Oddly Smooth Stone","Question Card","Pen Nib","Du-Vu Doll"],"potions_floor_usage":[56,56],"damage_taken":[{"damage":1.0,"enemies":"Cultist","floor":1.0,"turns":5.0},{"damage":4.0,"enemies":"Small Slimes","floor":2.0,"turns":6.0},{"damage":2.0,"enemies":"Jaw Worm","floor":4.0,"turns":6.0},{"damage":3.0,"enemies":"3 Louse","floor":5.0,"turns":8.0},{"damage":0.0,"enemies":"Blue Slaver","floor":7.0,"turns":6.0},{"damage":0.0,"enemies":"Exordium Wildlife","floor":8.0,"turns":4.0},{"damage":0.0,"enemies":"3 Louse","floor":14.0,"turns":7.0},{"damage":0.0,"enemies":"The Guardian","floor":16.0,"turns":15.0},{"damage":0.0,"enemies":"Spheric Guardian","floor":18.0,"turns":4.0},{"damage":0.0,"enemies":"Shell Parasite","floor":19.0,"turns":5.0},{"damage":0.0,"enemies":"Colosseum Slavers","floor":20.0,"turns":5.0},{"damage":0.0,"enemies":"Masked Bandits","floor":21.0,"turns":4.0},{"damage":17.0,"enemies":"Slavers","floor":23.0,"turns":12.0},{"damage":0.0,"enemies":"Snake Plant","floor":27.0,"turns":7.0},{"damage":0.0,"enemies":"Snecko","floor":29.0,"turns":7.0},{"damage":0.0,"enemies":"Chosen and Byrds","floor":31.0,"turns":2.0},{"damage":0.0,"enemies":"Automaton","floor":33.0,"turns":3.0},{"damage":0.0,"enemies":"Orb Walker","floor":35.0,"turns":1.0},{"damage":0.0,"enemies":"3 Shapes","floor":38.0,"turns":3.0},{"damage":0.0,"enemies":"Reptomancer","floor":40.0,"turns":1.0},{"damage":0.0,"enemies":"Giant Head","floor":42.0,"turns":1.0},{"damage":0.0,"enemies":"Nemesis","floor":44.0,"turns":1.0},{"damage":0.0,"enemies":"Maw","floor":47.0,"turns":1.0},{"damage":0.0,"enemies":"Spire Growth","floor":48.0,"turns":1.0},{"damage":0.0,"enemies":"Awakened One","floor":50.0,"turns":2.0},{"damage":0.0,"enemies":"Donu and Deca","floor":51.0,"turns":1.0},{"damage":0.0,"enemies":"Shield and Spear","floor":55.0,"turns":1.0},{"damage":0,"enemies":"The Heart","floor":56,"turns":4}],"seed_played":"2820564536274025628","potions_obtained":[{"floor":1.0,"key":"Block Potion"},{"floor":8.0,"key":"GamblersBrew"},{"floor":14.0,"key":"Swift Potion"},{"floor":23.0,"key":"SpeedPotion"},{"floor":33.0,"key":"Swift Potion"},{"floor":55.0,"key":"LiquidBronze"}],"is_trial":false,"path_per_floor":["M","M","$","M","M","R","M","M","T","?","$","R","$","M","R","B",null,"M","M","?","?","$","E","$","R","T","M","?","M","$","M","R","B",null,"M","?","?","M","$","E","R","E","T","E","R","T","M","M","R","B","B",null,"R","$","E","B",null],"character_chosen":"THE_SILENT","items_purchased":["Apotheosis","Purity","Pen Nib"],"campfire_rested":5,"item_purchase_floors":[11,22,54],"current_hp_per_floor":[58,54,54,52,49,49,49,49,49,49,49,49,49,49,49,49,57,57,57,57,57,57,40,40,40,40,40,40,40,40,40,58,58,60,60,60,57,57,57,57,57,57,64,64,64,64,64,64,64,64,64,64,64,64,64,64],"gold":49,"neow_bonus":"TWO_FIFTY_GOLD","is_prod":false,"is_daily":false,"chose_seed":false,"campfire_upgraded":3,"win_rate":0,"timestamp":1545555844,"path_taken":["M","M","$","M","?","R","M","M","T","?","?","R","$","M","R","BOSS","M","M","?","?","?","E","$","R","T","M","?","?","?","M","R","BOSS","M","?","?","M","$","E","R","E","T","E","R","?","M","M","R","BOSS","BOSS","R","$","E","BOSS"],"build_version":"2018-12-20","purchased_purges":5,"victory":true,"max_hp_per_floor":[60,60,60,60,60,60,60,60,60,60,60,60,60,60,60,60,60,60,60,60,60,60,60,60,60,60,60,60,60,60,60,60,60,60,60,60,57,57,57,57,57,57,64,64,64,64,64,64,64,64,64,64,64,64,64,64],"card_choices":[{"not_picked":["Outmaneuver","Cloak And Dagger"],"picked":"Escape Plan","floor":1.0},{"not_picked":["Prepared","Calculated Gamble"],"picked":"Tactician","floor":2.0},{"not_picked":["Dagger Spray","PiercingWail"],"picked":"Backflip","floor":4.0},{"not_picked":["Poisoned Stab","PiercingWail"],"picked":"Footwork","floor":5.0},{"not_picked":["Flying Knee","Sucker Punch"],"picked":"Calculated Gamble","floor":7.0},{"not_picked":["Finisher","Tools of the Trade"],"picked":"Acrobatics","floor":8.0},{"not_picked":["Heel Hook","Riddle With Holes","Outmaneuver"],"picked":"SKIP","floor":14.0},{"not_picked":["Unload","Venomology"],"picked":"Burst","floor":16.0},{"not_picked":["Dodge and Roll","Heel Hook"],"picked":"Tactician","floor":18.0},{"not_picked":["Blade Dance","Reflex"],"picked":"Well Laid Plans","floor":19.0},{"not_picked":["Eviscerate+1","Quick Slash+1","Distraction"],"picked":"SKIP","floor":23.0},{"not_picked":["Quick Slash","PiercingWail","Heel Hook+1"],"picked":"SKIP","floor":27.0},{"not_picked":["Concentrate","Flying Knee","Deadly Poison"],"picked":"SKIP","floor":29.0},{"not_picked":["Catalyst","Dagger Spray"],"picked":"Acrobatics","floor":31.0},{"not_picked":["Phantasmal Killer","Storm of Steel"],"picked":"Adrenaline","floor":33.0},{"not_picked":["Backflip+1","Setup","Dagger Spray"],"picked":"SKIP","floor":35.0},{"not_picked":["Escape Plan","Blade Dance+1","Deflect"],"picked":"SKIP","floor":38.0},{"not_picked":["Backflip","Night Terror"],"picked":"Grand Finale","floor":40.0},{"not_picked":["Predator","Deflect","Blade Dance+1"],"picked":"SKIP","floor":42.0},{"not_picked":["Expertise+1","Riddle With Holes+1","Terror"],"picked":"SKIP","floor":44.0},{"not_picked":["Riddle With Holes+1","Terror"],"picked":"Expertise+1","floor":44.0},{"not_picked":["Cloak And Dagger","Distraction","Backstab+1","Infinite Blades"],"picked":"SKIP","floor":47.0},{"not_picked":["Dagger Throw+1","Sucker Punch","Bane","All Out Attack+1"],"picked":"SKIP","floor":48.0},{"not_picked":["Slice","Poisoned Stab","Venomology","Distraction"],"picked":"SKIP","floor":55.0}],"player_experience":1431390,"relics_obtained":[{"floor":9.0,"key":"PreservedInsect"},{"floor":21.0,"key":"Red Mask"},{"floor":23.0,"key":"Bronze Scales"},{"floor":40.0,"key":"Smiling Mask"},{"floor":42.0,"key":"Dream Catcher"},{"floor":43.0,"key":"Strawberry"},{"floor":44.0,"key":"Oddly Smooth Stone"},{"floor":46.0,"key":"Question Card"},{"floor":55.0,"key":"Du-Vu Doll"}],"event_choices":[{"damage_healed":0.0,"max_hp_gain":0.0,"max_hp_loss":0.0,"gold_gain":0.0,"event_name":"Dead Adventurer","player_choice":"Searched \u00270\u0027 times","floor":10.0,"gold_loss":0.0,"damage_taken":0.0},{"damage_healed":0.0,"max_hp_gain":0.0,"max_hp_loss":0.0,"gold_gain":0.0,"event_name":"Colosseum","player_choice":"Fight","floor":20.0,"gold_loss":0.0,"damage_taken":0.0},{"damage_healed":0.0,"max_hp_gain":0.0,"max_hp_loss":0.0,"gold_gain":0.0,"event_name":"Colosseum","player_choice":"Fled From Nobs","floor":20.0,"gold_loss":0.0,"damage_taken":0.0},{"damage_healed":0.0,"max_hp_gain":0.0,"max_hp_loss":0.0,"gold_gain":0.0,"event_name":"Masked Bandits","player_choice":"Fought Bandits","floor":21.0,"gold_loss":0.0,"damage_taken":0.0},{"cards_removed":["Defend_G"],"damage_healed":0.0,"max_hp_gain":0.0,"max_hp_loss":0.0,"gold_gain":0.0,"event_name":"Back to Basics","player_choice":"Elegance","floor":28.0,"gold_loss":0.0,"damage_taken":0.0},{"cards_removed":["Neutralize"],"damage_healed":0.0,"max_hp_gain":0.0,"max_hp_loss":0.0,"gold_gain":0.0,"event_name":"Falling","player_choice":"Removed Attack","floor":36.0,"gold_loss":0.0,"damage_taken":0.0},{"damage_healed":0.0,"max_hp_gain":0.0,"max_hp_loss":3.0,"gold_gain":0.0,"event_name":"Winding Halls","player_choice":"Max HP","floor":37.0,"gold_loss":0.0,"damage_taken":0.0}],"is_beta":false,"boss_relics":[{"not_picked":["Runic Dome","Pandora\u0027s Box"],"picked":"Fusion Hammer"},{"not_picked":["Ring of the Serpent","Orrery"],"picked":"Empty Cage"}],"items_purged_floors":[3,11,22,39,54],"is_endless":false,"potions_floor_spawned":[1,8,14,20,23,33,40,48,55],"ascension_level":20}