{"gold_per_floor":[119,136,147,158,169,202,202,229,229,116,130,130,140,40,40,114,114,94,94,94,94,113,113,131,131,155,171,171,22,0,0,0,74,74,94,111,161,36,46,46],"floor_reached":40,"playtime":4142,"items_purged":["Strike_R","Strike_R","Strike_R"],"score":744,"play_id":"101794c8-88af-46dc-b1c6-d6679a4ae2fd","local_time":"20190804002210","is_ascension_mode":true,"campfire_choices":[{"data":"Corruption","floor":7.0,"key":"SMITH"},{"floor":12.0,"key":"REST"},{"data":"Metallicize","floor":15.0,"key":"SMITH"},{"data":"Limit Break","floor":23.0,"key":"SMITH"},{"data":"Searing Blow+1","floor":25.0,"key":"SMITH"},{"data":"Searing Blow+2","floor":28.0,"key":"SMITH"},{"floor":32.0,"key":"REST"}],"neow_cost":"NONE","seed_source_timestamp":15666344462786,"circlet_count":0,"master_deck":["AscendersBane","Strike_R","Strike_R","Defend_R","Defend_R","Defend_R","Defend_R","Bash+1","Metallicize","Flex","Cleave","Shrug It Off","Spot Weakness","Corruption+1","Sword Boomerang","Metallicize+1","Clothesline+1","Ghostly Armor","Limit Break+1","Evolve","RitualDagger+1","Hemokinesis+1","Searing Blow+3","Feel No Pain","Reaper+1","Uppercut+1","Flame Barrier"],"special_seed":0,"relics":["Burning Blood","Pantograph","Ornamental Fan","Molten Egg 2","Runic Cube","Red Skull","Bronze Scales","Cursed Key"],"potions_floor_usage":[39],"damage_taken":[{"damage":10.0,"enemies":"Cultist","floor":1.0,"turns":5.0},{"damage":2.0,"enemies":"Jaw Worm","floor":2.0,"turns":6.0},{"damage":6.0,"enemies":"Small Slimes","floor":3.0,"turns":4.0},{"damage":2.0,"enemies":"Looter","floor":4.0,"turns":3.0},{"damage":2.0,"enemies":"Blue Slaver","floor":5.0,"turns":6.0},{"damage":41.0,"enemies":"Gremlin Nob","floor":6.0,"turns":5.0},{"damage":36.0,"enemies":"3 Sentries","floor":8.0,"turns":9.0},{"damage":2.0,"enemies":"3 Louse","floor":11.0,"turns":4.0},{"damage":7.0,"enemies":"Exordium Thugs","floor":13.0,"turns":4.0},{"damage":24.0,"enemies":"Hexaghost","floor":16.0,"turns":13.0},{"damage":19.0,"enemies":"2 Thieves","floor":18.0,"turns":5.0},{"damage":14.0,"enemies":"Shell Parasite","floor":22.0,"turns":4.0},{"damage":31.0,"enemies":"Snake Plant","floor":24.0,"turns":7.0},{"damage":12.0,"enemies":"Snecko","floor":27.0,"turns":5.0},{"damage":0.0,"enemies":"Centurion and Healer","floor":31.0,"turns":1.0},{"damage":41.0,"enemies":"Champ","floor":33.0,"turns":16.0},{"damage":25.0,"enemies":"3 Darklings","floor":35.0,"turns":6.0},{"damage":10.0,"enemies":"Orb Walker","floor":36.0,"turns":3.0},{"damage":27,"enemies":"Jaw Worm Horde","floor":39,"turns":5},{"damage":28,"enemies":"Nemesis","floor":40,"turns":2}],"seed_played":"8991061159308451329","potions_obtained":[{"floor":2.0,"key":"EssenceOfSteel"},{"floor":6.0,"key":"Poison Potion"},{"floor":8.0,"key":"Swift Potion"},{"floor":13.0,"key":"AttackPotion"},{"floor":16.0,"key":"BloodPotion"},{"floor":18.0,"key":"Dexterity Potion"},{"floor":22.0,"key":"SmokeBomb"},{"floor":24.0,"key":"Block Potion"},{"floor":36.0,"key":"AttackPotion"}],"is_trial":false,"path_per_floor":["M","M","M","M","M","E","R","E","T","$","M","R","M","$","R","B",null,"M","?","?","?","M","R","M","R","T","M","R","$","?","M","R","B",null,"M","M","?","$","M","E"],"character_chosen":"IRONCLAD","items_purchased":["Metallicize","Bronze Scales"],"campfire_rested":2,"item_purchase_floors":[10,29],"current_hp_per_floor":[64,68,68,72,75,40,40,10,10,10,14,36,35,35,35,42,67,62,56,56,56,48,48,23,23,23,17,17,17,17,23,45,35,65,46,42,35,35,14,0],"gold":46,"neow_bonus":"UPGRADE_CARD","is_prod":false,"is_daily":false,"chose_seed":false,"campfire_upgraded":5,"win_rate":0,"timestamp":1564892530,"path_taken":["M","M","M","?","M","E","R","E","T","$","M","R","M","?","R","BOSS","M","?","?","?","M","R","M","R","T","M","R","$","?","M","R","BOSS","M","M","?","?","M","E"],"build_version":"2019-07-17","purchased_purges":3,"victory":false,"max_hp_per_floor":[75,75,75,75,75,75,75,75,75,75,75,75,75,75,75,75,75,75,75,75,75,75,75,75,75,75,75,75,75,75,75,75,75,75,75,75,75,75,75,75],"card_choices":[{"not_picked":["Pommel Strike","Iron Wave"],"picked":"Metallicize","floor":1.0},{"not_picked":["Warcry","Thunderclap"],"picked":"Flex","floor":2.0},{"not_picked":["True Grit","Second Wind"],"picked":"Cleave","floor":3.0},{"not_picked":["Sentinel","Clash"],"picked":"Shrug It Off","floor":4.0},{"not_picked":["Warcry","Perfected Strike"],"picked":"Spot Weakness","floor":5.0},{"not_picked":["Brutality","Armaments"],"picked":"Corruption","floor":6.0},{"not_picked":["Blood for Blood","Corruption"],"picked":"Sword Boomerang","floor":8.0},{"not_picked":["Bloodletting","Dual Wield"],"picked":"Clothesline+1","floor":11.0},{"not_picked":["Cleave+1","Armaments"],"picked":"Ghostly Armor","floor":13.0},{"not_picked":["Juggernaut","Feed+1"],"picked":"Limit Break","floor":16.0},{"not_picked":["Perfected Strike+1","Clash+1"],"picked":"Evolve","floor":18.0},{"not_picked":["Body Slam+1","Iron Wave+1"],"picked":"Searing Blow+1","floor":22.0},{"not_picked":["Bloodletting","Ghostly Armor"],"picked":"Feel No Pain","floor":24.0},{"not_picked":["Perfected Strike+1","Armaments","Inflame"],"picked":"SKIP","floor":27.0},{"not_picked":["Offering","Bludgeon+1"],"picked":"Reaper+1","floor":33.0},{"not_picked":["Clothesline+1","Warcry","Armaments"],"picked":"SKIP","floor":35.0},{"not_picked":["Corruption","Dropkick+1"],"picked":"Uppercut+1","floor":36.0},{"not_picked":["Havoc","Dropkick+1"],"picked":"Flame Barrier","floor":39}],"player_experience":463196,"relics_obtained":[{"floor":6.0,"key":"Pantograph"},{"floor":8.0,"key":"Ornamental Fan"},{"floor":9.0,"key":"Molten Egg 2"},{"floor":26.0,"key":"Red Skull"}],"event_choices":[{"damage_healed":0.0,"max_hp_gain":0.0,"max_hp_loss":0.0,"gold_gain":0.0,"event_name":"Nest","player_choice":"Joined the Cult","floor":19.0,"gold_loss":0.0,"damage_taken":6.0,"cards_obtained":["RitualDagger"]},{"damage_healed":0.0,"max_hp_gain":0.0,"max_hp_loss":0.0,"gold_gain":0.0,"event_name":"The Library","player_choice":"Read","floor":20.0,"gold_loss":0.0,"damage_taken":0.0,"cards_obtained":["Hemokinesis"]},{"damage_healed":0.0,"max_hp_gain":0.0,"max_hp_loss":0.0,"gold_gain":0.0,"event_name":"Vampires","player_choice":"Ignored","floor":21.0,"gold_loss":0.0,"damage_taken":0.0},{"damage_healed":0.0,"max_hp_gain":0.0,"max_hp_loss":0.0,"gold_gain":0.0,"event_name":"Masked Bandits","player_choice":"Paid Fearfully","floor":30.0,"gold_loss":22.0,"damage_taken":0.0},{"damage_healed":0.0,"max_hp_gain":0.0,"max_hp_loss":0.0,"gold_gain":50.0,"event_name":"FaceTrader","player_choice":"Touch","floor":37.0,"gold_loss":0.0,"damage_taken":7.0}],"is_beta":false,"boss_relics":[{"not_picked":["Runic Dome","Fusion Hammer"],"picked":"Runic Cube"},{"not_picked":["Busted Crown","Black Blood"],"picked":"Cursed Key"}],"items_purged_floors":[10,14,38],"is_endless":false,"potions_floor_spawned":[2,6,8,13,16,18,22,24,36],"killed_by":"Nemesis","ascension_level":15}