{"gold_per_floor":[115,115,128,128,138,138,173,173,173,173,26,26,51,70,70,145,145,156,175,90,90,15,50,50,63,63,63,76,76,76,93,93,165,165,182,201,201,219,230,230,247,247,247,262,278,65,65,97,97,97,97,97,97,9,36,36],"floor_reached":57,"playtime":3183,"items_purged":["Strike_B"],"score":2624,"play_id":"76052fea-aa43-473b-a4d2-f8c40c587368","local_time":"20190308160738","is_ascension_mode":true,"campfire_choices":[{"data":"Sunder","floor":6.0,"key":"SMITH"},{"data":"Sunder","floor":8.0,"key":"SMITH"},{"data":"Beam Cell","floor":10.0,"key":"SMITH"},{"data":"Defragment","floor":15.0,"key":"SMITH"},{"data":"Coolheaded","floor":24.0,"key":"SMITH"},{"data":"Turbo","floor":27.0,"key":"SMITH"},{"data":"Hologram","floor":30.0,"key":"SMITH"},{"floor":32.0,"key":"REST"},{"data":"Loop","floor":40.0,"key":"SMITH"},{"data":"Echo Form","floor":42.0,"key":"SMITH"},{"floor":47.0,"key":"RECALL"},{"floor":49.0,"key":"REST"},{"data":"Glacier","floor":53.0,"key":"SMITH"}],"neow_cost":"TEN_PERCENT_HP_LOSS","seed_source_timestamp":14587104204533,"circlet_count":0,"master_deck":["AscendersBane","Strike_B","Defend_B","Defend_B","Defend_B","Defend_B","Zap","Dualcast","Sunder+1","Auto Shields","Sunder+1","Beam Cell+1","Defragment+1","Turbo+1","Coolheaded+1","Loop+1","Hologram+1","Creative AI","Go for the Eyes+1","Glacier+1","Conserve Battery+1","Echo Form","Echo Form+1","Consume+1","Storm"],"special_seed":0,"relics":["Cracked Core","Gambling Chip","Kunai","Dodecahedron","Nuclear Battery","Centennial Puzzle","Singing Bowl","Letter Opener","Snecko Eye","Ice Cream","ClockworkSouvenir","Strawberry","Ginger"],"potions_floor_usage":[56,56],"damage_taken":[{"damage":3.0,"enemies":"2 Louse","floor":1.0,"turns":4.0},{"damage":9.0,"enemies":"Jaw Worm","floor":3.0,"turns":4.0},{"damage":0.0,"enemies":"Cultist","floor":5.0,"turns":2.0},{"damage":0.0,"enemies":"Gremlin Nob","floor":7.0,"turns":3.0},{"damage":3.0,"enemies":"Lagavulin","floor":13.0,"turns":7.0},{"damage":0.0,"enemies":"3 Louse","floor":14.0,"turns":2.0},{"damage":25.0,"enemies":"The Guardian","floor":16.0,"turns":8.0},{"damage":6.0,"enemies":"3 Byrds","floor":18.0,"turns":5.0},{"damage":6.0,"enemies":"Chosen","floor":19.0,"turns":5.0},{"damage":21.0,"enemies":"Gremlin Leader","floor":23.0,"turns":8.0},{"damage":5.0,"enemies":"Snecko","floor":25.0,"turns":3.0},{"damage":0.0,"enemies":"Sentry and Sphere","floor":28.0,"turns":3.0},{"damage":20.0,"enemies":"Shelled Parasite and Fungi","floor":31.0,"turns":6.0},{"damage":2.0,"enemies":"Champ","floor":33.0,"turns":23.0},{"damage":0.0,"enemies":"3 Shapes","floor":35.0,"turns":5.0},{"damage":0.0,"enemies":"Orb Walker","floor":36.0,"turns":2.0},{"damage":0.0,"enemies":"Sphere and 2 Shapes","floor":38.0,"turns":9.0},{"damage":0.0,"enemies":"Maw","floor":39.0,"turns":7.0},{"damage":0.0,"enemies":"Jaw Worm Horde","floor":41.0,"turns":4.0},{"damage":1.0,"enemies":"Writhing Mass","floor":44.0,"turns":4.0},{"damage":3.0,"enemies":"Transient","floor":45.0,"turns":6.0},{"damage":14.0,"enemies":"Nemesis","floor":48.0,"turns":9.0},{"damage":14.0,"enemies":"Time Eater","floor":50.0,"turns":12.0},{"damage":20.0,"enemies":"Awakened One","floor":51.0,"turns":9.0},{"damage":37.0,"enemies":"Shield and Spear","floor":55.0,"turns":4.0},{"damage":49,"enemies":"The Heart","floor":56,"turns":10}],"seed_played":"5148254767125749561","potions_obtained":[{"floor":1.0,"key":"Strength Potion"},{"floor":5.0,"key":"Block Potion"},{"floor":7.0,"key":"Dexterity Potion"},{"floor":14.0,"key":"Fire Potion"},{"floor":23.0,"key":"FearPotion"},{"floor":31.0,"key":"Poison Potion"},{"floor":33.0,"key":"PowerPotion"},{"floor":41.0,"key":"AttackPotion"},{"floor":45.0,"key":"Fruit Juice"},{"floor":48.0,"key":"Weak Potion"},{"floor":55.0,"key":"LiquidBronze"}],"is_trial":false,"path_per_floor":["M","?","M","?","M","R","E","R","T","R","$","T","E","M","R","B",null,"M","M","?","?","$","E","R","M","T","R","M","?","R","M","R","B",null,"M","M","?","M","M","R","M","R","T","M","M","$","R","E","R","B","B",null,"R","$","E","B",null],"character_chosen":"DEFECT","items_purchased":["Defragment","Turbo","Coolheaded","ClockworkSouvenir","Storm"],"campfire_rested":2,"item_purchase_floors":[11,11,11,46,54],"current_hp_per_floor":[61,66,57,57,57,57,57,57,57,57,57,57,54,54,54,29,59,53,47,47,47,47,28,28,25,25,25,27,27,27,7,29,27,63,65,67,67,69,71,71,71,71,71,72,76,76,76,71,101,87,67,93,93,93,58,9],"gold":36,"neow_bonus":"ONE_RARE_RELIC","is_prod":false,"is_daily":false,"chose_seed":false,"campfire_upgraded":10,"win_rate":0,"timestamp":1552032458,"path_taken":["M","?","M","?","M","R","E","R","T","R","?","?","E","M","R","BOSS","M","M","?","?","$","E","R","M","T","R","M","?","R","?","R","BOSS","M","M","?","M","M","R","M","R","T","M","M","?","R","E","R","BOSS","BOSS","R","$","E","BOSS"],"build_version":"2019-01-23","purchased_purges":1,"victory":true,"max_hp_per_floor":[64,69,69,69,69,69,69,69,69,69,69,69,69,69,69,69,69,69,69,69,69,69,71,71,73,73,73,75,75,75,75,75,75,75,77,79,79,81,83,83,83,83,83,85,92,92,92,101,101,101,101,101,101,101,103,103],"card_choices":[{"not_picked":["Rebound","Reinforced Body"],"picked":"Sunder","floor":1.0},{"not_picked":["Capacitor","Scrape"],"picked":"Auto Shields","floor":3.0},{"not_picked":["BootSequence","FTL"],"picked":"Beam Cell","floor":5.0},{"not_picked":["Sweeping Beam","Force Field","Lockon"],"picked":"SKIP","floor":7.0},{"not_picked":["Fusion","Ball Lightning"],"picked":"Loop","floor":13.0},{"not_picked":["Coolheaded","Rip and Tear"],"picked":"Hologram","floor":14.0},{"not_picked":["Fission","Electrodynamics"],"picked":"Creative AI","floor":16.0},{"not_picked":["Cold Snap","Barrage"],"picked":"Go for the Eyes+1","floor":18.0},{"not_picked":["Turbo","Conserve Battery+1"],"picked":"Glacier","floor":19.0},{"not_picked":["Steam Power","Force Field","Coolheaded"],"picked":"Singing Bowl","floor":23.0},{"not_picked":["Auto Shields+1","Beam Cell","Cold Snap+1"],"picked":"Singing Bowl","floor":25.0},{"not_picked":["Loop","Steam","Compile Driver"],"picked":"Singing Bowl","floor":28.0},{"not_picked":["Compile Driver+1","Hologram"],"picked":"Conserve Battery+1","floor":31.0},{"not_picked":["All For One","Hyperbeam"],"picked":"Echo Form","floor":33.0},{"not_picked":["Compile Driver","Go for the Eyes","Chaos"],"picked":"Singing Bowl","floor":35.0},{"not_picked":["Genetic Algorithm","Compile Driver","Reprogram"],"picked":"Singing Bowl","floor":36.0},{"not_picked":["Compile Driver+1","Barrage","Steam"],"picked":"Singing Bowl","floor":38.0},{"not_picked":["Chaos","Conserve Battery+1","Rebound"],"picked":"Singing Bowl","floor":39.0},{"not_picked":["Machine Learning","BootSequence"],"picked":"Consume+1","floor":41.0},{"not_picked":["Turbo","Barrage","Hologram"],"picked":"Singing Bowl","floor":44.0},{"not_picked":["Rebound","Hologram","Beam Cell"],"picked":"Singing Bowl","floor":45.0},{"not_picked":["Defragment","Cold Snap","Ball Lightning"],"picked":"Singing Bowl","floor":48.0},{"not_picked":["Chaos","Go for the Eyes","Genetic Algorithm"],"picked":"Singing Bowl","floor":55.0}],"player_experience":3403069,"relics_obtained":[{"floor":12.0,"key":"Kunai"},{"floor":13.0,"key":"Dodecahedron"},{"floor":23.0,"key":"Singing Bowl"},{"floor":26.0,"key":"Letter Opener"},{"floor":43.0,"key":"Ice Cream"},{"floor":48.0,"key":"Strawberry"},{"floor":55.0,"key":"Ginger"}],"event_choices":[{"damage_healed":0.0,"max_hp_gain":5.0,"max_hp_loss":0.0,"gold_gain":0.0,"event_name":"Big Fish","player_choice":"Donut","floor":2.0,"gold_loss":0.0,"damage_taken":0.0},{"damage_healed":0.0,"max_hp_gain":0.0,"max_hp_loss":0.0,"gold_gain":0.0,"cards_transformed":["Strike_B"],"event_name":"Living Wall","player_choice":"Change","floor":4.0,"gold_loss":0.0,"damage_taken":0.0,"cards_obtained":["Sunder"]},{"damage_healed":0.0,"max_hp_gain":0.0,"max_hp_loss":0.0,"gold_gain":0.0,"event_name":"Addict","player_choice":"Obtained Relic","floor":20.0,"gold_loss":85.0,"damage_taken":0.0,"relics_obtained":["Centennial Puzzle"]},{"damage_healed":0.0,"max_hp_gain":0.0,"max_hp_loss":0.0,"gold_gain":0.0,"event_name":"Vampires","player_choice":"Ignored","floor":21.0,"gold_loss":0.0,"damage_taken":0.0},{"cards_removed":["Strike_B"],"damage_healed":0.0,"max_hp_gain":0.0,"max_hp_loss":0.0,"gold_gain":0.0,"event_name":"Back to Basics","player_choice":"Elegance","floor":29.0,"gold_loss":0.0,"damage_taken":0.0},{"damage_healed":0.0,"max_hp_gain":0.0,"max_hp_loss":0.0,"gold_gain":0.0,"event_name":"Duplicator","player_choice":"Copied","floor":37.0,"gold_loss":0.0,"damage_taken":0.0,"cards_obtained":["Echo Form"]}],"is_beta":false,"boss_relics":[{"not_picked":["Fusion Hammer","Tiny House"],"picked":"Nuclear Battery"},{"not_picked":["Calling Bell","Lizard Tail"],"picked":"Snecko Eye"}],"items_purged_floors":[22],"is_endless":false,"potions_floor_spawned":[1,5,7,14,16,18,23,31,33,41,45,48,55],"ascension_level":20}