{"gold_per_floor":[114,74,224,149,149,149,160,185,238,257,275,275,35,62,62,139,139,154,172,172,172,192,192,206,206,206,40,53,79,90,122,122,193,193,209,222,222,242,257,285,285,313,313,313,23,23,52,52,52,52,52,52,52,52,82,82],"floor_reached":56,"playtime":1985,"items_purged":["Strike_G"],"score":2246,"play_id":"234c5598-85e7-4798-b77c-5ac7bfa4833b","local_time":"20190314012336","is_ascension_mode":true,"campfire_choices":[{"data":"Noxious Fumes","floor":6.0,"key":"SMITH"},{"data":"Deadly Poison","floor":12.0,"key":"SMITH"},{"data":"Neutralize","floor":15.0,"key":"SMITH"},{"data":"Catalyst","floor":23.0,"key":"SMITH"},{"data":"Burst","floor":25.0,"key":"SMITH"},{"data":"Tactician","floor":32.0,"key":"SMITH"},{"data":"Corpse Explosion","floor":41.0,"key":"SMITH"},{"data":"Survivor","floor":44.0,"key":"SMITH"},{"floor":49.0,"key":"RECALL"},{"data":"Defend_G","floor":53.0,"key":"SMITH"}],"neow_cost":"NONE","seed_source_timestamp":29327867244763,"circlet_count":0,"master_deck":["AscendersBane","Defend_G+1","Defend_G","Defend_G","Defend_G","Defend_G","Strike_G","Strike_G+1","Survivor+1","Neutralize+1","Noxious Fumes+1","Deadly Poison+1","Backstab+1","Well Laid Plans+1","Corpse Explosion+1","Backflip+1","Adrenaline","Catalyst+1","Prepared+1","Burst+1","Tactician+1","Tools of the Trade+1","PiercingWail+1","AscendersBane"],"special_seed":0,"relics":["Ring of the Serpent","NeowsBlessing","Frozen Egg 2","Bag of Preparation","Tiny Chest","Lantern","Bronze Scales","Sundial","Snake Skull","Juzu Bracelet","Art of War","Runic Pyramid","Centennial Puzzle","Vajra","DollysMirror","Whetstone","Gremlin Horn"],"potions_floor_usage":[56],"damage_taken":[{"damage":0.0,"enemies":"Small Slimes","floor":1.0,"turns":1.0},{"damage":0.0,"enemies":"Jaw Worm","floor":7.0,"turns":2.0},{"damage":0.0,"enemies":"3 Sentries","floor":8.0,"turns":1.0},{"damage":0.0,"enemies":"Cultist","floor":10.0,"turns":3.0},{"damage":4.0,"enemies":"Looter","floor":11.0,"turns":4.0},{"damage":24.0,"enemies":"The Guardian","floor":16.0,"turns":10.0},{"damage":1.0,"enemies":"3 Byrds","floor":18.0,"turns":2.0},{"damage":7.0,"enemies":"Shell Parasite","floor":19.0,"turns":5.0},{"damage":0.0,"enemies":"3 Cultists","floor":22.0,"turns":2.0},{"damage":1.0,"enemies":"Centurion and Healer","floor":24.0,"turns":6.0},{"damage":13.0,"enemies":"Snecko","floor":28.0,"turns":3.0},{"damage":14.0,"enemies":"Slavers","floor":29.0,"turns":2.0},{"damage":0.0,"enemies":"Chosen and Byrds","floor":30.0,"turns":2.0},{"damage":0.0,"enemies":"Gremlin Leader","floor":31.0,"turns":3.0},{"damage":0.0,"enemies":"Champ","floor":33.0,"turns":7.0},{"damage":0.0,"enemies":"Orb Walker","floor":35.0,"turns":3.0},{"damage":0.0,"enemies":"3 Darklings","floor":36.0,"turns":2.0},{"damage":0.0,"enemies":"4 Shapes","floor":38.0,"turns":3.0},{"damage":0.0,"enemies":"Maw","floor":39.0,"turns":3.0},{"damage":0.0,"enemies":"Nemesis","floor":40.0,"turns":3.0},{"damage":5.0,"enemies":"Reptomancer","floor":42.0,"turns":4.0},{"damage":0.0,"enemies":"Nemesis","floor":47.0,"turns":1.0},{"damage":13.0,"enemies":"Awakened One","floor":50.0,"turns":10.0},{"damage":8.0,"enemies":"Donu and Deca","floor":51.0,"turns":4.0},{"damage":26.0,"enemies":"Shield and Spear","floor":55.0,"turns":5.0},{"damage":36,"enemies":"The Heart","floor":56,"turns":3}],"seed_played":"-522500326809811530","potions_obtained":[{"floor":7.0,"key":"Explosive Potion"},{"floor":8.0,"key":"Block Potion"},{"floor":22.0,"key":"Swift Potion"},{"floor":24.0,"key":"Dexterity Potion"},{"floor":35.0,"key":"SpeedPotion"},{"floor":55.0,"key":"FearPotion"}],"is_trial":false,"path_per_floor":["M","$","?","?","T","R","M","E","T","M","M","R","$","T","R","B",null,"M","M","?","?","M","R","M","R","T","$","M","E","M","E","R","B",null,"M","M","?","M","M","E","R","E","T","R","$","$","E","?","R","B","B",null,"R","$","E","B"],"character_chosen":"THE_SILENT","items_purchased":["Noxious Fumes","Well Laid Plans+1","Lantern","Snake Skull","DollysMirror"],"campfire_rested":0,"item_purchase_floors":[2,13,13,27,45],"current_hp_per_floor":[59,59,59,59,59,59,59,59,59,59,55,55,55,55,55,31,57,56,49,49,49,49,49,48,48,48,48,35,21,21,21,21,21,55,55,55,60,60,60,60,60,55,55,55,55,55,55,55,55,42,34,58,58,58,32,0],"gold":82,"neow_bonus":"THREE_ENEMY_KILL","is_prod":false,"is_daily":false,"chose_seed":false,"campfire_upgraded":9,"win_rate":0,"timestamp":1552497816,"path_taken":["M","$","?","?","?","R","M","E","T","M","M","R","$","?","R","BOSS","M","M","?","?","M","R","M","R","T","?","?","E","M","E","R","BOSS","M","M","?","M","M","E","R","E","T","R","?","$","E","?","R","BOSS","BOSS","R","$","E","BOSS"],"build_version":"2019-01-23","purchased_purges":1,"victory":false,"max_hp_per_floor":[66,66,66,66,66,66,66,66,66,66,66,66,66,66,66,66,66,66,66,66,66,66,66,66,66,66,66,66,66,66,66,66,66,66,66,66,66,66,66,66,66,66,66,66,66,66,66,66,66,66,66,66,66,66,66,66],"card_choices":[{"not_picked":["Outmaneuver","Dagger Spray","Acrobatics"],"picked":"SKIP","floor":1.0},{"not_picked":["Blur","Flying Knee"],"picked":"Deadly Poison","floor":7.0},{"not_picked":["Flying Knee","Terror","Eviscerate"],"picked":"SKIP","floor":8.0},{"not_picked":["Dagger Spray","Finisher"],"picked":"Backstab","floor":10.0},{"not_picked":["Accuracy+1","Acrobatics","Prepared"],"picked":"SKIP","floor":11.0},{"not_picked":["Bullet Time","Doppelganger"],"picked":"Corpse Explosion","floor":16.0},{"not_picked":["Cloak And Dagger","Bouncing Flask","Underhanded Strike"],"picked":"SKIP","floor":18.0},{"not_picked":["Blade Dance","Deadly Poison"],"picked":"Backflip+1","floor":19.0},{"not_picked":["Dagger Spray","Endless Agony"],"picked":"Prepared+1","floor":22.0},{"not_picked":["Flying Knee","Skewer"],"picked":"Burst","floor":24.0},{"not_picked":["Acrobatics","Leg Sweep"],"picked":"Tactician","floor":28.0},{"not_picked":["PiercingWail","Blade Dance","Catalyst"],"picked":"SKIP","floor":29.0},{"not_picked":["Blur","Underhanded Strike","Deadly Poison"],"picked":"SKIP","floor":30.0},{"not_picked":["Expertise","Crippling Poison","Setup"],"picked":"SKIP","floor":31.0},{"not_picked":["Phantasmal Killer","Burst"],"picked":"Tools of the Trade+1","floor":33.0},{"not_picked":["Bane","Flechettes","Backflip+1"],"picked":"SKIP","floor":35.0},{"not_picked":["Deadly Poison","Infinite Blades+1","Outmaneuver"],"picked":"SKIP","floor":36.0},{"not_picked":["Dash+1","Well Laid Plans+1"],"picked":"PiercingWail+1","floor":38.0},{"not_picked":["Sucker Punch","PiercingWail","Deflect"],"picked":"SKIP","floor":39.0},{"not_picked":["Crippling Poison","Noxious Fumes+1","Sucker Punch"],"picked":"SKIP","floor":40.0},{"not_picked":["Sucker Punch","Backflip+1","Catalyst"],"picked":"SKIP","floor":42.0},{"not_picked":["Sucker Punch","Backflip+1","Catalyst"],"picked":"SKIP","floor":42.0},{"not_picked":["Cloak And Dagger+1","Tools of the Trade+1","Underhanded Strike"],"picked":"SKIP","floor":47.0},{"not_picked":["Quick Slash","Prepared+1","Outmaneuver"],"picked":"SKIP","floor":55.0}],"player_experience":3561992,"relics_obtained":[{"floor":5.0,"key":"Frozen Egg 2"},{"floor":8.0,"key":"Bag of Preparation"},{"floor":9.0,"key":"Tiny Chest"},{"floor":14.0,"key":"Bronze Scales"},{"floor":26.0,"key":"Sundial"},{"floor":29.0,"key":"Juzu Bracelet"},{"floor":31.0,"key":"Art of War"},{"floor":40.0,"key":"Centennial Puzzle"},{"floor":42.0,"key":"Vajra"},{"floor":47.0,"key":"Whetstone"},{"floor":55.0,"key":"Gremlin Horn"}],"event_choices":[{"damage_healed":0.0,"max_hp_gain":0.0,"max_hp_loss":0.0,"gold_gain":150.0,"event_name":"Liars Game","player_choice":"AGREE","floor":3.0,"gold_loss":0.0,"damage_taken":0.0,"cards_obtained":["Doubt"]},{"cards_removed":["Doubt"],"damage_healed":0.0,"max_hp_gain":0.0,"max_hp_loss":0.0,"gold_gain":0.0,"event_name":"The Cleric","player_choice":"Card Removal","floor":4.0,"gold_loss":75.0,"damage_taken":0.0},{"damage_healed":0.0,"max_hp_gain":0.0,"max_hp_loss":0.0,"gold_gain":0.0,"cards_transformed":["Strike_G","Strike_G"],"event_name":"Drug Dealer","player_choice":"Became Test Subject","floor":20.0,"gold_loss":0.0,"damage_taken":0.0,"cards_obtained":["Blade Dance","Adrenaline"]},{"damage_healed":0.0,"max_hp_gain":0.0,"max_hp_loss":0.0,"gold_gain":0.0,"event_name":"The Library","player_choice":"Read","floor":21.0,"gold_loss":0.0,"damage_taken":0.0,"cards_obtained":["Catalyst"]},{"cards_removed":["Blade Dance"],"damage_healed":5.0,"max_hp_gain":0.0,"max_hp_loss":0.0,"gold_gain":0.0,"event_name":"Bonfire Elementals","player_choice":"Offered Common","floor":37.0,"gold_loss":0.0,"damage_taken":0.0},{"cards_removed":["Blade Dance"],"damage_healed":5.0,"max_hp_gain":0.0,"max_hp_loss":0.0,"gold_gain":0.0,"event_name":"Bonfire Elementals","player_choice":"Offered Special","floor":37.0,"gold_loss":0.0,"damage_taken":0.0},{"damage_healed":0.0,"max_hp_gain":0.0,"max_hp_loss":0.0,"gold_gain":0.0,"event_name":"SensoryStone","player_choice":"Memory 1","floor":48.0,"gold_loss":0.0,"damage_taken":0.0}],"is_beta":false,"boss_relics":[{"not_picked":["Velvet Choker","HoveringKite"],"picked":"Ring of the Serpent"},{"not_picked":["Snecko Eye","WristBlade"],"picked":"Runic Pyramid"}],"items_purged_floors":[45],"is_endless":false,"potions_floor_spawned":[7,8,10,22,24,28,31,33,35,42,55],"killed_by":"The Heart","ascension_level":20}