{"path_per_floor":["M","M","M","?","?","M","M","$","T","M","R","E","M","$","R","B",null,"M"],"character_chosen":"THE_SILENT","items_purchased":[],"gold_per_floor":[115,135,145,145,220,237,254,179,204,223,223,251,271,171,171,268,268,208],"floor_reached":19,"campfire_rested":2,"playtime":716,"current_hp_per_floor":[63,63,53,53,42,40,36,36,36,28,49,14,9,9,30,4,70,56],"items_purged":["Strike_G","Defend_G"],"gold":208,"score":169,"play_id":"292ccf2d-4d3a-42a6-b269-7e045bca0605","is_prod":false,"is_daily":false,"is_ascension_mode":false,"campfire_upgraded":0,"path_taken":["M","M","M","?","?","M","M","?","T","M","R","E","M","$","R","BOSS","M","M"],"build_version":"2018-02-15-PROD1","purchased_purges":2,"victory":false,"master_deck":["Defend_G","Defend_G","Defend_G","Defend_G","Strike_G","Strike_G","Strike_G","Strike_G","Survivor","Neutralize","Underhanded Strike","Tactician","Deadly Poison","Noxious Fumes","Prepared","Eviscerate"],"max_hp_per_floor":[70,70,70,70,70,70,70,70,70,70,70,70,70,70,70,70,70,70],"relics":["Ring of the Snake","Snake Skull","Ancient Tea Set","Frozen Egg 2","Black Star"],"card_choices":[{"not_picked":["Well Laid Plans","Prepared"],"picked":"Underhanded Strike"},{"not_picked":["Sucker Punch","Flying Knee"],"picked":"Tactician"},{"not_picked":["Outmaneuver","Adrenaline"],"picked":"Deadly Poison"},{"not_picked":["Skewer","Backflip"],"picked":"Noxious Fumes"},{"not_picked":["All Out Attack","Sucker Punch"],"picked":"Prepared"},{"not_picked":["Deadly Poison","Underhanded Strike"],"picked":"Eviscerate"}],"player_experience":86456,"potions_floor_usage":[7],"damage_taken":[{"damage":7,"enemies":"Cultist","floor":1,"turns":5},{"damage":0,"enemies":"2 Louse","floor":2,"turns":2},{"damage":10,"enemies":"Jaw Worm","floor":3,"turns":6},{"damage":2,"enemies":"Looter","floor":6,"turns":4},{"damage":4,"enemies":"Gremlin Gang","floor":7,"turns":4},{"damage":8,"enemies":"3 Louse","floor":10,"turns":4},{"damage":35,"enemies":"Gremlin Nob","floor":12,"turns":5},{"damage":5,"enemies":"Blue Slaver","floor":13,"turns":4},{"damage":26,"enemies":"The Guardian","floor":16,"turns":10},{"damage":14,"enemies":"2 Thieves","floor":18,"turns":4},{"damage":0,"enemies":"Shell Parasite","floor":19,"turns":1}],"event_choices":[{"event_name":"Liars Game","player_choice":"disagreed","floor":4,"damage_taken":0},{"event_name":"World of Goop","player_choice":"Gather Gold","floor":5,"damage_taken":0}],"boss_relics":[{"not_picked":["Snecko Eye","Philosopher\u0027s Stone"],"picked":"Black Star"}],"potions_floor_spawned":[1,10,16],"seed_played":"-2396604853037662749","killed_by":"Shell Parasite","ascension_level":0,"is_trial":false}