{"gold_per_floor":[117,42,59,59,75,104,104,164,191,191],"floor_reached":10,"playtime":154,"items_purged":[],"score":136,"play_id":"4df2d2af-3aa6-40ec-be11-e44d469acee9","local_time":"20190731120240","is_ascension_mode":true,"campfire_choices":[{"data":"Neutralize","floor":7,"key":"SMITH"}],"neow_cost":"NONE","seed_source_timestamp":237216680136802,"circlet_count":0,"master_deck":["AscendersBane","Strike_G","Strike_G","Strike_G","Strike_G","Defend_G","Defend_G","Defend_G","Defend_G","Defend_G","Survivor","Neutralize+1","PiercingWail","Reflex","Tactician"],"relics":["Ring of the Snake","NeowsBlessing","SsserpentHead","Centennial Puzzle"],"potions_floor_usage":[6,6,10],"damage_taken":[{"damage":0,"enemies":"Small Slimes","floor":1,"turns":1},{"damage":0,"enemies":"Jaw Worm","floor":3,"turns":1},{"damage":0,"enemies":"Cultist","floor":5,"turns":1},{"damage":52,"enemies":"Gremlin Nob","floor":6,"turns":5},{"damage":4,"enemies":"3 Louse","floor":8,"turns":6},{"damage":0,"enemies":"Exordium Thugs","floor":10,"turns":1}],"seed_played":"-3412140582871365111","potions_obtained":[{"floor":3,"key":"AttackPotion"},{"floor":5,"key":"Swift Potion"},{"floor":8,"key":"Weak Potion"}],"is_trial":false,"path_per_floor":["M","?","M","?","M","E","R","M","T","M"],"character_chosen":"THE_SILENT","items_purchased":[],"campfire_rested":0,"item_purchase_floors":[],"current_hp_per_floor":[59,59,59,59,59,7,7,3,3,3],"gold":191,"neow_bonus":"THREE_ENEMY_KILL","is_prod":false,"is_daily":false,"chose_seed":false,"campfire_upgraded":1,"win_rate":0,"timestamp":1564542160,"path_taken":["M","?","M","?","M","E","R","?","T","M"],"build_version":"2019-07-17","purchased_purges":0,"victory":false,"max_hp_per_floor":[66,66,66,66,66,66,66,66,66,66],"card_choices":[{"not_picked":["Prepared","PiercingWail","Deflect"],"picked":"SKIP","floor":1},{"not_picked":["Prepared","Deflect"],"picked":"PiercingWail","floor":1},{"not_picked":["Slice","PiercingWail"],"picked":"Reflex","floor":3},{"not_picked":["Deflect","Concentrate","Outmaneuver"],"picked":"SKIP","floor":5},{"not_picked":["Cloak And Dagger","Heel Hook","Dagger Spray"],"picked":"SKIP","floor":6},{"not_picked":["Cloak And Dagger","Heel Hook","Dagger Spray"],"picked":"SKIP","floor":6},{"not_picked":["PiercingWail","Heel Hook"],"picked":"Tactician","floor":8}],"player_experience":705686,"relics_obtained":[{"floor":6,"key":"Centennial Puzzle"}],"event_choices":[{"cards_removed":["Strike_G"],"damage_healed":0,"gold_gain":0,"player_choice":"Card Removal","damage_taken":0,"max_hp_gain":0,"max_hp_loss":0,"event_name":"The Cleric","floor":2,"gold_loss":75},{"damage_healed":0,"gold_gain":0,"player_choice":"Trade","damage_taken":0,"relics_obtained":["SsserpentHead"],"max_hp_gain":0,"max_hp_loss":0,"event_name":"FaceTrader","floor":4,"gold_loss":0}],"is_beta":false,"boss_relics":[],"items_purged_floors":[],"is_endless":false,"potions_floor_spawned":[3,5,8],"killed_by":"Exordium Thugs","ascension_level":20}