{"gold_per_floor":[18,18,31,31,45,45,64,64,64,96,21,21,21,21,21,21],"floor_reached":16,"playtime":305,"items_purged":["Strike_R"],"score":181,"play_id":"d1e08e2a-532b-4d68-b2f8-ecee975009c4","local_time":"20180923160142","is_ascension_mode":true,"campfire_choices":[{"data":"Power Through","floor":6,"key":"SMITH"},{"data":"Headbutt","floor":8,"key":"SMITH"},{"floor":13,"key":"REST"},{"data":"Strike_R","floor":15,"key":"PURGE"}],"neow_cost":"NO_GOLD","seed_source_timestamp":185516258612811,"circlet_count":0,"master_deck":["Strike_R","Strike_R","Strike_R","Defend_R","Defend_R","Defend_R","Defend_R","Bash","AscendersBane","Fiend Fire+1","Corruption","Headbutt+1","Power Through+1","Shrug It Off"],"special_seed":0,"relics":["Burning Blood","Shuriken","Peace Pipe","Juzu Bracelet"],"potions_floor_usage":[7],"damage_taken":[{"damage":4,"enemies":"Jaw Worm","floor":1,"turns":3},{"damage":12,"enemies":"Cultist","floor":3,"turns":4},{"damage":7,"enemies":"2 Louse","floor":5,"turns":2},{"damage":9,"enemies":"2 Fungi Beasts","floor":7,"turns":2},{"damage":40,"enemies":"3 Sentries","floor":10,"turns":7},{"damage":0,"enemies":"Hexaghost","floor":16,"turns":4}],"seed_played":"8084732767333691823","potions_obtained":[{"floor":3,"key":"FearPotion"},{"floor":5,"key":"EssenceOfSteel"},{"floor":10,"key":"Explosive Potion"}],"is_trial":false,"path_per_floor":["M","?","M","?","M","R","M","R","T","E","$","?","R","?","R"],"character_chosen":"IRONCLAD","items_purchased":[],"campfire_rested":1,"item_purchase_floors":[],"current_hp_per_floor":[70,70,64,64,63,63,60,60,60,26,26,8,30,30,30,30],"gold":21,"neow_bonus":"THREE_RARE_CARDS","is_prod":false,"is_daily":false,"chose_seed":false,"campfire_upgraded":2,"win_rate":0,"timestamp":1537689702,"path_taken":["M","?","M","?","?","R","M","R","T","E","$","?","R","?","R","BOSS"],"build_version":"2018-09-20","purchased_purges":1,"victory":false,"max_hp_per_floor":[75,75,75,75,75,75,75,75,75,75,75,75,75,75,75,75],"card_choices":[{"not_picked":["Brutality","Berserk"],"picked":"Fiend Fire","floor":0},{"not_picked":["Disarm","Clash"],"picked":"Corruption","floor":1},{"not_picked":["Carnage","Metallicize"],"picked":"Headbutt","floor":3},{"not_picked":["Metallicize","Havoc"],"picked":"Power Through","floor":5},{"not_picked":["Twin Strike","Rupture","Headbutt"],"picked":"SKIP","floor":7},{"not_picked":["Bloodletting","Shockwave"],"picked":"Shrug It Off","floor":10}],"player_experience":106032,"relics_obtained":[{"floor":9,"key":"Shuriken"},{"floor":10,"key":"Peace Pipe"}],"event_choices":[{"event_name":"Upgrade Shrine","player_choice":"Upgraded","floor":2,"damage_taken":0},{"event_name":"The Cleric","player_choice":"Leave","floor":4,"damage_taken":0},{"event_name":"Scrap Ooze","player_choice":"unsuccessful","floor":12,"damage_taken":18},{"event_name":"WeMeetAgain","player_choice":"Potion","floor":14,"damage_taken":0}],"is_beta":false,"boss_relics":[],"items_purged_floors":[11],"is_endless":false,"potions_floor_spawned":[3,5,10],"killed_by":"Hexaghost","ascension_level":17}