{"gold_per_floor":[117,132,57,2,16,16,31,31,55,84,9,9,9,78,78,171,171,191,191,214,214,114,153,153,178,253,293,316,316,349,368,368,467,467,480,549,674,674,693,693,733,733,733,773,266,286,302,325,325,325,325,325,325,38,79,79],"floor_reached":57,"playtime":2217,"items_purged":["Strike_G","Choke","Unload","Masterful Stab"],"score":3611,"play_id":"3895ab2d-2216-403f-b702-efb2c2a74e14","local_time":"20190407225327","is_ascension_mode":true,"campfire_choices":[{"data":"Acrobatics","floor":6.0,"key":"SMITH"},{"data":"Bouncing Flask","floor":8.0,"key":"SMITH"},{"data":"Well Laid Plans","floor":12.0,"key":"SMITH"},{"data":"Calculated Gamble","floor":15.0,"key":"SMITH"},{"data":"Terror","floor":24.0,"key":"SMITH"},{"floor":32.0,"key":"RECALL"},{"data":"Venomology","floor":40,"key":"SMITH"},{"data":"Neutralize","floor":42,"key":"SMITH"},{"data":"Grand Finale","floor":49,"key":"SMITH"},{"data":"Heel Hook","floor":53,"key":"SMITH"}],"neow_cost":"TEN_PERCENT_HP_LOSS","seed_source_timestamp":34520143406047,"circlet_count":0,"master_deck":["AscendersBane","Neutralize+1","Grand Finale+1","Terror+1","Bouncing Flask+1","Acrobatics+1","Calculated Gamble+1","Well Laid Plans+1","After Image","Adrenaline+1","Venomology+1","Deadly Poison+1","Heel Hook+1","Tactician+1","Backflip+1"],"special_seed":0,"relics":["Ring of the Snake","Vajra","Golden Idol","Sundial","Pandora\u0027s Box","Bronze Scales","Gremlin Horn","Shuriken","Singing Bowl","Coffee Dripper","Du-Vu Doll","Calipers","Mummified Hand","War Paint","Dream Catcher","TheAbacus","Anchor","Membership Card","StoneCalendar"],"potions_floor_usage":[35,36,37,39,41,44,56,56,56],"damage_taken":[{"damage":1.0,"enemies":"2 Louse","floor":1.0,"turns":4.0},{"damage":0.0,"enemies":"Jaw Worm","floor":2.0,"turns":5.0},{"damage":0.0,"enemies":"Small Slimes","floor":5.0,"turns":3.0},{"damage":11.0,"enemies":"Looter","floor":7.0,"turns":3.0},{"damage":11.0,"enemies":"Gremlin Nob","floor":10.0,"turns":3.0},{"damage":0.0,"enemies":"Gremlin Nob","floor":14.0,"turns":3.0},{"damage":5.0,"enemies":"Slime Boss","floor":16.0,"turns":5.0},{"damage":0.0,"enemies":"3 Byrds","floor":18.0,"turns":2.0},{"damage":0.0,"enemies":"Shell Parasite","floor":20.0,"turns":1.0},{"damage":0.0,"enemies":"Book of Stabbing","floor":23.0,"turns":2.0},{"damage":0.0,"enemies":"3 Cultists","floor":25.0,"turns":2.0},{"damage":0.0,"enemies":"Gremlin Leader","floor":27.0,"turns":2.0},{"damage":0.0,"enemies":"Cultist and Chosen","floor":28.0,"turns":2.0},{"damage":0.0,"enemies":"Book of Stabbing","floor":30.0,"turns":2.0},{"damage":0.0,"enemies":"Snake Plant","floor":31.0,"turns":2.0},{"damage":0.0,"enemies":"Automaton","floor":33.0,"turns":3.0},{"damage":0,"enemies":"3 Darklings","floor":35,"turns":2},{"damage":0,"enemies":"2 Orb Walkers","floor":36,"turns":1},{"damage":0,"enemies":"Mind Bloom Boss Battle","floor":37,"turns":2},{"damage":0,"enemies":"3 Shapes","floor":39,"turns":1},{"damage":0,"enemies":"Nemesis","floor":41,"turns":1},{"damage":0,"enemies":"Giant Head","floor":44,"turns":2},{"damage":0,"enemies":"Maw","floor":46,"turns":1},{"damage":0,"enemies":"3 Darklings","floor":47,"turns":2},{"damage":0,"enemies":"4 Shapes","floor":48,"turns":1},{"damage":0,"enemies":"Time Eater","floor":50,"turns":2},{"damage":0,"enemies":"Donu and Deca","floor":51,"turns":1},{"damage":0,"enemies":"Shield and Spear","floor":55,"turns":1},{"damage":0,"enemies":"The Heart","floor":56,"turns":3}],"seed_played":"4884072069438023453","potions_obtained":[{"floor":1.0,"key":"FearPotion"},{"floor":2.0,"key":"SteroidPotion"},{"floor":10.0,"key":"Poison Potion"},{"floor":18.0,"key":"SkillPotion"},{"floor":39,"key":"Swift Potion"},{"floor":44,"key":"Swift Potion"}],"is_trial":false,"path_per_floor":["M","M","?","$","M","R","M","R","T","E","$","R","?","?","R","B",null,"M","?","M","?","$","E","R","M","T","E","M","?","E","M","R","B",null,"M","?","?","?","M","R","E","R","T","E","$","M","M","M","R","B","B",null,"R","$","E","B",null],"character_chosen":"THE_SILENT","items_purchased":["Acrobatics","TheAbacus","Anchor","Membership Card"],"campfire_rested":0,"item_purchase_floors":[4,45,45,54],"current_hp_per_floor":[58,58,58,58,58,58,47,47,47,36,36,36,36,36,36,31,48,48,48,48,54,54,54,54,54,54,54,54,54,56,58,58,60,60,60,62,64,64,66,66,68,68,68,70,70,72,74,76,76,76,76,76,76,76,78,78],"gold":79,"neow_bonus":"THREE_RARE_CARDS","is_prod":false,"is_daily":false,"chose_seed":false,"campfire_upgraded":9,"win_rate":0,"timestamp":1554648807,"path_taken":["M","M","?","$","M","R","M","R","T","E","$","R","?","?","R","BOSS","M","?","M","?","$","E","R","M","T","E","M","?","E","?","R","BOSS","M","?","?","?","M","R","E","R","T","E","$","M","M","M","R","BOSS","BOSS","R","$","E","BOSS"],"build_version":"2019-01-23","purchased_purges":4,"victory":true,"max_hp_per_floor":[60,60,60,60,60,60,60,60,60,60,60,60,54,54,54,54,54,54,54,54,54,54,54,54,54,54,54,54,54,56,58,58,60,60,60,62,64,64,66,66,68,68,68,70,70,72,74,76,76,76,76,76,76,76,78,78],"card_choices":[{"not_picked":["Adrenaline","Envenom"],"picked":"Grand Finale","floor":0.0},{"not_picked":["Masterful Stab","Choke"],"picked":"Terror","floor":1.0},{"not_picked":["Cloak And Dagger","Deadly Poison"],"picked":"Bouncing Flask","floor":2.0},{"not_picked":["PiercingWail","Prepared","Outmaneuver"],"picked":"SKIP","floor":5.0},{"not_picked":["Dagger Throw","Deadly Poison"],"picked":"Calculated Gamble","floor":7.0},{"not_picked":["Caltrops","Crippling Poison"],"picked":"Well Laid Plans","floor":10.0},{"not_picked":["Choke","Flying Knee"],"picked":"After Image","floor":14.0},{"not_picked":["Deadly Poison","Blade Dance","Endless Agony"],"picked":"SKIP","floor":18.0},{"not_picked":["Underhanded Strike","Expertise","Escape Plan"],"picked":"SKIP","floor":20.0},{"not_picked":["Finisher","Crippling Poison","Terror+1"],"picked":"SKIP","floor":23.0},{"not_picked":["Prepared","Blur","Heel Hook+1"],"picked":"SKIP","floor":25.0},{"not_picked":["Endless Agony","Setup+1","Poisoned Stab"],"picked":"SKIP","floor":27.0},{"not_picked":["Blur","Poisoned Stab"],"picked":"Tactician+1","floor":28.0},{"not_picked":["Poisoned Stab","Slice+1","After Image"],"picked":"Singing Bowl","floor":30.0},{"not_picked":["Prepared","Sucker Punch+1","Heel Hook"],"picked":"Singing Bowl","floor":31.0},{"not_picked":["Adrenaline","Night Terror","Malaise"],"picked":"Singing Bowl","floor":33.0},{"not_picked":["Sucker Punch","Prepared"],"picked":"Backflip+1","floor":35},{"not_picked":["Caltrops+1","Dagger Spray","Dagger Throw"],"picked":"Singing Bowl","floor":36},{"not_picked":["Infinite Blades","Blur","Dagger Throw+1"],"picked":"Singing Bowl","floor":37},{"not_picked":["Cloak And Dagger+1","Poisoned Stab","Well Laid Plans"],"picked":"Singing Bowl","floor":39},{"not_picked":["Dodge and Roll+1","Deflect+1","Eviscerate"],"picked":"Singing Bowl","floor":41},{"not_picked":["Sucker Punch+1","Dodge and Roll","Reflex"],"picked":"Singing Bowl","floor":44},{"not_picked":["Underhanded Strike","Cloak And Dagger","PiercingWail+1"],"picked":"Singing Bowl","floor":46},{"not_picked":["Infinite Blades","Predator","Backflip"],"picked":"Singing Bowl","floor":47},{"not_picked":["Outmaneuver","Calculated Gamble","Finisher"],"picked":"Singing Bowl","floor":48},{"not_picked":["Prepared+1","Cloak And Dagger+1","Deflect"],"picked":"Singing Bowl","floor":55}],"player_experience":4139737,"relics_obtained":[{"floor":10.0,"key":"Vajra"},{"floor":14.0,"key":"Sundial"},{"floor":23.0,"key":"Bronze Scales"},{"floor":26.0,"key":"Gremlin Horn"},{"floor":27.0,"key":"Shuriken"},{"floor":30.0,"key":"Singing Bowl"},{"floor":36,"key":"Du-Vu Doll"},{"floor":37,"key":"Calipers"},{"floor":41,"key":"Mummified Hand"},{"floor":43,"key":"War Paint"},{"floor":44,"key":"Dream Catcher"},{"floor":55,"key":"StoneCalendar"}],"event_choices":[{"cards_removed":["Strike_G"],"damage_healed":0.0,"max_hp_gain":0.0,"max_hp_loss":0.0,"gold_gain":0.0,"event_name":"The Cleric","player_choice":"Card Removal","floor":3.0,"gold_loss":75.0,"damage_taken":0.0},{"damage_healed":0.0,"max_hp_gain":0.0,"max_hp_loss":6.0,"gold_gain":0.0,"event_name":"Golden Idol","player_choice":"Lose Max HP","floor":13.0,"gold_loss":0.0,"damage_taken":0.0,"relics_obtained":["Golden Idol"]},{"damage_healed":0.0,"max_hp_gain":0.0,"max_hp_loss":0.0,"gold_gain":0.0,"event_name":"Dead Adventurer","player_choice":"Searched \u00272\u0027 times","floor":14.0,"gold_loss":0.0,"damage_taken":0.0},{"cards_removed":["Flying Knee"],"damage_healed":0.0,"max_hp_gain":0.0,"max_hp_loss":0.0,"gold_gain":0.0,"event_name":"Back to Basics","player_choice":"Elegance","floor":19.0,"gold_loss":0.0,"damage_taken":0.0},{"damage_healed":11.0,"max_hp_gain":0.0,"max_hp_loss":0.0,"gold_gain":0.0,"event_name":"The Library","player_choice":"Heal","floor":21.0,"gold_loss":0.0,"damage_taken":0.0},{"damage_healed":0.0,"max_hp_gain":0.0,"max_hp_loss":0.0,"gold_gain":0.0,"cards_transformed":["Glass Knife","Calculated Gamble"],"event_name":"Drug Dealer","player_choice":"Became Test Subject","floor":29.0,"gold_loss":0.0,"damage_taken":0.0,"cards_obtained":["Unload","Masterful Stab"]},{"damage_healed":0,"gold_gain":0,"player_choice":"Fight","damage_taken":0,"max_hp_gain":0,"max_hp_loss":0,"event_name":"Mysterious Sphere","floor":36,"gold_loss":0},{"damage_healed":0,"gold_gain":0,"player_choice":"Fight","damage_taken":0,"max_hp_gain":0,"max_hp_loss":0,"event_name":"MindBloom","floor":37,"gold_loss":0},{"cards_removed":["Survivor"],"damage_healed":0,"gold_gain":0,"player_choice":"Removed Skill","damage_taken":0,"max_hp_gain":0,"max_hp_loss":0,"event_name":"Falling","floor":38,"gold_loss":0}],"is_beta":false,"boss_relics":[{"not_picked":["WristBlade","Runic Pyramid"],"picked":"Pandora\u0027s Box"},{"not_picked":["Lizard Tail","Calling Bell"],"picked":"Coffee Dripper"}],"items_purged_floors":[11,22,45,54],"is_endless":false,"potions_floor_spawned":[1,2,10,18,25,28,33,36,39,44,46,48,55],"ascension_level":20}