{"gold_per_floor":[213,213,363,2,13,23,23,41,120,120],"floor_reached":10,"playtime":219,"items_purged":["Doubt"],"score":116,"play_id":"22636729-f1b0-4554-b69f-b9db9bdf85e0","local_time":"20190413222919","is_ascension_mode":true,"campfire_choices":[{"data":"Poisoned Stab","floor":7,"key":"SMITH"}],"neow_cost":"NONE","seed_source_timestamp":38580403322422,"circlet_count":0,"master_deck":["AscendersBane","Defend_G+1","Defend_G+1","Defend_G","Defend_G","Defend_G","Strike_G","Strike_G","Strike_G","Strike_G","Strike_G","Survivor","Neutralize","Infinite Blades","Cloak And Dagger","Poisoned Stab+1","Backflip","Injury"],"relics":["Ring of the Snake","Paper Crane"],"potions_floor_usage":[],"damage_taken":[{"damage":0,"enemies":"2 Louse","floor":1,"turns":4},{"damage":0,"enemies":"Jaw Worm","floor":5,"turns":5},{"damage":0,"enemies":"Small Slimes","floor":6,"turns":4},{"damage":13,"enemies":"Gremlin Gang","floor":8,"turns":6}],"seed_played":"5700411587535942527","potions_obtained":[{"floor":1,"key":"FairyPotion"}],"is_trial":false,"path_per_floor":["M","?","?","$","M","M","R","M","T","?"],"character_chosen":"THE_SILENT","items_purchased":["Paper Crane"],"campfire_rested":0,"item_purchase_floors":[4],"current_hp_per_floor":[59,39,39,39,39,39,39,26,26,26],"gold":120,"neow_bonus":"HUNDRED_GOLD","is_prod":false,"is_daily":false,"chose_seed":false,"campfire_upgraded":1,"win_rate":0,"timestamp":1555165759,"path_taken":["M","?","?","$","M","M","R","M","T","?"],"build_version":"2019-01-23","purchased_purges":1,"victory":false,"max_hp_per_floor":[66,66,66,66,66,66,66,66,66,66],"card_choices":[{"not_picked":["Calculated Gamble","Bane"],"picked":"Infinite Blades","floor":1},{"not_picked":["Flying Knee","Acrobatics"],"picked":"Cloak And Dagger","floor":5},{"not_picked":["Blade Dance","Dagger Throw"],"picked":"Poisoned Stab","floor":6},{"not_picked":["Poisoned Stab","Phantasmal Killer"],"picked":"Backflip","floor":8}],"player_experience":4261445,"relics_obtained":[],"event_choices":[{"damage_healed":0,"gold_gain":0,"player_choice":"Entered Light","damage_taken":20,"max_hp_gain":0,"max_hp_loss":0,"event_name":"Shining Light","floor":2,"gold_loss":0,"cards_upgraded":["Defend_G","Defend_G"]},{"damage_healed":0,"gold_gain":150,"player_choice":"AGREE","damage_taken":0,"max_hp_gain":0,"max_hp_loss":0,"event_name":"Liars Game","floor":3,"gold_loss":0,"cards_obtained":["Doubt"]}],"is_beta":false,"boss_relics":[],"items_purged_floors":[4],"is_endless":false,"potions_floor_spawned":[1],"ascension_level":20}