{"gold_per_floor":[12,12,23,39,58,92,92,92,92,92,104,104,118,38,38,38],"floor_reached":16,"playtime":423,"items_purged":["Pain"],"score":204,"play_id":"317c30db-4e1a-4979-8ff4-47afe84fbc54","local_time":"20190405122705","is_ascension_mode":true,"campfire_choices":[{"floor":8.0,"key":"REST"},{"data":"Predator","floor":10.0,"key":"SMITH"},{"data":"Neutralize","floor":15,"key":"SMITH"}],"neow_cost":"NO_GOLD","seed_source_timestamp":5010019209937,"circlet_count":0,"master_deck":["AscendersBane","Defend_G","Defend_G","Defend_G","Defend_G","Defend_G","Strike_G","Strike_G","Strike_G","Strike_G","Survivor","Neutralize+1","All Out Attack","Predator+1","After Image","Infinite Blades","Blade Dance"],"special_seed":0,"relics":["Ring of the Snake","Bird Faced Urn","WarpedTongs","Letter Opener","Potion Belt","The Courier"],"potions_floor_usage":[],"damage_taken":[{"damage":0.0,"enemies":"Small Slimes","floor":1.0,"turns":6.0},{"damage":3.0,"enemies":"Cultist","floor":3.0,"turns":3.0},{"damage":4.0,"enemies":"Jaw Worm","floor":4.0,"turns":3.0},{"damage":6.0,"enemies":"2 Fungi Beasts","floor":5.0,"turns":3.0},{"damage":36.0,"enemies":"Gremlin Nob","floor":6.0,"turns":4.0},{"damage":15.0,"enemies":"Red Slaver","floor":11.0,"turns":6.0},{"damage":6,"enemies":"3 Louse","floor":13,"turns":4},{"damage":17,"enemies":"Hexaghost","floor":16,"turns":11}],"seed_played":"1031416298180110761","potions_obtained":[{"floor":1.0,"key":"Strength Potion"}],"is_trial":false,"path_per_floor":["M","?","M","M","M","E","?","R","T","R","M","?","M","$","R","B"],"character_chosen":"THE_SILENT","items_purchased":["Blade Dance"],"campfire_rested":1,"item_purchase_floors":[14],"current_hp_per_floor":[59,59,56,52,46,10,10,29,29,29,14,14,10,10,10,0],"gold":38,"neow_bonus":"ONE_RARE_RELIC","is_prod":false,"is_daily":false,"chose_seed":false,"campfire_upgraded":2,"win_rate":0,"timestamp":1554438425,"path_taken":["M","?","M","M","?","E","?","R","T","R","?","?","M","$","R","BOSS"],"build_version":"2019-01-23","purchased_purges":1,"victory":false,"max_hp_per_floor":[66,66,66,66,66,66,66,66,66,66,66,66,66,66,66,66],"card_choices":[{"not_picked":["Leg Sweep","Dodge and Roll"],"picked":"All Out Attack","floor":1.0},{"not_picked":["Flying Knee","Dagger Throw"],"picked":"Predator","floor":3.0},{"not_picked":["Bane","Skewer","Reflex"],"picked":"SKIP","floor":4.0},{"not_picked":["Cloak And Dagger","Leg Sweep","Choke"],"picked":"SKIP","floor":5.0},{"not_picked":["Endless Agony","All Out Attack","Flying Knee"],"picked":"SKIP","floor":6.0},{"not_picked":["Tactician","Blade Dance"],"picked":"After Image","floor":11.0},{"not_picked":["Deflect","Slice","Bane"],"picked":"SKIP","floor":13}],"player_experience":4072976,"relics_obtained":[{"floor":6.0,"key":"Letter Opener"},{"floor":9.0,"key":"The Courier"}],"event_choices":[{"damage_healed":0.0,"max_hp_gain":0.0,"max_hp_loss":0.0,"gold_gain":0.0,"event_name":"Accursed Blacksmith","player_choice":"Rummage","floor":2.0,"gold_loss":0.0,"damage_taken":0.0,"relics_obtained":["WarpedTongs"],"cards_obtained":["Pain"]},{"damage_healed":0.0,"max_hp_gain":0.0,"max_hp_loss":0.0,"gold_gain":0.0,"event_name":"WeMeetAgain","player_choice":"Gave Potion","floor":7.0,"gold_loss":0.0,"damage_taken":0.0,"relics_obtained":["Potion Belt"]},{"damage_healed":0,"gold_gain":0,"cards_transformed":["Strike_G"],"player_choice":"Transformed","damage_taken":0,"max_hp_gain":0,"max_hp_loss":0,"event_name":"Transmorgrifier","floor":12,"gold_loss":0,"cards_obtained":["Infinite Blades"]}],"is_beta":false,"boss_relics":[],"items_purged_floors":[14],"is_endless":false,"potions_floor_spawned":[1],"killed_by":"Hexaghost","ascension_level":20}