{"gold_per_floor":[110,124,124,138,151,151,151,151,235,250,250,264,264,297,297,396,396,413,299,312,411,421,421,451,451,522,551,563,563],"floor_reached":29,"playtime":1279,"items_purged":["Strike_B"],"score":305,"play_id":"5d8f8415-6b35-4b90-9e97-3c170bab3b77","local_time":"20181008212722","is_ascension_mode":true,"campfire_choices":[{"data":"Zap","floor":6,"key":"SMITH"},{"data":"Dualcast","floor":8,"key":"SMITH"},{"data":"Darkness","floor":11,"key":"SMITH"},{"data":"Streamline","floor":13,"key":"SMITH"},{"data":"Hyperbeam","floor":15,"key":"SMITH"},{"floor":23,"key":"REST"},{"floor":25,"key":"REST"}],"neow_cost":"NONE","seed_source_timestamp":51142928700611,"circlet_count":0,"master_deck":["Strike_B","Strike_B","Strike_B","Defend_B","Defend_B","Defend_B","Defend_B","Zap+1","Dualcast+1","Streamline+1","Darkness+1","Cold Snap","Glacier","Auto Shields","Hyperbeam+1","Echo Form","Conserve Battery+1","Defragment","Recycle","Recycle","Chill+1","Consume+1"],"relics":["Cracked Core","Pen Nib","WarpedTongs","Tiny Chest","Strawberry","Sozu","Ancient Tea Set","Ornamental Fan","Nunchaku"],"potions_floor_usage":[10,27,29],"damage_taken":[{"damage":7,"enemies":"Jaw Worm","floor":1,"turns":3},{"damage":1,"enemies":"Cultist","floor":2,"turns":4},{"damage":6,"enemies":"2 Louse","floor":4,"turns":2},{"damage":6,"enemies":"2 Fungi Beasts","floor":5,"turns":3},{"damage":3,"enemies":"Lots of Slimes","floor":10,"turns":3},{"damage":0,"enemies":"Large Slime","floor":12,"turns":4},{"damage":8,"enemies":"3 Sentries","floor":14,"turns":6},{"damage":8,"enemies":"Slime Boss","floor":16,"turns":7},{"damage":4,"enemies":"Shell Parasite","floor":18,"turns":5},{"damage":15,"enemies":"2 Thieves","floor":20,"turns":4},{"damage":20,"enemies":"Snecko","floor":22,"turns":4},{"damage":50,"enemies":"Slavers","floor":24,"turns":4},{"damage":15,"enemies":"Gremlin Leader","floor":27,"turns":4},{"damage":12,"enemies":"Snake Plant","floor":28,"turns":6},{"damage":14,"enemies":"Slavers","floor":29,"turns":1}],"seed_played":"-2767193870795965641","potions_obtained":[{"floor":1,"key":"Energy Potion"},{"floor":4,"key":"Swift Potion"},{"floor":5,"key":"Weak Potion"}],"is_trial":false,"path_per_floor":["M","M","?","M","M","R","?","R","T","M","R","M","R","E","R","B",null,"M","$","M","?","M","R","E","R","T","E","M"],"character_chosen":"DEFECT","items_purchased":["Defragment"],"campfire_rested":2,"item_purchase_floors":[19],"current_hp_per_floor":[68,67,67,61,55,55,48,48,48,45,45,45,45,44,44,36,82,78,78,63,63,43,67,17,41,41,26,14,0],"gold":563,"neow_bonus":"RANDOM_COMMON_RELIC","is_prod":false,"is_daily":false,"chose_seed":false,"campfire_upgraded":5,"win_rate":1,"timestamp":1539005242,"path_taken":["M","M","?","M","?","R","?","R","T","M","R","M","R","E","R","BOSS","M","$","M","?","?","R","E","R","T","E","?","E"],"build_version":"2018-10-04v2","purchased_purges":1,"victory":false,"max_hp_per_floor":[75,75,75,75,75,75,75,75,75,75,75,75,75,82,82,82,82,82,82,82,82,82,82,82,82,82,82,82,82],"card_choices":[{"not_picked":["Redo","Steam"],"picked":"Streamline","floor":1},{"not_picked":["Cold Snap","Turbo"],"picked":"Darkness","floor":2},{"not_picked":["Sweeping Beam","Steam Power","Cold Snap"],"picked":"SKIP","floor":4},{"not_picked":["Sweeping Beam","Steam Power"],"picked":"Cold Snap","floor":4},{"not_picked":["Lockon","Double Energy"],"picked":"Glacier","floor":5},{"not_picked":["Cold Snap","Doom and Gloom"],"picked":"Auto Shields","floor":10},{"not_picked":["Rebound","Genetic Algorithm","Cold Snap"],"picked":"SKIP","floor":12},{"not_picked":["Rip and Tear","Redo"],"picked":"Hyperbeam","floor":14},{"not_picked":["Seek","Hyperbeam"],"picked":"Echo Form","floor":16},{"not_picked":["Beam Cell+1","Ball Lightning"],"picked":"Conserve Battery+1","floor":18},{"not_picked":["Hologram","Heatsinks"],"picked":"Recycle","floor":20},{"not_picked":["Rebound+1","Beam Cell+1","Conserve Battery"],"picked":"SKIP","floor":22},{"not_picked":["Beam Cell","Ball Lightning+1"],"picked":"Recycle","floor":24},{"not_picked":["Darkness","Steam"],"picked":"Chill+1","floor":27},{"not_picked":["Ball Lightning","Go for the Eyes+1"],"picked":"Consume+1","floor":28}],"player_experience":20165,"relics_obtained":[{"floor":9,"key":"Tiny Chest"},{"floor":14,"key":"Strawberry"},{"floor":24,"key":"Ancient Tea Set"},{"floor":26,"key":"Ornamental Fan"},{"floor":27,"key":"Nunchaku"}],"event_choices":[{"event_name":"Accursed Blacksmith","player_choice":"Rummage","floor":3,"damage_taken":0},{"event_name":"Golden Wing","player_choice":"Card Removal","floor":7,"damage_taken":0},{"event_name":"Nest","player_choice":"Stole From Cult","floor":21,"damage_taken":0}],"is_beta":false,"boss_relics":[{"not_picked":["Ectoplasm","Astrolabe"],"picked":"Sozu"}],"items_purged_floors":[19],"is_endless":false,"potions_floor_spawned":[1,4,5,18,20,24,27],"killed_by":"Slavers","ascension_level":3}