{"gold_per_floor":[114,114,114,134,134,160,160,170,170,183,212,212,212,244,244,244],"floor_reached":16,"playtime":811,"items_purged":[],"score":230,"play_id":"9e88449b-3e2f-4e77-9b11-a8721d149457","local_time":"20190528214819","is_ascension_mode":true,"campfire_choices":[{"floor":7,"key":"REST"},{"floor":13,"key":"REST"},{"floor":15,"key":"REST"}],"neow_cost":"NONE","seed_source_timestamp":42623785689435,"circlet_count":0,"master_deck":["AscendersBane","Strike_B","Strike_B","Strike_B","Defend_B+1","Defend_B","Defend_B","Defend_B","Zap+1","Dualcast","Coolheaded","Rip and Tear","Barrage+1","Reinforced Body","Capacitor","Barrage"],"relics":["Cracked Core","Blood Vial","Nunchaku","Ornamental Fan","Omamori","War Paint","Bottled Tornado"],"potions_floor_usage":[6,11,11,14],"damage_taken":[{"damage":7,"enemies":"Jaw Worm","floor":1,"turns":4},{"damage":8,"enemies":"Small Slimes","floor":4,"turns":3},{"damage":36,"enemies":"Lagavulin","floor":6,"turns":8},{"damage":0,"enemies":"Cultist","floor":8,"turns":3},{"damage":18,"enemies":"Exordium Thugs","floor":10,"turns":4},{"damage":4,"enemies":"Gremlin Nob","floor":11,"turns":3},{"damage":20,"enemies":"3 Sentries","floor":14,"turns":8},{"damage":47,"enemies":"Slime Boss","floor":16,"turns":8}],"seed_played":"6430674795336702486","potions_obtained":[{"floor":3,"key":"Weak Potion"},{"floor":3,"key":"Swift Potion"},{"floor":10,"key":"SteroidPotion"},{"floor":11,"key":"EssenceOfSteel"}],"is_trial":false,"path_per_floor":["M","?","?","M","T","E","R","M","T","M","E","?","R","E","R","B"],"character_chosen":"DEFECT","items_purchased":[],"campfire_rested":3,"item_purchase_floors":[],"current_hp_per_floor":[59,52,52,46,46,12,33,35,35,19,17,17,38,20,41,0],"gold":244,"neow_bonus":"RANDOM_COMMON_RELIC","is_prod":false,"is_daily":false,"chose_seed":false,"campfire_upgraded":0,"win_rate":0,"timestamp":1559072899,"path_taken":["M","?","?","?","?","E","R","M","T","M","E","?","R","E","R","BOSS"],"build_version":"2019-01-23","purchased_purges":0,"victory":false,"max_hp_per_floor":[71,71,71,71,71,71,71,71,71,71,71,71,71,71,71,71],"card_choices":[{"not_picked":["Steam","Rebound"],"picked":"Coolheaded","floor":1},{"not_picked":["Stack","Rebound","Hologram"],"picked":"SKIP","floor":4},{"not_picked":["Beam Cell","Rebound"],"picked":"Rip and Tear","floor":6},{"not_picked":["Lockon","Streamline"],"picked":"Barrage","floor":8},{"not_picked":["Lockon","Compile Driver"],"picked":"Reinforced Body","floor":10},{"not_picked":["Cold Snap","Steam"],"picked":"Capacitor","floor":11},{"not_picked":["Rip and Tear","Hologram"],"picked":"Barrage","floor":14}],"player_experience":609615,"relics_obtained":[{"floor":5,"key":"Nunchaku"},{"floor":6,"key":"Ornamental Fan"},{"floor":9,"key":"Omamori"},{"floor":11,"key":"War Paint"},{"floor":14,"key":"Bottled Tornado"}],"event_choices":[{"cards_removed":["Strike_B"],"damage_healed":0,"gold_gain":0,"player_choice":"Card Removal","damage_taken":7,"max_hp_gain":0,"max_hp_loss":0,"event_name":"Golden Wing","floor":2,"gold_loss":0},{"damage_healed":0,"gold_gain":0,"player_choice":"Got Potions","damage_taken":0,"max_hp_gain":0,"max_hp_loss":0,"event_name":"Lab","floor":3,"gold_loss":0},{"damage_healed":0,"gold_gain":0,"player_choice":"Grow","damage_taken":0,"max_hp_gain":0,"max_hp_loss":0,"event_name":"Living Wall","floor":12,"gold_loss":0,"cards_upgraded":["Barrage"]}],"is_beta":false,"boss_relics":[],"items_purged_floors":[],"is_endless":false,"potions_floor_spawned":[10,11],"killed_by":"Slime Boss","ascension_level":19}