{"gold_per_floor":[117,128,140,150,161,161,173,24,48,76,100,112,159,181,193,310,322,347,259,271,271,289,321,321,321,321,356,231,231,231,245,245,341,341,358,133,149,149,149,149,159,175,175,175,192,208,208,218,218,218,218,218,12,47,47],"floor_reached":56,"playtime":2815,"items_purged":["Strike_G","Strike_G","Defend_G","Defend_G"],"score":1325,"play_id":"0514d31c-c5a8-4c45-b7f4-e5f344022e5c","local_time":"20181211143322","is_ascension_mode":false,"campfire_choices":[{"data":"Footwork","floor":6,"key":"SMITH"},{"data":"Noxious Fumes","floor":12,"key":"SMITH"},{"data":"Neutralize","floor":15,"key":"SMITH"},{"data":"Noxious Fumes","floor":25,"key":"SMITH"},{"data":"Footwork","floor":30,"key":"SMITH"},{"data":"Deadly Poison","floor":32,"key":"SMITH"},{"floor":40,"key":"RECALL"},{"data":"Reflex","floor":49,"key":"SMITH"},{"floor":52,"key":"REST"}],"neow_cost":"NONE","seed_source_timestamp":5448238390452,"circlet_count":0,"master_deck":["Defend_G+1","Defend_G+1","Defend_G+1","Strike_G+1","Strike_G+1","Survivor+1","Neutralize+1","Footwork+1","Escape Plan+1","Infinite Blades+1","Backflip+1","Burst+1","Noxious Fumes+1","Blur+1","Unload+1","Burst+1","Deadly Poison+1","Leg Sweep+1","Footwork+1","Noxious Fumes+1","Noxious Fumes+1","Burst+1","Tactician+1","Footwork+1","Accuracy+1","Footwork+1","Reflex+1"],"relics":["Ring of the Snake","MawBank","Centennial Puzzle","Runic Pyramid","Dream Catcher","Ancient Tea Set","Bag of Preparation","Velvet Choker","Mark of the Bloom","ClockworkSouvenir","Bag of Marbles"],"potions_floor_usage":[4,7,18,18,27,27,46,54],"damage_taken":[{"damage":3,"enemies":"Small Slimes","floor":1,"turns":4},{"damage":1,"enemies":"Jaw Worm","floor":2,"turns":6},{"damage":0,"enemies":"2 Louse","floor":3,"turns":4},{"damage":7,"enemies":"Large Slime","floor":4,"turns":11},{"damage":0,"enemies":"Blue Slaver","floor":5,"turns":6},{"damage":9,"enemies":"Exordium Thugs","floor":7,"turns":7},{"damage":7,"enemies":"Large Slime","floor":10,"turns":8},{"damage":1,"enemies":"Exordium Wildlife","floor":11,"turns":6},{"damage":28,"enemies":"Gremlin Nob","floor":13,"turns":7},{"damage":0,"enemies":"Looter","floor":14,"turns":4},{"damage":0,"enemies":"Hexaghost","floor":16,"turns":12},{"damage":11,"enemies":"2 Thieves","floor":18,"turns":5},{"damage":1,"enemies":"3 Byrds","floor":20,"turns":7},{"damage":0,"enemies":"Sentry and Sphere","floor":22,"turns":7},{"damage":1,"enemies":"Gremlin Leader","floor":23,"turns":8},{"damage":22,"enemies":"Book of Stabbing","floor":27,"turns":7},{"damage":0,"enemies":"Cultist and Chosen","floor":31,"turns":8},{"damage":0,"enemies":"Champ","floor":33,"turns":11},{"damage":0,"enemies":"3 Shapes","floor":35,"turns":6},{"damage":0,"enemies":"Orb Walker","floor":37,"turns":4},{"damage":0,"enemies":"4 Shapes","floor":41,"turns":6},{"damage":0,"enemies":"Writhing Mass","floor":42,"turns":6},{"damage":0,"enemies":"Maw","floor":45,"turns":8},{"damage":3,"enemies":"4 Shapes","floor":46,"turns":5},{"damage":3,"enemies":"Transient","floor":48,"turns":5},{"damage":15,"enemies":"Awakened One","floor":50,"turns":16},{"damage":4,"enemies":"Shield and Spear","floor":54,"turns":8},{"damage":25,"enemies":"The Heart","floor":55,"turns":14}],"seed_played":"-2233653345362600399","potions_obtained":[{"floor":1,"key":"FearPotion"},{"floor":2,"key":"Fire Potion"},{"floor":3,"key":"AttackPotion"},{"floor":14,"key":"SteroidPotion"},{"floor":20,"key":"SpeedPotion"},{"floor":23,"key":"SpeedPotion"},{"floor":31,"key":"EssenceOfSteel"},{"floor":37,"key":"Fruit Juice"},{"floor":41,"key":"GhostInAJar"},{"floor":46,"key":"SteroidPotion"}],"is_trial":false,"path_per_floor":["M","M","M","M","M","R","M","$","T","M","M","R","E","M","R","B",null,"M","$","M","?","M","E","?","R","T","E","$","?","R","M","R","B",null,"M","$","M","$","?","R","M","M","T","?","M","M","?","M","R","B",null,"R","$","E","B",null],"character_chosen":"THE_SILENT","items_purchased":["Noxious Fumes","Footwork","ClockworkSouvenir"],"campfire_rested":1,"item_purchase_floors":[8,36,53],"current_hp_per_floor":[67,66,66,59,59,59,50,50,50,43,42,42,14,14,14,14,70,59,59,58,58,58,57,57,57,57,35,35,35,35,35,35,35,70,70,70,70,70,70,70,70,70,70,70,70,67,67,64,64,49,49,49,49,45,20],"gold":47,"neow_bonus":"THREE_CARDS","is_prod":false,"is_daily":false,"chose_seed":false,"campfire_upgraded":7,"win_rate":0,"timestamp":1544510002,"path_taken":["M","M","M","M","M","R","M","$","T","M","M","R","E","M","R","BOSS","M","$","M","?","M","E","?","R","T","E","$","?","R","M","R","BOSS","M","$","M","$","?","R","M","M","T","?","?","M","?","M","R","BOSS","R","$","E","BOSS"],"build_version":"2018-12-06","purchased_purges":4,"victory":true,"max_hp_per_floor":[70,70,70,70,70,70,70,70,70,70,70,70,70,70,70,70,70,70,70,70,70,70,70,70,70,70,70,70,70,70,70,70,70,70,70,70,70,70,70,70,70,70,70,70,70,70,70,70,70,70,70,70,70,70,70],"card_choices":[{"not_picked":["Blur","Bane"],"picked":"Footwork","floor":0},{"not_picked":["Calculated Gamble","Dash"],"picked":"Escape Plan","floor":1},{"not_picked":["Bane","Dagger Throw"],"picked":"Infinite Blades","floor":2},{"not_picked":["Dagger Throw","Underhanded Strike"],"picked":"Backflip","floor":3},{"not_picked":["Bane","Outmaneuver","Prepared"],"picked":"SKIP","floor":4},{"not_picked":["Dodge and Roll","Blade Dance","Dagger Throw"],"picked":"SKIP","floor":5},{"not_picked":["Dagger Throw","Blade Dance"],"picked":"Burst","floor":7},{"not_picked":["Underhanded Strike","Poisoned Stab","Blade Dance"],"picked":"SKIP","floor":10},{"not_picked":["Underhanded Strike","Dagger Spray"],"picked":"Blur","floor":11},{"not_picked":["Bane","PiercingWail"],"picked":"Unload","floor":13},{"not_picked":["Dodge and Roll","Blade Dance","Flying Knee"],"picked":"SKIP","floor":14},{"not_picked":["Doppelganger","Unload"],"picked":"Burst","floor":16},{"not_picked":["Poisoned Stab","Dodge and Roll"],"picked":"Deadly Poison","floor":18},{"not_picked":["Endless Agony","Blade Dance"],"picked":"Leg Sweep","floor":20},{"not_picked":["Underhanded Strike+1","Dodge and Roll+1"],"picked":"Noxious Fumes+1","floor":22},{"not_picked":["Acrobatics+1","Infinite Blades"],"picked":"Noxious Fumes","floor":23},{"not_picked":["Predator+1","Acrobatics","Backstab"],"picked":"SKIP","floor":27},{"not_picked":["Blade Dance+1","Endless Agony","Heel Hook"],"picked":"SKIP","floor":31},{"not_picked":["Adrenaline","Bullet Time"],"picked":"Burst","floor":33},{"not_picked":["Outmaneuver+1","Sucker Punch"],"picked":"Tactician+1","floor":35},{"not_picked":["Well Laid Plans+1","Heel Hook+1"],"picked":"Accuracy+1","floor":37},{"not_picked":["Acrobatics","Slice+1","Endless Agony"],"picked":"SKIP","floor":41},{"not_picked":["Endless Agony+1","Acrobatics+1","Blade Dance+1"],"picked":"SKIP","floor":42},{"not_picked":["Underhanded Strike","Bouncing Flask+1"],"picked":"Footwork+1","floor":45},{"not_picked":["Flying Knee+1","Outmaneuver+1"],"picked":"Reflex","floor":46},{"not_picked":["Quick Slash+1","Storm of Steel","Dagger Spray"],"picked":"SKIP","floor":48},{"not_picked":["Skewer","Dagger Throw+1","Outmaneuver+1"],"picked":"SKIP","floor":54}],"player_experience":1211781,"relics_obtained":[{"floor":9,"key":"MawBank"},{"floor":13,"key":"Centennial Puzzle"},{"floor":23,"key":"Dream Catcher"},{"floor":27,"key":"Bag of Preparation"},{"floor":54,"key":"Bag of Marbles"}],"event_choices":[{"damage_healed":0,"gold_gain":0,"player_choice":"Read","damage_taken":0,"max_hp_gain":0,"max_hp_loss":0,"event_name":"The Library","floor":21,"gold_loss":0,"cards_obtained":["Footwork"]},{"damage_healed":0,"gold_gain":0,"player_choice":"Opened","damage_taken":0,"relics_obtained":["Ancient Tea Set"],"max_hp_gain":0,"max_hp_loss":0,"event_name":"The Mausoleum","floor":24,"gold_loss":0},{"cards_removed":["Strike_G"],"damage_healed":0,"gold_gain":0,"player_choice":"Elegance","damage_taken":0,"max_hp_gain":0,"max_hp_loss":0,"event_name":"Back to Basics","floor":29,"gold_loss":0},{"damage_healed":0,"gold_gain":0,"player_choice":"Upgrade","damage_taken":0,"relics_obtained":["Mark of the Bloom"],"max_hp_gain":0,"max_hp_loss":0,"event_name":"MindBloom","floor":39,"gold_loss":0,"cards_upgraded":["Defend_G","Defend_G","Defend_G","Strike_G","Strike_G","Survivor","Escape Plan","Infinite Blades","Backflip","Burst","Blur","Unload","Burst","Leg Sweep","Burst","Footwork"]},{"damage_healed":0,"gold_gain":0,"player_choice":"Ignored","damage_taken":0,"max_hp_gain":0,"max_hp_loss":0,"event_name":"Accursed Blacksmith","floor":44,"gold_loss":0},{"damage_healed":0,"gold_gain":0,"player_choice":"Ignored","damage_taken":0,"max_hp_gain":0,"max_hp_loss":0,"event_name":"Mysterious Sphere","floor":47,"gold_loss":0}],"is_beta":false,"boss_relics":[{"not_picked":["Ectoplasm","Calling Bell"],"picked":"Runic Pyramid"},{"not_picked":["Lizard Tail","Fusion Hammer"],"picked":"Velvet Choker"}],"items_purged_floors":[8,19,28,36],"is_endless":false,"potions_floor_spawned":[1,2,3,14,20,23,31,37,41,46],"ascension_level":0}