{"path_per_floor":["?","?","?","?","?","?","?","?","?","?","?","?","?","?","?","B",null,"?","?","?","?"],"character_chosen":"IRONCLAD","items_purchased":[],"gold_per_floor":[114,64,79,94,94,154,169,244,294,294,309,339,245,260,260,360,360,375,390,290,305],"floor_reached":22,"campfire_rested":0,"playtime":723,"current_hp_per_floor":[80,80,75,71,80,73,79,79,79,79,79,49,49,55,55,48,80,51,26,26,12],"items_purged":["Bouncing Flask"],"gold":305,"score":198,"play_id":"386144ee-436b-44ad-b283-4fe65de28979","local_time":"20180302134817","daily_mods":[{"name":"涉猎广泛","description":"开始时拥有两张随机其他职业的牌。","modID":"Diverse","img":{"data":{"file":{"file":{"path":"images\\ui\\run_mods\\diverse.png"},"type":"Internal"},"width":64,"height":64,"format":"RGBA8888","useMipMaps":false,"isPrepared":false},"glTarget":3553,"glHandle":685,"minFilter":"Linear","magFilter":"Linear","uWrap":"ClampToEdge","vWrap":"ClampToEdge"},"positive":true},{"name":"前路成谜","description":"地图上只显示 ？ 。","modID":"Uncertain Future","img":{"data":{"file":{"file":{"path":"images\\ui\\run_mods\\uncertain_future.png"},"type":"Internal"},"width":64,"height":64,"format":"RGBA8888","useMipMaps":false,"isPrepared":false},"glTarget":3553,"glHandle":679,"minFilter":"Linear","magFilter":"Linear","uWrap":"ClampToEdge","vWrap":"ClampToEdge"},"positive":false},{"name":"两者择一","description":"卡牌奖励只有两张牌。","modID":"Binary","img":{"data":{"file":{"file":{"path":"images\\ui\\run_mods\\binary.png"},"type":"Internal"},"width":64,"height":64,"format":"RGBA8888","useMipMaps":false,"isPrepared":false},"glTarget":3553,"glHandle":680,"minFilter":"Linear","magFilter":"Linear","uWrap":"ClampToEdge","vWrap":"ClampToEdge"},"positive":false},{"name":"奇货可居","description":"商人涨价25%。","modID":"Vintage","img":{"data":{"file":{"file":{"path":"images\\ui\\run_mods\\vintage.png"},"type":"Internal"},"width":64,"height":64,"format":"RGBA8888","useMipMaps":false,"isPrepared":false},"glTarget":3553,"glHandle":677,"minFilter":"Linear","magFilter":"Linear","uWrap":"ClampToEdge","vWrap":"ClampToEdge"},"positive":false}],"is_prod":false,"is_daily":true,"is_ascension_mode":false,"campfire_upgraded":2,"timestamp":1519969697,"path_taken":["?","?","?","?","?","?","?","?","?","?","?","?","?","?","?","BOSS","?","?","?","?","?"],"build_version":"2018-03-01-PROD1","purchased_purges":1,"victory":false,"master_deck":["Strike_R","Strike_R","Strike_R","Strike_R","Defend_R","Defend_R","Defend_R","Defend_R","Bash","Clash","Spot Weakness+1","Shrug It Off","Sword Boomerang+1","Impervious","J.A.X."],"max_hp_per_floor":[80,80,80,80,80,80,80,80,80,80,80,80,80,80,80,80,80,80,80,80,80],"relics":["Burning Blood","Tiny Chest","Gremlin Horn","Regal Pillow","Pantograph","Question Card"],"card_choices":[{"not_picked":["Warcry"],"picked":"Clash"},{"not_picked":["Battle Trance"],"picked":"Spot Weakness"},{"not_picked":["Wild Strike"],"picked":"Shrug It Off"},{"not_picked":["Feel No Pain"],"picked":"Sword Boomerang"},{"not_picked":["Reaper"],"picked":"Impervious"}],"player_experience":191119,"potions_floor_usage":[12,18,21,22,22],"damage_taken":[{"damage":1,"enemies":"Cultist","floor":1,"turns":3},{"damage":11,"enemies":"Jaw Worm","floor":3,"turns":2},{"damage":10,"enemies":"Small Slimes","floor":4,"turns":4},{"damage":13,"enemies":"Gremlin Nob","floor":6,"turns":3},{"damage":0,"enemies":"2 Fungi Beasts","floor":7,"turns":3},{"damage":6,"enemies":"Red Slaver","floor":11,"turns":3},{"damage":36,"enemies":"3 Sentries","floor":12,"turns":8},{"damage":0,"enemies":"Looter","floor":14,"turns":3},{"damage":38,"enemies":"Slime Boss","floor":16,"turns":9},{"damage":35,"enemies":"3 Byrds","floor":18,"turns":5},{"damage":31,"enemies":"Chosen","floor":19,"turns":6},{"damage":20,"enemies":"Snecko","floor":21,"turns":5},{"damage":23,"enemies":"Cultist and Chosen","floor":22,"turns":4}],"event_choices":[{"event_name":"The Cleric","player_choice":"Card Removal","floor":2,"damage_taken":0},{"event_name":"Bonfire Elementals","player_choice":"UNCOMMON","floor":5,"damage_taken":0},{"event_name":"Drug Dealer","player_choice":"Got JAXXED","floor":20,"damage_taken":0}],"boss_relics":[{"not_picked":["Cursed Key","Velvet Choker"],"picked":"Question Card"}],"potions_floor_spawned":[3,4,6,11,16,19,21],"seed_played":"-4064848218327866266","killed_by":"Cultist and Chosen","ascension_level":0,"is_trial":false}