{"gold_per_floor":[115,40,215,165,240,240,267,267,292,324,337,48,48,65,65,165,215,234,307,327,337,337,337,337],"floor_reached":24,"playtime":498,"items_purged":["Strike_B"],"score":403,"play_id":"d9515a85-bc0e-4508-ad43-5d4f4c55094e","local_time":"20181026150727","is_ascension_mode":true,"campfire_choices":[{"data":"Zap","floor":6,"key":"SMITH"},{"data":"Capacitor","floor":8,"key":"SMITH"},{"data":"Consume","floor":13,"key":"SMITH"},{"data":"Barrage","floor":15,"key":"SMITH"},{"data":"Dualcast","floor":23,"key":"SMITH"}],"neow_cost":"NONE","seed_source_timestamp":85433486242159,"circlet_count":0,"master_deck":["Strike_B","Strike_B+1","Strike_B","Defend_B","Defend_B","Defend_B","Defend_B","Zap+1","Dualcast+1","AscendersBane","Chill","Capacitor+1","Seek","Capacitor","Consume+1","Coolheaded","Barrage+1","Ball Lightning","Echo Form","BootSequence","Glacier","Pain"],"relics":["Cracked Core","NeowsBlessing","Mercury Hourglass","Oddly Smooth Stone","Bronze Scales","Tiny House","Singing Bowl","WarpedTongs"],"potions_floor_usage":[24],"damage_taken":[{"damage":0,"enemies":"Cultist","floor":1,"turns":1},{"damage":0,"enemies":"3 Sentries","floor":7,"turns":1},{"damage":0,"enemies":"Gremlin Nob","floor":10,"turns":1},{"damage":0,"enemies":"2 Louse","floor":11,"turns":2},{"damage":0,"enemies":"Jaw Worm","floor":14,"turns":3},{"damage":30,"enemies":"Hexaghost","floor":16,"turns":7},{"damage":20,"enemies":"2 Thieves","floor":18,"turns":4},{"damage":7,"enemies":"Spheric Guardian","floor":20,"turns":4},{"damage":21,"enemies":"Centurion and Healer","floor":21,"turns":6},{"damage":20,"enemies":"Slavers","floor":24,"turns":3}],"seed_played":"3571245825393248504","potions_obtained":[{"floor":7,"key":"FairyPotion"},{"floor":11,"key":"SteroidPotion"},{"floor":21,"key":"PowerPotion"}],"is_trial":false,"path_per_floor":["M","$","?","?","?","R","E","R","T","E","M","$","R","M","R","B",null,"M","T","M","M","?","R"],"character_chosen":"DEFECT","items_purchased":["Capacitor","Consume","Coolheaded","Barrage","Ball Lightning"],"campfire_rested":0,"item_purchase_floors":[2,12,12,12,12],"current_hp_per_floor":[68,68,68,68,57,57,57,57,57,57,57,57,57,57,57,27,68,48,48,43,24,24,24,4],"gold":337,"neow_bonus":"THREE_ENEMY_KILL","is_prod":false,"is_daily":false,"chose_seed":false,"campfire_upgraded":5,"win_rate":0,"timestamp":1540537647,"path_taken":["M","$","?","?","?","R","E","R","T","E","M","$","R","M","R","BOSS","M","?","?","M","?","R","E"],"build_version":"2018-10-25","purchased_purges":1,"victory":false,"max_hp_per_floor":[75,75,75,75,75,75,75,75,75,75,75,75,75,75,75,75,80,80,80,82,84,84,84,84],"card_choices":[{"not_picked":["Rebound","Double Energy"],"picked":"Chill","floor":1},{"not_picked":["Cold Snap","Gash"],"picked":"Seek","floor":7},{"not_picked":["Conserve Battery","Rebound"],"picked":"Capacitor","floor":10},{"not_picked":["Rip and Tear","Undo","Steam Power"],"picked":"SKIP","floor":11},{"not_picked":["Fusion","FTL","Go for the Eyes"],"picked":"SKIP","floor":14},{"not_picked":["Multi-Cast","Biased Cognition"],"picked":"Echo Form","floor":16},{"not_picked":["Rebound","Compile Driver"],"picked":"BootSequence","floor":17},{"not_picked":["Rebound","Melter"],"picked":"Glacier","floor":18},{"not_picked":["Steam","Recycle","Gash"],"picked":"Singing Bowl","floor":20},{"not_picked":["Glacier","All For One","Beam Cell"],"picked":"Singing Bowl","floor":21}],"player_experience":403119,"relics_obtained":[{"floor":7,"key":"Mercury Hourglass"},{"floor":9,"key":"Oddly Smooth Stone"},{"floor":10,"key":"Bronze Scales"},{"floor":19,"key":"Singing Bowl"}],"event_choices":[{"damage_healed":0,"gold_gain":175,"player_choice":"AGREE","damage_taken":0,"max_hp_gain":0,"max_hp_loss":0,"event_name":"Liars Game","floor":3,"gold_loss":0,"cards_obtained":["Doubt"]},{"cards_removed":["Doubt"],"damage_healed":0,"gold_gain":0,"player_choice":"Card Removal","damage_taken":0,"max_hp_gain":0,"max_hp_loss":0,"event_name":"The Cleric","floor":4,"gold_loss":50},{"damage_healed":0,"gold_gain":75,"player_choice":"Gather Gold","damage_taken":11,"max_hp_gain":0,"max_hp_loss":0,"event_name":"World of Goop","floor":5,"gold_loss":0},{"damage_healed":0,"gold_gain":0,"player_choice":"Rummage","damage_taken":0,"relics_obtained":["WarpedTongs"],"max_hp_gain":0,"max_hp_loss":0,"event_name":"Accursed Blacksmith","floor":22,"gold_loss":0,"cards_obtained":["Pain"]}],"is_beta":false,"boss_relics":[{"not_picked":["White Beast Statue","Eternal Feather"],"picked":"Tiny House"}],"items_purged_floors":[12],"is_endless":false,"potions_floor_spawned":[7,11,14,18,21],"killed_by":"Slavers","ascension_level":12}