{"gold_per_floor":[113,127,127,50,100,100,100],"floor_reached":7,"playtime":410,"items_purged":[],"score":78,"play_id":"25cc71d1-9e62-439b-9e6d-d1dd23fcce88","local_time":"20190215153539","is_ascension_mode":true,"campfire_choices":[{"data":"Neutralize","floor":6.0,"key":"SMITH"}],"neow_cost":"PERCENT_DAMAGE","seed_source_timestamp":27737810770849,"circlet_count":0,"master_deck":["AscendersBane","Defend_G","Defend_G","Defend_G","Defend_G","Defend_G","Strike_G","Strike_G","Strike_G","Strike_G","Survivor","Neutralize+1","Blur","Blade Dance","Masterful Stab","Prepared","Tools of the Trade","Tactician"],"special_seed":0,"relics":["Ring of the Snake","Prayer Wheel"],"potions_floor_usage":[7,7],"damage_taken":[{"damage":1.0,"enemies":"Small Slimes","floor":1.0,"turns":4.0},{"damage":4.0,"enemies":"Jaw Worm","floor":2.0,"turns":6.0},{"damage":53,"enemies":"Lagavulin","floor":7,"turns":11}],"seed_played":"-3207946621201631412","potions_obtained":[{"floor":1.0,"key":"Fruit Juice"},{"floor":2.0,"key":"Regen Potion"}],"is_trial":false,"path_per_floor":["M","M","?","$","?","R","E"],"character_chosen":"THE_SILENT","items_purchased":["Tactician"],"campfire_rested":0,"item_purchase_floors":[4],"current_hp_per_floor":[43,39,39,39,39,39,6],"gold":100,"neow_bonus":"ONE_RARE_RELIC","is_prod":false,"is_daily":false,"chose_seed":false,"campfire_upgraded":1,"win_rate":0,"timestamp":1550216139,"path_taken":["M","M","?","$","?","R","E"],"build_version":"2019-01-23","purchased_purges":0,"victory":false,"max_hp_per_floor":[66,66,66,66,66,66,71],"card_choices":[{"not_picked":["Sucker Punch","Blade Dance"],"picked":"Blur","floor":1.0},{"not_picked":["Expertise","Distraction"],"picked":"Blade Dance","floor":1.0},{"not_picked":["Underhanded Strike","Backstab"],"picked":"Masterful Stab","floor":2.0},{"not_picked":["Blade Dance","Dodge and Roll"],"picked":"Prepared","floor":2.0}],"player_experience":2777084,"relics_obtained":[],"event_choices":[{"damage_healed":0.0,"max_hp_gain":0.0,"max_hp_loss":0.0,"gold_gain":0.0,"cards_transformed":["Strike_G"],"event_name":"Living Wall","player_choice":"Change","floor":3.0,"gold_loss":0.0,"damage_taken":0.0,"cards_obtained":["Tools of the Trade"]},{"damage_healed":0.0,"max_hp_gain":0.0,"max_hp_loss":0.0,"gold_gain":50.0,"event_name":"Golden Shrine","player_choice":"Pray","floor":5.0,"gold_loss":0.0,"damage_taken":0.0}],"is_beta":false,"boss_relics":[],"items_purged_floors":[],"is_endless":false,"potions_floor_spawned":[1,2],"killed_by":"Lagavulin","ascension_level":20}