{"path_per_floor":["M","?","?","M","?","R","M","R","T","M","R","M","E","$","R","B",null,"M","$","?","?","?","R"],"character_chosen":"DEFECT","items_purchased":["White Noise","Bag of Preparation"],"gold_per_floor":[111,111,286,306,306,306,323,323,323,336,336,354,380,224,224,321,321,338,92,92,92,92,92,92],"floor_reached":24,"campfire_rested":0,"playtime":952,"current_hp_per_floor":[74,67,67,67,67,67,58,58,58,55,55,47,38,38,38,11,75,41,41,25,25,25,25,5],"items_purged":["Defend_B","Pain"],"gold":92,"score":216,"play_id":"a7807c10-36e9-4af2-9536-9158e5cfb258","local_time":"20180501213035","is_prod":false,"is_daily":false,"chose_seed":false,"is_ascension_mode":false,"campfire_upgraded":5,"timestamp":1525203035,"path_taken":["M","?","?","M","?","R","M","R","T","?","R","?","E","?","R","BOSS","M","$","?","?","?","R","E"],"build_version":"2018-04-30","seed_source_timestamp":0,"purchased_purges":2,"victory":false,"master_deck":["Strike_B","Strike_B","Strike_B","Strike_B","Defend_B","Defend_B+1","Defend_B","Zap+1","Dualcast+1","Chaos+1","Turbo+1","Beam Cell","Ball Lightning","Skim","Echo Form","White Noise+1","Thunder Strike+1","Clumsy","Doubt","Turbo+1","Ghostly","Ghostly","Ghostly","Ghostly","Ghostly"],"max_hp_per_floor":[75,75,75,75,75,75,75,75,75,75,75,75,75,75,75,75,75,75,75,75,75,37,37,37],"relics":["Cracked Core","Matryoshka","Spirit Poop","Regal Pillow","Dodecahedron","War Paint","Calling Bell","Blood Vial","Gremlin Horn","Bird Faced Urn","Bag of Preparation","Enchiridion"],"card_choices":[{"not_picked":["Ball Lightning","Hologram"],"picked":"Chaos","floor":1},{"not_picked":["Skim","Rip and Tear"],"picked":"Turbo","floor":4},{"not_picked":["Go for the Eyes","FTL"],"picked":"Beam Cell","floor":7},{"not_picked":["Beam Cell","Gash"],"picked":"Ball Lightning","floor":10},{"not_picked":["Axe Kick","Ball Lightning"],"picked":"Skim","floor":12},{"not_picked":["Leap","Conserve Battery"],"picked":"Echo Form","floor":13},{"not_picked":["Reboot","Prime"],"picked":"Thunder Strike","floor":16},{"not_picked":["Doom and Gloom","Hologram"],"picked":"Turbo","floor":18}],"player_experience":39536,"potions_floor_usage":[13,13,13,18],"damage_taken":[{"damage":1,"enemies":"2 Louse","floor":1,"turns":2},{"damage":0,"enemies":"Small Slimes","floor":4,"turns":3},{"damage":9,"enemies":"Cultist","floor":7,"turns":4},{"damage":3,"enemies":"Red Slaver","floor":10,"turns":4},{"damage":8,"enemies":"Exordium Thugs","floor":12,"turns":4},{"damage":9,"enemies":"Gremlin Nob","floor":13,"turns":4},{"damage":27,"enemies":"The Guardian","floor":16,"turns":8},{"damage":34,"enemies":"Chosen","floor":18,"turns":5},{"damage":26,"enemies":"Book of Stabbing","floor":24,"turns":6}],"event_choices":[{"event_name":"Scrap Ooze","player_choice":"success","floor":2,"damage_taken":7},{"event_name":"Liars Game","player_choice":"agreed","floor":3,"damage_taken":0},{"event_name":"Bonfire Elementals","player_choice":"CURSE","floor":5,"damage_taken":0},{"event_name":"Cursed Tome","player_choice":"Obtained Book","floor":20,"damage_taken":0},{"event_name":"Drug Dealer","player_choice":"Ignored","floor":21,"damage_taken":0},{"event_name":"Ghosts","player_choice":"Became a Ghost","floor":22,"damage_taken":0}],"boss_relics":[{"not_picked":["Philosopher\u0027s Stone","Snecko Eye"],"picked":"Calling Bell"}],"potions_floor_spawned":[1,7,12,16],"seed_played":"-6047490458187393470","killed_by":"Book of Stabbing","ascension_level":0,"is_trial":false}