{"gold_per_floor":[115,115,115,190,35,35,70,70,148,148,158,158,186,200,200,277,277,287,287,297,54,66,66,95,95,95,95,95,130,143,154,154,229,229,240,260,135,159,159,187,199,199,222,222,72,72,84,84,84,84],"floor_reached":51,"playtime":1127,"items_purged":["Defend_R","Strike_R","Defend_R","Defend_R"],"score":1352,"play_id":"5774db1b-9edf-4b95-b0e2-7358e777361c","local_time":"20180923122916","is_ascension_mode":true,"campfire_choices":[{"floor":6,"key":"REST"},{"data":"Flex","floor":10,"key":"SMITH"},{"data":"Flex","floor":12,"key":"SMITH"},{"data":"Armaments","floor":15,"key":"SMITH"},{"data":"Limit Break","floor":23,"key":"SMITH"},{"data":"Heavy Blade","floor":25,"key":"SMITH"},{"data":"Strike_R","floor":32,"key":"PURGE"},{"data":"1","floor":42,"key":"LIFT"},{"data":"2","floor":46,"key":"LIFT"},{"data":"3","floor":49,"key":"LIFT"}],"neow_cost":"NONE","seed_source_timestamp":171960673293301,"circlet_count":0,"master_deck":["Bash","AscendersBane","Reaper","Flex+1","Offering","Flex+1","Thunderclap","Sword Boomerang","Armaments+1","Limit Break+1","Heavy Blade+1","Shrug It Off","Whirlwind","Flex+1","Headbutt"],"relics":["Burning Blood","Dream Catcher","Peace Pipe","Pantograph","Tiny Chest","Ancient Tea Set","Empty Cage","Juzu Bracelet","Bag of Preparation","Blue Candle","MutagenicStrength","Dead Branch","Fusion Hammer","Potion Belt","Girya","Meat on the Bone","Blood Vial"],"potions_floor_usage":[18,22,29,29,31,33,35],"damage_taken":[{"damage":9,"enemies":"2 Louse","floor":1,"turns":4},{"damage":22,"enemies":"Gremlin Nob","floor":7,"turns":3},{"damage":6,"enemies":"Small Slimes","floor":11,"turns":1},{"damage":36,"enemies":"3 Sentries","floor":13,"turns":5},{"damage":6,"enemies":"Jaw Worm","floor":14,"turns":1},{"damage":57,"enemies":"The Guardian","floor":16,"turns":9},{"damage":6,"enemies":"Spheric Guardian","floor":18,"turns":3},{"damage":18,"enemies":"3 Byrds","floor":20,"turns":4},{"damage":15,"enemies":"Centurion and Healer","floor":22,"turns":2},{"damage":36,"enemies":"Gremlin Leader","floor":24,"turns":5},{"damage":6,"enemies":"Book of Stabbing","floor":29,"turns":1},{"damage":6,"enemies":"3 Cultists","floor":30,"turns":2},{"damage":24,"enemies":"Snake Plant","floor":31,"turns":3},{"damage":29,"enemies":"Automaton","floor":33,"turns":5},{"damage":6,"enemies":"3 Darklings","floor":35,"turns":1},{"damage":6,"enemies":"Orb Walker","floor":36,"turns":1},{"damage":6,"enemies":"Mind Bloom Boss Battle","floor":39,"turns":4},{"damage":6,"enemies":"2 Orb Walkers","floor":40,"turns":1},{"damage":13,"enemies":"Sphere and 2 Shapes","floor":41,"turns":1},{"damage":13,"enemies":"Reptomancer","floor":47,"turns":3},{"damage":15,"enemies":"Time Eater","floor":50,"turns":2}],"seed_played":"6200461465089285110","potions_obtained":[{"floor":1,"key":"SteroidPotion"},{"floor":7,"key":"FearPotion"},{"floor":16,"key":"Regen Potion"},{"floor":18,"key":"GamblersBrew"},{"floor":24,"key":"Swift Potion"},{"floor":29,"key":"Poison Potion"},{"floor":30,"key":"SteroidPotion"},{"floor":35,"key":"Fruit Juice"}],"is_trial":false,"path_per_floor":["M","?","?","?","$","R","E","T","T","R","M","R","E","M","R","B",null,"M","?","M","$","M","R","E","R","T","?","?","E","M","M","R","B",null,"M","M","$","T","?","E","M","R","T","?","$","R","M","?","R","B"],"character_chosen":"IRONCLAD","items_purchased":["Offering","Juzu Bracelet"],"campfire_rested":1,"item_purchase_floors":[5,21],"current_hp_per_floor":[68,42,35,24,24,46,36,36,36,36,52,52,30,30,30,13,60,69,69,59,59,50,50,39,39,39,39,39,75,75,57,57,63,72,77,77,77,77,80,80,73,73,73,73,73,73,80,80,80,71],"gold":84,"neow_bonus":"ONE_RANDOM_RARE_CARD","is_prod":false,"is_daily":false,"chose_seed":false,"campfire_upgraded":5,"win_rate":0,"timestamp":1537676956,"path_taken":["M","?","?","?","$","R","E","?","T","R","M","R","E","M","R","BOSS","M","?","M","$","M","R","E","R","T","?","?","E","M","M","R","BOSS","M","M","$","?","?","E","M","R","T","?","$","R","M","?","R","BOSS"],"build_version":"2018-09-20","purchased_purges":4,"victory":true,"max_hp_per_floor":[75,75,75,75,75,75,75,75,75,75,75,75,75,75,75,75,75,75,75,75,75,75,75,75,75,75,75,75,75,75,75,75,75,75,80,80,80,80,80,80,80,80,80,80,80,80,80,80,80,80],"card_choices":[{"not_picked":["Fire Breathing","Havoc"],"picked":"Flex","floor":1},{"not_picked":["Rage","Second Wind"],"picked":"Flex","floor":6},{"not_picked":["Feel No Pain","Anger"],"picked":"Thunderclap","floor":7},{"not_picked":["Pommel Strike","Second Wind"],"picked":"Sword Boomerang","floor":11},{"not_picked":["Bloodletting","Dark Embrace","Metallicize"],"picked":"SKIP","floor":13},{"not_picked":["Thunderclap","Clash"],"picked":"Armaments","floor":14},{"not_picked":["Brutality","Bludgeon"],"picked":"Limit Break","floor":16},{"not_picked":["Clothesline","Wild Strike"],"picked":"Heavy Blade","floor":18},{"not_picked":["True Grit","Sword Boomerang","Clash"],"picked":"SKIP","floor":20},{"not_picked":["Armaments","Flex"],"picked":"Shrug It Off","floor":22},{"not_picked":["Headbutt","Iron Wave","Carnage"],"picked":"SKIP","floor":24},{"not_picked":["Twin Strike","Reckless Charge"],"picked":"Whirlwind","floor":29},{"not_picked":["Dual Wield","Flex","True Grit"],"picked":"SKIP","floor":30},{"not_picked":["Armaments","Sever Soul"],"picked":"Flex+1","floor":31},{"not_picked":["Spot Weakness","Sword Boomerang","Shrug It Off"],"picked":"SKIP","floor":35},{"not_picked":["Flame Barrier","Shockwave","Thunderclap"],"picked":"SKIP","floor":36},{"not_picked":["Sword Boomerang","Anger","Dropkick"],"picked":"SKIP","floor":40},{"not_picked":["Armaments","Havoc","Warcry+1"],"picked":"SKIP","floor":41},{"not_picked":["Infernal Blade","Anger","Rupture+1"],"picked":"SKIP","floor":47}],"player_experience":99089,"relics_obtained":[{"floor":7,"key":"Peace Pipe"},{"floor":8,"key":"Pantograph"},{"floor":9,"key":"Tiny Chest"},{"floor":13,"key":"Ancient Tea Set"},{"floor":24,"key":"Bag of Preparation"},{"floor":26,"key":"Blue Candle"},{"floor":29,"key":"Dead Branch"},{"floor":38,"key":"Potion Belt"},{"floor":39,"key":"Girya"},{"floor":40,"key":"Meat on the Bone"},{"floor":43,"key":"Blood Vial"}],"event_choices":[{"event_name":"Scrap Ooze","player_choice":"success","floor":2,"damage_taken":26},{"event_name":"Golden Wing","player_choice":"Card Removal","floor":3,"damage_taken":0},{"event_name":"World of Goop","player_choice":"Gather Gold","floor":4,"damage_taken":0},{"event_name":"Ghosts","player_choice":"Ignored","floor":19,"damage_taken":0},{"event_name":"N\u0027loth","player_choice":"Ignored","floor":27,"damage_taken":0},{"event_name":"Drug Dealer","player_choice":"Inject Mutagens","floor":28,"damage_taken":0},{"event_name":"MindBloom","player_choice":"Fight","floor":39,"damage_taken":0},{"event_name":"Transmorgrifier","player_choice":"Transform","floor":44,"damage_taken":0},{"event_name":"Match and Keep!","player_choice":"0 cards matched","floor":48,"damage_taken":0}],"is_beta":false,"boss_relics":[{"not_picked":["Ectoplasm","Eternal Feather"],"picked":"Empty Cage"},{"not_picked":["Black Blood","Velvet Choker"],"picked":"Fusion Hammer"}],"items_purged_floors":[5,21,37,45],"is_endless":false,"potions_floor_spawned":[1,7,16,18,24,29,30,35],"ascension_level":15}