{"gold_per_floor":[114,39,39,55,55,82,7,82,109,125,125,197,226,5,5,79,79,79,79,79,79,79,79,79,79,79,79,79,79,79,79,79,79,79,79,79,79,79,24,24,24],"floor_reached":41,"playtime":1136,"items_purged":["Strike_B"],"score":952,"play_id":"17b88afb-8e7d-4d9e-9426-de4bc81b3241","local_time":"20190120104004","is_ascension_mode":true,"campfire_choices":[{"data":"Sunder","floor":11.0,"key":"SMITH"},{"data":"Hologram","floor":15.0,"key":"SMITH"},{"data":"Hologram","floor":23,"key":"SMITH"},{"data":"Gash","floor":29,"key":"SMITH"},{"data":"Dualcast","floor":32,"key":"SMITH"},{"data":"Hologram","floor":40,"key":"SMITH"}],"neow_cost":"NONE","seed_source_timestamp":3974340687031,"circlet_count":0,"master_deck":["AscendersBane","Defend_B","Defend_B","Defend_B","Defend_B","Zap","Dualcast+1","Hologram+1","Sunder+1","Genetic Algorithm","Electrodynamics+1","Buffer+1","Hologram+1","Gash+1","Gash+1","Gash+1","Buffer+1","Flash of Steel","Madness","Violence","Hologram+1"],"special_seed":0,"relics":["Cracked Core","NeowsBlessing","Mercury Hourglass","Happy Flower","Shuriken","Frozen Egg 2","Medical Kit","Ectoplasm","Meat on the Bone","Coffee Dripper"],"potions_floor_usage":[22,33,33,41],"damage_taken":[{"damage":0.0,"enemies":"2 Louse","floor":1.0,"turns":1.0},{"damage":0.0,"enemies":"Cultist","floor":4.0,"turns":1.0},{"damage":0.0,"enemies":"Gremlin Nob","floor":6.0,"turns":1.0},{"damage":0.0,"enemies":"Small Slimes","floor":10.0,"turns":2.0},{"damage":22.0,"enemies":"Lagavulin","floor":13.0,"turns":6.0},{"damage":0.0,"enemies":"Slime Boss","floor":16.0,"turns":5.0},{"damage":0.0,"enemies":"Chosen","floor":18.0,"turns":3.0},{"damage":19,"enemies":"Shell Parasite","floor":19,"turns":9},{"damage":0,"enemies":"Snecko","floor":20,"turns":4},{"damage":2,"enemies":"3 Cultists","floor":22,"turns":4},{"damage":0,"enemies":"Snake Plant","floor":24,"turns":4},{"damage":23,"enemies":"Shelled Parasite and Fungi","floor":27,"turns":5},{"damage":4,"enemies":"Centurion and Healer","floor":30,"turns":5},{"damage":0,"enemies":"Chosen and Byrds","floor":31,"turns":3},{"damage":24,"enemies":"Champ","floor":33,"turns":9},{"damage":5,"enemies":"3 Darklings","floor":35,"turns":3},{"damage":0,"enemies":"3 Shapes","floor":37,"turns":4},{"damage":0,"enemies":"Reptomancer","floor":41,"turns":1}],"seed_played":"-4727993163777606864","potions_obtained":[{"floor":4.0,"key":"GamblersBrew"},{"floor":13.0,"key":"GamblersBrew"},{"floor":18.0,"key":"Poison Potion"},{"floor":20,"key":"Swift Potion"},{"floor":30,"key":"Regen Potion"}],"is_trial":false,"path_per_floor":["M","?","?","M","$","E","$","?","T","M","R","T","E","$","R","B",null,"M","M","M","?","M","R","M","?","T","M","$","R","M","M","R","B",null,"M","?","M","?","$","R","E"],"character_chosen":"DEFECT","items_purchased":["Medical Kit","SkillPotion"],"campfire_rested":0,"item_purchase_floors":[14,39],"current_hp_per_floor":[64,64,64,64,64,64,64,53,53,53,53,53,31,31,31,31,61,61,42,42,42,40,40,40,40,40,29,29,29,37,37,37,40,63,58,48,48,48,48,48,48],"gold":24,"neow_bonus":"THREE_ENEMY_KILL","is_prod":false,"is_daily":false,"chose_seed":false,"campfire_upgraded":6,"win_rate":0,"timestamp":1547952004,"path_taken":["M","?","?","M","$","E","$","?","T","M","R","?","E","$","R","BOSS","M","M","M","?","M","R","M","?","T","M","$","R","M","M","R","BOSS","M","?","M","?","$","R","E"],"build_version":"2019-01-17v2","purchased_purges":1,"victory":false,"max_hp_per_floor":[71,71,71,71,71,71,71,71,71,71,71,71,71,71,71,71,71,71,71,71,71,71,71,71,71,71,71,71,71,71,71,71,71,71,71,71,71,71,71,71,71],"card_choices":[{"not_picked":["Redo","Steam"],"picked":"Hologram","floor":1.0},{"not_picked":["Redo","Fusion"],"picked":"Sunder","floor":4.0},{"not_picked":["Sweeping Beam","Ball Lightning"],"picked":"Genetic Algorithm","floor":6.0},{"not_picked":["Compile Driver","Turbo","Storm"],"picked":"SKIP","floor":10.0},{"not_picked":["Doom and Gloom","Creative AI"],"picked":"Electrodynamics","floor":13.0},{"not_picked":["Rainbow","Reboot"],"picked":"Buffer+1","floor":16.0},{"not_picked":["Fusion","Conserve Battery","Steam"],"picked":"SKIP","floor":18.0},{"not_picked":["Go for the Eyes","Force Field"],"picked":"Hologram","floor":19},{"not_picked":["Go for the Eyes+1","Turbo"],"picked":"Gash+1","floor":20},{"not_picked":["Streamline","Barrage"],"picked":"Gash","floor":22},{"not_picked":["Steam+1","Conserve Battery","Ball Lightning"],"picked":"SKIP","floor":24},{"not_picked":["Hyperbeam","Barrage","Rebound"],"picked":"SKIP","floor":27},{"not_picked":["Sunder","Static Discharge+1","Steam"],"picked":"SKIP","floor":30},{"not_picked":["Beam Cell+1","Reinforced Body+1"],"picked":"Gash+1","floor":31},{"not_picked":["Core Surge","Multi-Cast"],"picked":"Buffer+1","floor":33},{"not_picked":["Hello World+1","Capacitor+1","Loop+1"],"picked":"SKIP","floor":35},{"not_picked":["Secret Weapon","Mind Blast"],"picked":"Flash of Steel","floor":36},{"not_picked":["Jack Of All Trades","Thinking Ahead"],"picked":"Madness","floor":36},{"not_picked":["Mind Blast","Forethought"],"picked":"Violence","floor":36},{"not_picked":["Cold Snap+1","Ball Lightning+1"],"picked":"Hologram","floor":37}],"player_experience":2054539,"relics_obtained":[{"floor":6.0,"key":"Mercury Hourglass"},{"floor":9.0,"key":"Happy Flower"},{"floor":12.0,"key":"Shuriken"},{"floor":13.0,"key":"Frozen Egg 2"},{"floor":26,"key":"Meat on the Bone"}],"event_choices":[{"cards_removed":["Strike_B"],"damage_healed":0.0,"max_hp_gain":0.0,"max_hp_loss":0.0,"gold_gain":0.0,"event_name":"The Cleric","player_choice":"Card Removal","floor":2.0,"gold_loss":75.0,"damage_taken":0.0},{"cards_removed":["Strike_B"],"damage_healed":0.0,"max_hp_gain":0.0,"max_hp_loss":0.0,"gold_gain":0.0,"event_name":"Living Wall","player_choice":"Forget","floor":3.0,"gold_loss":0.0,"damage_taken":0.0},{"damage_healed":0.0,"max_hp_gain":0.0,"max_hp_loss":0.0,"gold_gain":75.0,"event_name":"World of Goop","player_choice":"Gather Gold","floor":8.0,"gold_loss":0.0,"damage_taken":11.0},{"damage_healed":0,"gold_gain":0,"player_choice":"Ignored","damage_taken":0,"max_hp_gain":0,"max_hp_loss":0,"event_name":"The Mausoleum","floor":21,"gold_loss":0},{"cards_removed":["Strike_B"],"damage_healed":0,"gold_gain":0,"player_choice":"Elegance","damage_taken":0,"max_hp_gain":0,"max_hp_loss":0,"event_name":"Back to Basics","floor":25,"gold_loss":0},{"damage_healed":0,"gold_gain":0,"player_choice":"Memory 3","damage_taken":10,"max_hp_gain":0,"max_hp_loss":0,"event_name":"SensoryStone","floor":36,"gold_loss":0},{"damage_healed":0,"gold_gain":0,"player_choice":"Ignored","damage_taken":0,"max_hp_gain":0,"max_hp_loss":0,"event_name":"Mysterious Sphere","floor":38,"gold_loss":0}],"is_beta":false,"boss_relics":[{"not_picked":["Orrery","Eternal Feather"],"picked":"Ectoplasm"},{"not_picked":["Velvet Choker","Sozu"],"picked":"Coffee Dripper"}],"items_purged_floors":[7],"is_endless":false,"potions_floor_spawned":[4,13,18,20,30,31],"killed_by":"Reptomancer","ascension_level":20}