{"gold_per_floor":[115,115,115,133,133,164,164,175,175,73,93,104,15,25,25,104,154,169,169,187,112,27,27,56,56,56,56,56,88,88,88],"floor_reached":31,"playtime":906,"items_purged":["Strike_G"],"score":642,"play_id":"a3f53967-435d-4ec6-971f-59108b0ea65e","local_time":"20181201215338","is_ascension_mode":true,"campfire_choices":[{"data":"Tactician","floor":7.0,"key":"SMITH"},{"data":"Noxious Fumes","floor":15.0,"key":"SMITH"},{"data":"Well Laid Plans","floor":23.0,"key":"SMITH"},{"data":"Deep Breath","floor":25.0,"key":"SMITH"},{"data":"Flechettes","floor":27.0,"key":"SMITH"},{"data":"Acrobatics","floor":30.0,"key":"SMITH"}],"neow_cost":"NONE","seed_source_timestamp":10382004371038,"circlet_count":0,"master_deck":["AscendersBane","Defend_G","Defend_G","Defend_G","Defend_G","Defend_G","Strike_G","Strike_G","Strike_G","Survivor","Neutralize+1","Calculated Gamble+1","Tactician+1","Deep Breath+1","Noxious Fumes+1","Well Laid Plans+1","Flechettes+1","Acrobatics+1","Masterful Stab"],"special_seed":0,"relics":["Ring of the Snake","NeowsBlessing","Matryoshka","Boot","Potion Belt","Bag of Marbles","Tiny House","Molten Egg 2","Darkstone Periapt","Smiling Mask","Bird Faced Urn","Oddly Smooth Stone"],"potions_floor_usage":[],"damage_taken":[{"damage":0.0,"enemies":"Jaw Worm","floor":1.0,"turns":1.0},{"damage":0.0,"enemies":"Small Slimes","floor":4.0,"turns":2.0},{"damage":0.0,"enemies":"3 Sentries","floor":6.0,"turns":1.0},{"damage":21.0,"enemies":"Cultist","floor":8.0,"turns":6.0},{"damage":0.0,"enemies":"3 Louse","floor":11.0,"turns":3.0},{"damage":15.0,"enemies":"Large Slime","floor":12.0,"turns":7.0},{"damage":0.0,"enemies":"Blue Slaver","floor":14.0,"turns":6.0},{"damage":5.0,"enemies":"The Guardian","floor":16.0,"turns":13.0},{"damage":0.0,"enemies":"3 Byrds","floor":18.0,"turns":4.0},{"damage":20.0,"enemies":"2 Thieves","floor":20.0,"turns":4.0},{"damage":22.0,"enemies":"Slavers","floor":24.0,"turns":6.0},{"damage":0.0,"enemies":"Gremlin Leader","floor":29.0,"turns":3.0},{"damage":21,"enemies":"Snake Plant","floor":31,"turns":5}],"seed_played":"-1766339158781053235","potions_obtained":[{"floor":8.0,"key":"AttackPotion"},{"floor":11.0,"key":"GhostInAJar"},{"floor":12.0,"key":"Ancient Potion"},{"floor":17.0,"key":"SkillPotion"},{"floor":20.0,"key":"SkillPotion"},{"floor":24.0,"key":"FearPotion"}],"is_trial":false,"path_per_floor":["M","?","T","M","?","E","R","M","T","$","M","M","$","M","R","B",null,"M","?","M","$","?","R","E","R","T","R","?","E","R","M"],"character_chosen":"THE_SILENT","items_purchased":["Deep Breath","Well Laid Plans"],"campfire_rested":0,"item_purchase_floors":[10,13],"current_hp_per_floor":[59,52,52,52,52,52,52,31,31,31,31,16,16,16,16,11,57,57,57,37,37,37,37,15,15,15,15,15,17,17,0],"gold":88,"neow_bonus":"THREE_ENEMY_KILL","is_prod":false,"is_daily":false,"chose_seed":false,"campfire_upgraded":6,"win_rate":0,"timestamp":1543672418,"path_taken":["M","?","?","M","?","E","R","M","T","$","M","?","$","M","R","BOSS","M","?","M","$","?","R","E","R","T","R","?","E","R","M"],"build_version":"2018-11-15","purchased_purges":1,"victory":false,"max_hp_per_floor":[66,66,66,66,66,66,66,66,66,66,66,66,66,66,66,66,71,71,71,71,71,71,71,71,71,71,71,71,71,71,71],"card_choices":[{"not_picked":["Underhanded Strike","Blade Dance"],"picked":"Calculated Gamble","floor":1.0},{"not_picked":["Skewer","Setup","Dash"],"picked":"SKIP","floor":4.0},{"not_picked":["Bane","Burst"],"picked":"Tactician","floor":6.0},{"not_picked":["Tactician","Bane","Dodge and Roll"],"picked":"SKIP","floor":8.0},{"not_picked":["Blade Dance","Concentrate"],"picked":"Noxious Fumes","floor":11.0},{"not_picked":["Deflect","Poisoned Stab","Quick Slash"],"picked":"SKIP","floor":12.0},{"not_picked":["Flying Knee","Prepared"],"picked":"Flechettes","floor":14.0},{"not_picked":["Backflip","Dagger Spray"],"picked":"Acrobatics","floor":17.0},{"not_picked":["Outmaneuver","Dagger Spray","Choke"],"picked":"SKIP","floor":18.0},{"not_picked":["Catalyst+1","Calculated Gamble","Prepared"],"picked":"SKIP","floor":20.0},{"not_picked":["Burst","Blade Dance","PiercingWail"],"picked":"SKIP","floor":24.0},{"not_picked":["Prepared","Deadly Poison","Calculated Gamble"],"picked":"SKIP","floor":29.0}],"player_experience":1187251,"relics_obtained":[{"floor":3.0,"key":"Matryoshka"},{"floor":6.0,"key":"Boot"},{"floor":9.0,"key":"Potion Belt"},{"floor":9.0,"key":"Bag of Marbles"},{"floor":24.0,"key":"Darkstone Periapt"},{"floor":26.0,"key":"Smiling Mask"},{"floor":26.0,"key":"Bird Faced Urn"},{"floor":29.0,"key":"Oddly Smooth Stone"}],"event_choices":[{"cards_removed":["Strike_G"],"damage_healed":0.0,"max_hp_gain":0.0,"max_hp_loss":0.0,"gold_gain":0.0,"event_name":"Golden Wing","player_choice":"Card Removal","floor":2.0,"gold_loss":0.0,"damage_taken":7.0},{"damage_healed":0.0,"max_hp_gain":0.0,"max_hp_loss":0.0,"gold_gain":0.0,"event_name":"Upgrade Shrine","player_choice":"Upgraded","floor":5.0,"gold_loss":0.0,"damage_taken":0.0,"cards_upgraded":["Calculated Gamble"]},{"damage_healed":0.0,"max_hp_gain":0.0,"max_hp_loss":0.0,"gold_gain":0.0,"event_name":"The Library","player_choice":"Read","floor":19.0,"gold_loss":0.0,"damage_taken":0.0,"cards_obtained":["Masterful Stab"]},{"damage_healed":0.0,"max_hp_gain":0.0,"max_hp_loss":0.0,"gold_gain":0.0,"event_name":"Addict","player_choice":"Obtained Relic","floor":22.0,"gold_loss":85.0,"damage_taken":0.0,"relics_obtained":["Molten Egg 2"]},{"damage_healed":0.0,"max_hp_gain":0.0,"max_hp_loss":0.0,"gold_gain":0.0,"event_name":"Vampires","player_choice":"Ignored","floor":28.0,"gold_loss":0.0,"damage_taken":0.0}],"is_beta":true,"boss_relics":[{"not_picked":["Ectoplasm","Velvet Choker"],"picked":"Tiny House"}],"items_purged_floors":[21],"is_endless":false,"potions_floor_spawned":[8,11,12,20,24],"killed_by":"Snake Plant","ascension_level":20}