{"gold_per_floor":[113,113,130,55,55,55,89,89,164,192,29,85,115,127,127,204,204,222,59,59,79,79,110,110,35,35,35,51,80,80,111,111,188,188,206,42,95,95,106,141,141,174,174,188,218,218,229,239,239,239,239,239,239,27,52,52],"floor_reached":57,"playtime":2574,"items_purged":["Strike_B"],"score":3299,"play_id":"1bc48364-d129-41bc-825a-75d7f012b45f","local_time":"20190405181215","is_ascension_mode":true,"campfire_choices":[{"data":"Defragment","floor":6.0,"key":"SMITH"},{"data":"Sunder","floor":8.0,"key":"SMITH"},{"floor":15.0,"key":"REST"},{"data":"White Noise","floor":24.0,"key":"SMITH"},{"data":"White Noise","floor":27.0,"key":"SMITH"},{"data":"Turbo","floor":30.0,"key":"SMITH"},{"data":"Dualcast","floor":32.0,"key":"SMITH"},{"data":"Amplify","floor":41.0,"key":"SMITH"},{"floor":46.0,"key":"RECALL"},{"data":"Turbo","floor":49.0,"key":"SMITH"},{"data":"Turbo","floor":53.0,"key":"SMITH"}],"neow_cost":"NONE","seed_source_timestamp":23127466094064,"circlet_count":0,"master_deck":["AscendersBane","Zap","Dualcast+1","White Noise+1","Defragment+1","Consume","Sunder+1","Loop+1","Capacitor+1","Self Repair+1","Biased Cognition+1","All For One","Biased Cognition+1","Doom and Gloom+1","Cold Snap","Darkness","Self Repair+1","Heatsinks+1","White Noise+1","Conserve Battery+1","Amplify+1","Turbo+1","Skim","Chill","Turbo+1","Go for the Eyes+1","Loop+1","All For One+1","Rainbow","Turbo+1","Self Repair+1","Turbo+1","Biased Cognition+1","Genetic Algorithm+1"],"special_seed":0,"relics":["Cracked Core","NeowsBlessing","Bag of Preparation","Frozen Egg 2","Dodecahedron","Matryoshka","Incense Burner","Pandora\u0027s Box","PreservedInsect","Pantograph","DataDisk","Anchor","Ice Cream","Runic Pyramid","Orichalcum","Prayer Wheel","Happy Flower","Cables","Vajra","Gremlin Horn","Whetstone","DollysMirror","Oddly Smooth Stone"],"potions_floor_usage":[56,56],"damage_taken":[{"damage":0.0,"enemies":"Jaw Worm","floor":1.0,"turns":1.0},{"damage":0.0,"enemies":"2 Louse","floor":3.0,"turns":1.0},{"damage":0.0,"enemies":"3 Sentries","floor":7.0,"turns":2.0},{"damage":8.0,"enemies":"Gremlin Nob","floor":10.0,"turns":3.0},{"damage":40.0,"enemies":"Lagavulin Event","floor":12.0,"turns":4.0},{"damage":25.0,"enemies":"Lagavulin","floor":13.0,"turns":7.0},{"damage":4.0,"enemies":"Small Slimes","floor":14.0,"turns":2.0},{"damage":0.0,"enemies":"Slime Boss","floor":16.0,"turns":6.0},{"damage":3.0,"enemies":"2 Thieves","floor":18.0,"turns":3.0},{"damage":11.0,"enemies":"Shell Parasite","floor":21.0,"turns":4.0},{"damage":61.0,"enemies":"Gremlin Leader","floor":23.0,"turns":8.0},{"damage":10.0,"enemies":"Chosen and Byrds","floor":28.0,"turns":5.0},{"damage":33.0,"enemies":"Slavers","floor":29.0,"turns":4.0},{"damage":3.0,"enemies":"Gremlin Leader","floor":31.0,"turns":4.0},{"damage":6.0,"enemies":"Automaton","floor":33.0,"turns":5.0},{"damage":57.0,"enemies":"3 Darklings","floor":35.0,"turns":5.0},{"damage":0.0,"enemies":"2 Orb Walkers","floor":37.0,"turns":6.0},{"damage":0.0,"enemies":"Orb Walker","floor":39.0,"turns":3.0},{"damage":0.0,"enemies":"Giant Head","floor":40.0,"turns":5.0},{"damage":0.0,"enemies":"Nemesis","floor":42.0,"turns":5.0},{"damage":0.0,"enemies":"Jaw Worm Horde","floor":44.0,"turns":2.0},{"damage":0.0,"enemies":"Giant Head","floor":45.0,"turns":3.0},{"damage":0.0,"enemies":"Maw","floor":47.0,"turns":4.0},{"damage":0.0,"enemies":"Transient","floor":48.0,"turns":6.0},{"damage":0.0,"enemies":"Donu and Deca","floor":50.0,"turns":5.0},{"damage":15.0,"enemies":"Awakened One","floor":51.0,"turns":6.0},{"damage":39.0,"enemies":"Shield and Spear","floor":55.0,"turns":4.0},{"damage":75,"enemies":"The Heart","floor":56,"turns":9}],"seed_played":"-203110114423144266","potions_obtained":[{"floor":7.0,"key":"Regen Potion"},{"floor":12.0,"key":"AttackPotion"},{"floor":16.0,"key":"Swift Potion"},{"floor":18.0,"key":"Fire Potion"},{"floor":23.0,"key":"EssenceOfSteel"},{"floor":33.0,"key":"Weak Potion"},{"floor":42.0,"key":"SkillPotion"},{"floor":44.0,"key":"SkillPotion"},{"floor":55.0,"key":"Ancient Potion"}],"is_trial":false,"path_per_floor":["M","?","M","?","?","R","E","R","T","E","$","?","E","M","R","B",null,"M","$","?","M","?","E","R","?","T","R","M","E","R","E","R","B",null,"M","$","?","?","M","E","R","E","T","M","E","R","M","M","R","B","B",null,"R","$","E","B",null],"character_chosen":"DEFECT","items_purchased":["Loop+1","Heatsinks+1","White Noise","Orichalcum","DollysMirror"],"campfire_rested":1,"item_purchase_floors":[11,19,19,36,54],"current_hp_per_floor":[64,69,69,69,69,69,69,69,69,61,61,21,11,7,29,39,67,74,74,74,73,73,32,32,32,32,32,52,29,29,36,36,75,76,39,39,69,69,76,76,76,76,76,76,76,76,76,76,76,76,76,76,76,76,76,41],"gold":52,"neow_bonus":"THREE_ENEMY_KILL","is_prod":false,"is_daily":false,"chose_seed":false,"campfire_upgraded":9,"win_rate":0,"timestamp":1554459135,"path_taken":["M","?","M","?","?","R","E","R","T","E","$","?","E","M","R","BOSS","M","$","?","M","?","E","R","?","T","R","M","E","R","E","R","BOSS","M","$","?","?","M","E","R","E","T","M","E","R","M","M","R","BOSS","BOSS","R","$","E","BOSS"],"build_version":"2019-01-23","purchased_purges":1,"victory":true,"max_hp_per_floor":[71,76,76,76,76,76,76,76,76,76,76,76,76,76,76,76,76,76,76,76,76,76,76,76,76,76,76,76,76,76,76,76,76,76,76,76,76,76,76,76,76,76,76,76,76,76,76,76,76,76,76,76,76,76,76,76],"card_choices":[{"not_picked":["Compile Driver","Sunder"],"picked":"White Noise","floor":1.0},{"not_picked":["Redo","Gash"],"picked":"Defragment","floor":3.0},{"not_picked":["Sweeping Beam","Conserve Battery"],"picked":"Sunder","floor":7.0},{"not_picked":["Redo","Auto Shields","Force Field"],"picked":"SKIP","floor":10.0},{"not_picked":["Scrape","Leap"],"picked":"Capacitor+1","floor":12.0},{"not_picked":["Rebound","Conserve Battery","Lockon"],"picked":"SKIP","floor":13.0},{"not_picked":["Beam Cell","Lockon"],"picked":"Self Repair+1","floor":14.0},{"not_picked":["Thunder Strike","Reboot"],"picked":"Biased Cognition+1","floor":16.0},{"not_picked":["Beam Cell","Cold Snap"],"picked":"Self Repair+1","floor":18.0},{"not_picked":["Auto Shields","Beam Cell"],"picked":"Conserve Battery+1","floor":21.0},{"not_picked":["Ball Lightning","Barrage"],"picked":"Amplify","floor":23.0},{"not_picked":["Gash","Go for the Eyes"],"picked":"Turbo","floor":28.0},{"not_picked":["Conserve Battery","Tempest"],"picked":"Skim","floor":29.0},{"not_picked":["Hyperbeam","Steam Power","Blizzard"],"picked":"SKIP","floor":31.0},{"not_picked":["Buffer+1","Creative AI+1"],"picked":"Core Surge","floor":33.0},{"not_picked":["Gash+1","Aggregate+1"],"picked":"Chill","floor":35.0},{"not_picked":["Streamline+1","Auto Shields+1"],"picked":"Turbo+1","floor":37.0},{"not_picked":["Redo","Steam+1"],"picked":"Go for the Eyes+1","floor":39.0},{"not_picked":["Barrage","Streamline","Reinforced Body"],"picked":"SKIP","floor":39.0},{"not_picked":["FTL","Compile Driver"],"picked":"Loop+1","floor":40.0},{"not_picked":["Gash","Auto Shields+1","Redo"],"picked":"SKIP","floor":42.0},{"not_picked":["Stack","Sweeping Beam"],"picked":"All For One","floor":44.0},{"not_picked":["Barrage","Coolheaded","Chaos"],"picked":"SKIP","floor":44.0},{"not_picked":["Rebound","Cold Snap"],"picked":"Rainbow","floor":45.0},{"not_picked":["Skim","Hologram"],"picked":"Turbo","floor":47.0},{"not_picked":["Force Field","Steam"],"picked":"Self Repair+1","floor":47.0},{"not_picked":["Skim+1","Stack"],"picked":"Turbo","floor":48.0},{"not_picked":["Ball Lightning","BootSequence+1","Conserve Battery"],"picked":"SKIP","floor":48.0},{"not_picked":["Coolheaded+1","Chill"],"picked":"Genetic Algorithm+1","floor":55.0}],"player_experience":4078274,"relics_obtained":[{"floor":7.0,"key":"Bag of Preparation"},{"floor":9.0,"key":"Frozen Egg 2"},{"floor":10.0,"key":"Dodecahedron"},{"floor":12.0,"key":"Matryoshka"},{"floor":13.0,"key":"Incense Burner"},{"floor":23.0,"key":"Pantograph"},{"floor":26.0,"key":"DataDisk"},{"floor":29.0,"key":"Anchor"},{"floor":31.0,"key":"Ice Cream"},{"floor":37.0,"key":"Prayer Wheel"},{"floor":40.0,"key":"Happy Flower"},{"floor":42.0,"key":"Cables"},{"floor":43.0,"key":"Vajra"},{"floor":43.0,"key":"Gremlin Horn"},{"floor":45.0,"key":"Whetstone"},{"floor":55.0,"key":"Oddly Smooth Stone"}],"event_choices":[{"damage_healed":0.0,"max_hp_gain":5.0,"max_hp_loss":0.0,"gold_gain":0.0,"event_name":"Big Fish","player_choice":"Donut","floor":2.0,"gold_loss":0.0,"damage_taken":0.0},{"cards_removed":["Strike_B"],"damage_healed":0.0,"max_hp_gain":0.0,"max_hp_loss":0.0,"gold_gain":0.0,"event_name":"The Cleric","player_choice":"Card Removal","floor":4.0,"gold_loss":75.0,"damage_taken":0.0},{"damage_healed":0.0,"max_hp_gain":0.0,"max_hp_loss":0.0,"gold_gain":0.0,"cards_transformed":["Strike_B"],"event_name":"Living Wall","player_choice":"Change","floor":5.0,"gold_loss":0.0,"damage_taken":0.0,"cards_obtained":["Consume"]},{"damage_healed":0.0,"max_hp_gain":0.0,"max_hp_loss":0.0,"gold_gain":30.0,"event_name":"Dead Adventurer","player_choice":"Searched \u00272\u0027 times","floor":12.0,"gold_loss":0.0,"damage_taken":0.0},{"damage_healed":0.0,"max_hp_gain":0.0,"max_hp_loss":0.0,"gold_gain":0.0,"event_name":"The Mausoleum","player_choice":"Opened","floor":20.0,"gold_loss":0.0,"damage_taken":0.0,"relics_obtained":["PreservedInsect"],"cards_obtained":["Writhe"]},{"damage_healed":0.0,"max_hp_gain":0.0,"max_hp_loss":0.0,"gold_gain":0.0,"event_name":"Vampires","player_choice":"Ignored","floor":22.0,"gold_loss":0.0,"damage_taken":0.0},{"cards_removed":["Writhe"],"damage_healed":0.0,"max_hp_gain":0.0,"max_hp_loss":0.0,"gold_gain":0.0,"event_name":"Beggar","player_choice":"Gave Gold","floor":25.0,"gold_loss":75.0,"damage_taken":0.0},{"damage_healed":0.0,"max_hp_gain":0.0,"max_hp_loss":0.0,"gold_gain":0.0,"event_name":"Mysterious Sphere","player_choice":"Fight","floor":37.0,"gold_loss":0.0,"damage_taken":0.0},{"cards_removed":["Core Surge"],"damage_healed":0.0,"max_hp_gain":0.0,"max_hp_loss":0.0,"gold_gain":0.0,"event_name":"Falling","player_choice":"Removed Attack","floor":38.0,"gold_loss":0.0,"damage_taken":0.0}],"is_beta":false,"boss_relics":[{"not_picked":["Fusion Hammer","Philosopher\u0027s Stone"],"picked":"Pandora\u0027s Box"},{"not_picked":["Tiny House","Snecko Eye"],"picked":"Runic Pyramid"}],"items_purged_floors":[11],"is_endless":false,"potions_floor_spawned":[7,12,16,18,23,33,35,39,42,44,55],"ascension_level":20}