{"gold_per_floor":[365,365,365,111,151,151,180,180,180,180,180,190,232,268,268,340,340,381,381,271,314,214,214,264,308,308,308,308,344,23,36,36,109,109,128,3,16,59,70,70,70,70,70,112,143,159,212,212],"floor_reached":48,"playtime":1890,"items_purged":["Strike_B","Defend_B","Defend_B"],"score":1159,"play_id":"aeb6eee1-556a-4651-9ce5-b04ec030e058","local_time":"20190720223049","is_ascension_mode":true,"campfire_choices":[{"data":"HandOfGreed","floor":6.0,"key":"SMITH"},{"data":"Dualcast","floor":8.0,"key":"SMITH"},{"floor":10.0,"key":"RECALL"},{"data":"Lockon","floor":15.0,"key":"SMITH"},{"data":"White Noise","floor":23.0,"key":"SMITH"},{"data":"Electrodynamics","floor":27.0,"key":"SMITH"},{"data":"Deep Breath","floor":32.0,"key":"SMITH"},{"data":"Recycle","floor":40.0,"key":"SMITH"}],"neow_cost":"CURSE","seed_source_timestamp":20400240329203,"circlet_count":0,"master_deck":["AscendersBane","Defend_B+1","Zap+1","Dualcast+1","Cold Snap","HandOfGreed+1","Ball Lightning","Chill+1","Lockon+1","White Noise+1","Electrodynamics+1","All For One","White Noise","Coolheaded","Deep Breath+1","Echo Form","Core Surge","Defragment+1","Recycle+1","Madness","Madness"],"special_seed":0,"relics":["Cracked Core","Question Card","War Paint","Coffee Dripper","Happy Flower","TheAbacus","Runic Pyramid","Vajra","Regal Pillow"],"potions_floor_usage":[],"damage_taken":[{"damage":2.0,"enemies":"2 Louse","floor":1.0,"turns":3.0},{"damage":0.0,"enemies":"Small Slimes","floor":5.0,"turns":2.0},{"damage":35.0,"enemies":"Gremlin Nob","floor":7.0,"turns":4.0},{"damage":0.0,"enemies":"Cultist","floor":12.0,"turns":2.0},{"damage":0.0,"enemies":"3 Louse","floor":13.0,"turns":3.0},{"damage":1.0,"enemies":"Exordium Wildlife","floor":14.0,"turns":3.0},{"damage":11.0,"enemies":"Hexaghost","floor":16.0,"turns":9.0},{"damage":6.0,"enemies":"2 Thieves","floor":18.0,"turns":3.0},{"damage":0.0,"enemies":"3 Byrds","floor":21.0,"turns":1.0},{"damage":8.0,"enemies":"Centurion and Healer","floor":25.0,"turns":4.0},{"damage":0.0,"enemies":"Cultist and Chosen","floor":29.0,"turns":3.0},{"damage":6.0,"enemies":"Snecko","floor":31.0,"turns":3.0},{"damage":20.0,"enemies":"Collector","floor":33.0,"turns":7.0},{"damage":0.0,"enemies":"3 Shapes","floor":35.0,"turns":3.0},{"damage":7.0,"enemies":"Orb Walker","floor":37.0,"turns":2.0},{"damage":9.0,"enemies":"Spire Growth","floor":38.0,"turns":3.0},{"damage":4.0,"enemies":"3 Darklings","floor":39.0,"turns":3.0},{"damage":19.0,"enemies":"Maw","floor":44.0,"turns":5.0},{"damage":0.0,"enemies":"Reptomancer","floor":45.0,"turns":5.0},{"damage":0.0,"enemies":"Sphere and 2 Shapes","floor":46.0,"turns":3.0},{"damage":0.0,"enemies":"Giant Head","floor":47.0,"turns":4.0},{"damage":16,"enemies":"Spire Growth","floor":48,"turns":2}],"seed_played":"5049712273258168659","potions_obtained":[{"floor":5.0,"key":"LiquidBronze"},{"floor":7.0,"key":"SteroidPotion"},{"floor":14.0,"key":"AttackPotion"},{"floor":21.0,"key":"SteroidPotion"},{"floor":29.0,"key":"GamblersBrew"},{"floor":38.0,"key":"FearPotion"},{"floor":45.0,"key":"Explosive Potion"},{"floor":47.0,"key":"SteroidPotion"}],"is_trial":false,"path_per_floor":["M","?","?","$","M","R","E","R","T","R","?","M","M","M","R","B",null,"M","?","?","M","$","R","?","M","T","R","?","M","$","M","R","B",null,"M","$","M","M","M","R","?","?","T","M","E","M","E","M"],"character_chosen":"DEFECT","items_purchased":["HandOfGreed","TheAbacus","Deep Breath"],"campfire_rested":0,"item_purchase_floors":[4,30,30],"current_hp_per_floor":[62,55,55,55,55,55,20,20,20,20,20,20,20,19,19,8,55,49,49,49,49,49,49,49,41,41,41,41,41,41,35,35,15,57,57,57,50,41,37,37,24,24,24,5,5,5,5,0],"gold":212,"neow_bonus":"TWO_FIFTY_GOLD","is_prod":false,"is_daily":false,"chose_seed":false,"campfire_upgraded":7,"win_rate":0,"timestamp":1563633049,"path_taken":["M","?","?","$","M","R","E","R","T","R","?","?","M","M","R","BOSS","M","?","?","?","$","R","?","M","T","R","?","?","$","M","R","BOSS","M","$","M","M","M","R","?","?","T","M","E","M","E","M"],"build_version":"2019-07-17","purchased_purges":3,"victory":false,"max_hp_per_floor":[71,71,71,71,71,71,71,71,71,71,71,71,71,71,71,71,71,71,71,71,71,71,71,71,71,71,71,71,71,71,71,71,71,71,71,71,71,71,71,71,71,71,71,71,71,71,71,71],"card_choices":[{"not_picked":["Conserve Battery","Coolheaded"],"picked":"Cold Snap","floor":1.0},{"not_picked":["Conserve Battery","Hologram"],"picked":"Ball Lightning","floor":5.0},{"not_picked":["Auto Shields","Aggregate"],"picked":"Chill","floor":7.0},{"not_picked":["Hello World","Steam Power","Turbo"],"picked":"Lockon","floor":12.0},{"not_picked":["Go for the Eyes","Aggregate","Turbo","Conserve Battery"],"picked":"SKIP","floor":13.0},{"not_picked":["Lockon","Undo","Tempest"],"picked":"White Noise","floor":14.0},{"not_picked":["Buffer","Meteor Strike","Machine Learning"],"picked":"Electrodynamics","floor":16.0},{"not_picked":["Storm","Barrage","Ball Lightning","Streamline"],"picked":"SKIP","floor":18.0},{"not_picked":["Stack","Leap","Barrage","Cold Snap"],"picked":"SKIP","floor":21.0},{"not_picked":["Gash","Ball Lightning+1","Chill"],"picked":"All For One","floor":25.0},{"not_picked":["Conserve Battery","Sunder","Reprogram"],"picked":"Coolheaded","floor":29.0},{"not_picked":["Hologram+1","Cold Snap","Streamline"],"picked":"Echo Form","floor":31.0},{"not_picked":["Rainbow","Hyperbeam","Meteor Strike"],"picked":"Core Surge","floor":33.0},{"not_picked":["Sunder","Rebound","Auto Shields","Gash"],"picked":"SKIP","floor":35.0},{"not_picked":["Leap","Barrage","Static Discharge"],"picked":"Defragment+1","floor":37.0},{"not_picked":["Chill","Go for the Eyes","Sweeping Beam","Steam"],"picked":"SKIP","floor":38.0},{"not_picked":["Double Energy","Rip and Tear","Multi-Cast"],"picked":"Recycle","floor":39.0},{"not_picked":["Ball Lightning","Recycle","Sweeping Beam","Rebound"],"picked":"SKIP","floor":44.0},{"not_picked":["Ball Lightning","BootSequence","Go for the Eyes","White Noise"],"picked":"SKIP","floor":45.0},{"not_picked":["FTL","Rip and Tear","Go for the Eyes","Chill"],"picked":"SKIP","floor":46.0},{"not_picked":["Stack","Buffer","Streamline","Cold Snap"],"picked":"SKIP","floor":47.0}],"player_experience":5813095,"relics_obtained":[{"floor":7.0,"key":"Question Card"},{"floor":9.0,"key":"War Paint"},{"floor":26.0,"key":"Happy Flower"},{"floor":45.0,"key":"Vajra"},{"floor":47.0,"key":"Regal Pillow"}],"event_choices":[{"cards_removed":["Doubt"],"damage_healed":0.0,"max_hp_gain":0.0,"max_hp_loss":0.0,"gold_gain":0.0,"event_name":"Golden Wing","player_choice":"Card Removal","floor":2.0,"gold_loss":0.0,"damage_taken":7.0},{"cards_removed":["Strike_B"],"damage_healed":0.0,"max_hp_gain":0.0,"max_hp_loss":0.0,"gold_gain":0.0,"event_name":"Living Wall","player_choice":"Forget","floor":3.0,"gold_loss":0.0,"damage_taken":0.0},{"cards_removed":["Strike_B"],"damage_healed":0.0,"max_hp_gain":0.0,"max_hp_loss":0.0,"gold_gain":0.0,"event_name":"Purifier","player_choice":"Purged","floor":11.0,"gold_loss":0.0,"damage_taken":0.0},{"damage_healed":0.0,"max_hp_gain":0.0,"max_hp_loss":0.0,"gold_gain":0.0,"event_name":"The Mausoleum","player_choice":"Ignored","floor":19.0,"gold_loss":0.0,"damage_taken":0.0},{"cards_removed":["Strike_B"],"damage_healed":0.0,"max_hp_gain":0.0,"max_hp_loss":0.0,"gold_gain":0.0,"event_name":"Designer","player_choice":"Upgrade and Remove","floor":20.0,"gold_loss":110.0,"damage_taken":0.0,"cards_upgraded":["Defend_B"]},{"damage_healed":0.0,"max_hp_gain":0.0,"max_hp_loss":0.0,"gold_gain":50.0,"event_name":"Nest","player_choice":"Stole From Cult","floor":24.0,"gold_loss":0.0,"damage_taken":0.0},{"damage_healed":0.0,"max_hp_gain":0.0,"max_hp_loss":0.0,"gold_gain":0.0,"cards_transformed":["Defend_B"],"event_name":"Transmorgrifier","player_choice":"Transformed","floor":28.0,"gold_loss":0.0,"damage_taken":0.0,"cards_obtained":["White Noise"]},{"damage_healed":0.0,"max_hp_gain":0.0,"max_hp_loss":0.0,"gold_gain":0.0,"event_name":"Winding Halls","player_choice":"Embrace Madness","floor":41.0,"gold_loss":0.0,"damage_taken":13.0,"cards_obtained":["Madness","Madness"]},{"damage_healed":0.0,"max_hp_gain":0.0,"max_hp_loss":0.0,"gold_gain":0.0,"event_name":"Mysterious Sphere","player_choice":"Ignored","floor":42.0,"gold_loss":0.0,"damage_taken":0.0}],"is_beta":false,"boss_relics":[{"not_picked":["Lizard Tail","Nuclear Battery"],"picked":"Coffee Dripper"},{"not_picked":["Philosopher\u0027s Stone","Velvet Choker"],"picked":"Runic Pyramid"}],"items_purged_floors":[4,22,36],"is_endless":false,"potions_floor_spawned":[5,7,12,14,21,29,37,38,45,47],"killed_by":"Spire Growth","ascension_level":20}