{"gold_per_floor":[118,42,42,54,66,66,100,100,100,126,126,66,66,66,66,144,144,155,166,216,229,240,240,45,45,45,58,58],"floor_reached":28,"playtime":973,"items_purged":["Strike_G"],"score":602,"play_id":"aa15ee04-f9b0-43da-9a9f-49460baff3d8","local_time":"20190107171934","is_ascension_mode":true,"campfire_choices":[{"data":"Catalyst","floor":6.0,"key":"SMITH"},{"data":"Catalyst","floor":8.0,"key":"SMITH"},{"data":"Deadly Poison","floor":11.0,"key":"SMITH"},{"data":"Burst","floor":13.0,"key":"SMITH"},{"data":"Neutralize","floor":15.0,"key":"SMITH"},{"data":"Night Terror","floor":23.0,"key":"SMITH"},{"data":"Catalyst","floor":25.0,"key":"SMITH"}],"neow_cost":"TEN_PERCENT_HP_LOSS","seed_source_timestamp":18305173786418,"circlet_count":0,"master_deck":["AscendersBane","Defend_G","Defend_G","Defend_G","Defend_G+1","Defend_G","Strike_G","Strike_G","Strike_G","Survivor+1","Neutralize+1","Catalyst+1","Catalyst+1","Predator","Deadly Poison+1","Burst+1","Night Terror+1","Bouncing Flask+1","Escape Plan+1","Catalyst+1"],"special_seed":0,"relics":["Ring of the Snake","StoneCalendar","Darkstone Periapt","PreservedInsect","The Courier","Black Star","Bag of Preparation","Blood Vial"],"potions_floor_usage":[],"damage_taken":[{"damage":0.0,"enemies":"2 Louse","floor":1.0,"turns":4.0},{"damage":2.0,"enemies":"Jaw Worm","floor":4.0,"turns":7.0},{"damage":0.0,"enemies":"Small Slimes","floor":5.0,"turns":4.0},{"damage":18.0,"enemies":"Lagavulin","floor":7.0,"turns":4.0},{"damage":11.0,"enemies":"Gremlin Nob","floor":10.0,"turns":3.0},{"damage":0.0,"enemies":"Slime Boss","floor":16.0,"turns":3.0},{"damage":0.0,"enemies":"Shell Parasite","floor":18.0,"turns":3.0},{"damage":2.0,"enemies":"2 Thieves","floor":19.0,"turns":4.0},{"damage":13.0,"enemies":"Snake Plant","floor":21.0,"turns":3.0},{"damage":13.0,"enemies":"Sentry and Sphere","floor":22.0,"turns":6.0},{"damage":0.0,"enemies":"Cultist and Chosen","floor":27.0,"turns":4.0},{"damage":23,"enemies":"Slavers","floor":28,"turns":2}],"seed_played":"-6868435517599587258","potions_obtained":[{"floor":1.0,"key":"GamblersBrew"},{"floor":5.0,"key":"GhostInAJar"},{"floor":10.0,"key":"Fruit Juice"},{"floor":18.0,"key":"Strength Potion"}],"is_trial":false,"path_per_floor":["M","$","?","M","M","R","E","R","T","E","R","$","R","?","R","B",null,"M","M","?","M","M","R","$","R","T","M","E"],"character_chosen":"THE_SILENT","items_purchased":["Catalyst","Bag of Preparation","Catalyst"],"campfire_rested":0,"item_purchase_floors":[2,24,24],"current_hp_per_floor":[59,59,52,50,50,50,32,32,32,21,21,21,21,8,8,8,51,51,49,49,36,23,23,23,23,23,25,4],"gold":58,"neow_bonus":"ONE_RARE_RELIC","is_prod":false,"is_daily":false,"chose_seed":false,"campfire_upgraded":7,"win_rate":0,"timestamp":1546852774,"path_taken":["M","$","?","M","M","R","E","R","T","E","R","$","R","?","R","BOSS","M","M","?","M","M","R","$","R","T","?","E"],"build_version":"2019-01-03v4","purchased_purges":1,"victory":false,"max_hp_per_floor":[60,60,60,60,60,60,60,60,60,60,60,60,60,65,65,65,65,65,65,65,65,65,65,65,65,65,65,65],"card_choices":[{"not_picked":["Backflip","Expertise"],"picked":"Catalyst","floor":1.0},{"not_picked":["Acrobatics","Dagger Throw"],"picked":"Predator","floor":4.0},{"not_picked":["Finisher","Outmaneuver"],"picked":"Deadly Poison","floor":5.0},{"not_picked":["Endless Agony","Bane","Cloak And Dagger"],"picked":"SKIP","floor":7.0},{"not_picked":["Night Terror","Reflex"],"picked":"Burst","floor":10.0},{"not_picked":["A Thousand Cuts","Tools of the Trade"],"picked":"Night Terror","floor":16.0},{"not_picked":["Blur+1","Acrobatics"],"picked":"Bouncing Flask+1","floor":18.0},{"not_picked":["Quick Slash","PiercingWail","Dagger Throw"],"picked":"SKIP","floor":19.0},{"not_picked":["Sucker Punch","Accuracy+1"],"picked":"Escape Plan+1","floor":21.0},{"not_picked":["Blade Dance","Poisoned Stab","Quick Slash"],"picked":"SKIP","floor":22.0},{"not_picked":["Sucker Punch","Slice","Endless Agony"],"picked":"SKIP","floor":27.0}],"player_experience":1819390,"relics_obtained":[{"floor":7.0,"key":"Darkstone Periapt"},{"floor":9.0,"key":"PreservedInsect"},{"floor":10.0,"key":"The Courier"},{"floor":26.0,"key":"Blood Vial"}],"event_choices":[{"cards_removed":["Strike_G"],"damage_healed":0.0,"max_hp_gain":0.0,"max_hp_loss":0.0,"gold_gain":0.0,"event_name":"Golden Wing","player_choice":"Card Removal","floor":3.0,"gold_loss":0.0,"damage_taken":7.0},{"damage_healed":0.0,"max_hp_gain":0.0,"max_hp_loss":0.0,"gold_gain":0.0,"event_name":"Shining Light","player_choice":"Entered Light","floor":14.0,"gold_loss":0.0,"damage_taken":18.0,"cards_upgraded":["Defend_G","Survivor"]},{"damage_healed":0.0,"max_hp_gain":0.0,"max_hp_loss":0.0,"gold_gain":50.0,"event_name":"Golden Shrine","player_choice":"Pray","floor":20.0,"gold_loss":0.0,"damage_taken":0.0}],"is_beta":false,"boss_relics":[{"not_picked":["Ring of the Serpent","Astrolabe"],"picked":"Black Star"}],"items_purged_floors":[12],"is_endless":false,"potions_floor_spawned":[1,5,7,10,18],"killed_by":"Slavers","ascension_level":20}