{"path_per_floor":["M","M","?","M","?","E","M","?","T","M","?","M","E","M","R","B",null,"M","$","?","M","M"],"character_chosen":"THE_SILENT","items_purchased":["Paper Crane"],"gold_per_floor":[114,129,129,144,144,182,201,201,201,220,220,239,277,296,296,421,421,440,190,190,209,228,228],"floor_reached":23,"campfire_rested":1,"playtime":1864,"current_hp_per_floor":[69,67,67,67,67,48,48,48,48,40,40,40,31,29,65,61,65,58,58,58,41,17,0],"items_purged":[],"gold":228,"score":480,"play_id":"a6266f52-6056-414c-a446-9ec160227d7c","local_time":"20180413120413","daily_mods":["Insanity","Night Terrors","Hoarder"],"is_prod":false,"is_daily":true,"chose_seed":false,"is_ascension_mode":false,"campfire_upgraded":0,"timestamp":1523592253,"path_taken":["M","?","?","M","?","E","M","?","T","?","?","M","E","?","R","BOSS","M","$","?","M","M","E"],"build_version":"2018-04-12","seed_source_timestamp":0,"purchased_purges":0,"victory":false,"master_deck":["Reflex","Setup","Concentrate","Blur","Endless Agony","Catalyst","Outmaneuver","Distraction","A Thousand Cuts","Blur","Bouncing Flask","Finisher","Outmaneuver","Finisher","Caltrops","Deadly Poison","Escape Plan","Terror","Dagger Throw","Terror","Venomology","Infinite Blades","Underhanded Strike","Die Die Die","Bullet Time","Concentrate","Poisoned Stab","Prepared","Grand Finale","Blur","Cloak And Dagger","Infinite Blades","Well Laid Plans","Outmaneuver","Blade Dance","Well Laid Plans","Backflip","Escape Plan","Noxious Fumes","Outmaneuver","Cloak And Dagger","Wraith Form v2","Quick Slash","Infinite Blades","Accuracy","Leg Sweep","Escape Plan","Noxious Fumes","Well Laid Plans","Quick Slash","Quick Slash","Quick Slash","Blur","Blur","Blur","Calculated Gamble","Calculated Gamble","Calculated Gamble","Backflip","Backflip","Backflip","Injury","Injury","Injury","Dagger Throw","Dagger Throw","Dagger Throw","Regret","Regret","Expertise","Expertise","Expertise","Slice","Slice","Slice","Outmaneuver+1","Outmaneuver+1","Outmaneuver+1"],"max_hp_per_floor":[70,70,70,70,70,70,70,70,70,70,70,70,70,70,65,65,65,65,65,65,65,65,65],"relics":["Ring of the Snake","Golden Idol","Bag of Marbles","Toolbox","Kunai","Shuriken","Philosopher\u0027s Stone","Paper Crane"],"card_choices":[{"not_picked":["Dagger Throw","Flying Knee"],"picked":"Quick Slash","floor":1},{"not_picked":["Underhanded Strike","Distraction"],"picked":"Blur","floor":2},{"not_picked":["Sucker Punch","Dagger Throw"],"picked":"Backflip","floor":4},{"not_picked":["Skewer","Dodge and Roll"],"picked":"Dagger Throw","floor":6},{"not_picked":["Outmaneuver","Grand Finale"],"picked":"Expertise","floor":12},{"not_picked":["Deadly Poison","Quick Slash"],"picked":"Slice","floor":13},{"not_picked":["Dagger Spray","Deflect"],"picked":"Outmaneuver","floor":21}],"player_experience":401136,"potions_floor_usage":[6,13,16,16],"damage_taken":[{"damage":1,"enemies":"Cultist","floor":1,"turns":3},{"damage":2,"enemies":"Small Slimes","floor":2,"turns":2},{"damage":0,"enemies":"Jaw Worm","floor":4,"turns":3},{"damage":19,"enemies":"3 Sentries","floor":6,"turns":5},{"damage":0,"enemies":"Large Slime","floor":7,"turns":4},{"damage":8,"enemies":"3 Louse","floor":10,"turns":4},{"damage":0,"enemies":"Blue Slaver","floor":12,"turns":3},{"damage":13,"enemies":"Lagavulin","floor":13,"turns":7},{"damage":2,"enemies":"Large Slime","floor":14,"turns":6},{"damage":4,"enemies":"Hexaghost","floor":16,"turns":7},{"damage":7,"enemies":"Spheric Guardian","floor":18,"turns":5},{"damage":17,"enemies":"3 Byrds","floor":21,"turns":5},{"damage":24,"enemies":"Slaver and Parasite","floor":22,"turns":5},{"damage":23,"enemies":"Slavers","floor":23,"turns":1}],"event_choices":[{"event_name":"Living Wall","player_choice":"Change","floor":3,"damage_taken":0},{"event_name":"Golden Idol","player_choice":"Take Wound","floor":5,"damage_taken":0},{"event_name":"Big Fish","player_choice":"Box","floor":8,"damage_taken":0},{"event_name":"Wheel of Change","player_choice":"Card Removal","floor":11,"damage_taken":0},{"event_name":"N\u0027loth","player_choice":"Ignored","floor":20,"damage_taken":0}],"boss_relics":[{"not_picked":["Tiny House","Eternal Feather"],"picked":"Philosopher\u0027s Stone"}],"potions_floor_spawned":[2,13,14,16],"seed_played":"-7209576087114707502","killed_by":"Slavers","ascension_level":0,"is_trial":false}