{"gold_per_floor":[115,131,306,326,89,117,117,130,181,193,93,113,213,226,226,331,331,351,276,287,287,319,319],"floor_reached":23,"playtime":3591,"items_purged":["Doubt","Disarm"],"score":193,"play_id":"a1e8fc71-9fc1-4dab-8129-51eec2bd739c","local_time":"20190722085136","is_ascension_mode":false,"campfire_choices":[{"data":"Metallicize","floor":15.0,"key":"SMITH"}],"neow_cost":"NONE","seed_source_timestamp":0,"circlet_count":0,"master_deck":["Strike_R","Strike_R","Strike_R","Defend_R","Defend_R","Defend_R","Defend_R+1","Bash","Metallicize+1","Infernal Blade","Carnage+1","Dual Wield","Flash of Steel","Armaments","Shrug It Off","Rampage","Immolate","Blood for Blood+1","Infernal Blade","Metallicize","Spot Weakness"],"special_seed":0,"relics":["Burning Blood","Pantograph","Potion Belt","Black Star","Red Mask"],"potions_floor_usage":[22],"damage_taken":[{"damage":0.0,"enemies":"Jaw Worm","floor":1.0,"turns":5.0},{"damage":5.0,"enemies":"Small Slimes","floor":2.0,"turns":4.0},{"damage":1.0,"enemies":"2 Louse","floor":4.0,"turns":3.0},{"damage":19.0,"enemies":"Gremlin Nob","floor":6.0,"turns":5.0},{"damage":26.0,"enemies":"Exordium Thugs","floor":8.0,"turns":6.0},{"damage":4.0,"enemies":"Blue Slaver","floor":10.0,"turns":2.0},{"damage":7.0,"enemies":"Looter","floor":12.0,"turns":4.0},{"damage":5.0,"enemies":"3 Louse","floor":14.0,"turns":3.0},{"damage":34.0,"enemies":"Slime Boss","floor":16.0,"turns":12.0},{"damage":27,"enemies":"2 Thieves","floor":18,"turns":4},{"damage":19,"enemies":"Spheric Guardian","floor":20,"turns":5},{"damage":45,"enemies":"Masked Bandits","floor":22,"turns":5},{"damage":14,"enemies":"Book of Stabbing","floor":23,"turns":4}],"seed_played":"7376683668746706693","potions_obtained":[{"floor":2.0,"key":"Block Potion"},{"floor":6.0,"key":"EssenceOfSteel"},{"floor":8.0,"key":"Explosive Potion"},{"floor":14.0,"key":"Strength Potion"},{"floor":20,"key":"Fruit Juice"}],"is_trial":false,"path_per_floor":["M","M","?","M","$","E","?","M","T","M","$","M","?","M","R","B",null,"M","?","M","?","?","E"],"character_chosen":"IRONCLAD","items_purchased":["Dual Wield","Flash of Steel"],"campfire_rested":0,"item_purchase_floors":[5,5],"current_hp_per_floor":[80,80,80,80,80,67,51,31,31,33,33,32,32,33,33,30,80,59,59,46,46,12,0],"gold":319,"neow_bonus":"TRANSFORM_CARD","is_prod":false,"is_daily":false,"chose_seed":false,"campfire_upgraded":1,"win_rate":0.0,"timestamp":1563774696,"path_taken":["M","M","?","M","$","E","?","M","T","M","$","M","?","M","R","BOSS","M","?","M","?","?","E"],"build_version":"2019-07-17","purchased_purges":2,"victory":false,"max_hp_per_floor":[80,80,80,80,80,80,80,80,80,80,80,80,80,80,80,80,80,80,80,80,80,85,85],"card_choices":[{"not_picked":["Sword Boomerang","Evolve","Headbutt"],"picked":"SKIP","floor":1.0},{"not_picked":["Dropkick","Body Slam"],"picked":"Infernal Blade","floor":2.0},{"not_picked":["Bloodletting","Blood for Blood"],"picked":"Carnage","floor":4.0},{"not_picked":["Thunderclap","Heavy Blade"],"picked":"Armaments","floor":6.0},{"not_picked":["Warcry","Carnage"],"picked":"Disarm","floor":8.0},{"not_picked":["Perfected Strike","Reckless Charge"],"picked":"Shrug It Off","floor":10.0},{"not_picked":["Wild Strike","Body Slam"],"picked":"Rampage","floor":12.0},{"not_picked":["Wild Strike","Dual Wield","Feel No Pain"],"picked":"SKIP","floor":14.0},{"not_picked":["Brutality","Feed"],"picked":"Immolate","floor":16.0},{"not_picked":["Combust+1","Warcry"],"picked":"Blood for Blood+1","floor":18},{"not_picked":["Pommel Strike","Perfected Strike+1"],"picked":"Infernal Blade","floor":20},{"not_picked":["Fire Breathing","Wild Strike"],"picked":"Spot Weakness","floor":22}],"player_experience":62478,"relics_obtained":[{"floor":6.0,"key":"Pantograph"},{"floor":9.0,"key":"Potion Belt"},{"floor":22,"key":"Red Mask"}],"event_choices":[{"damage_healed":0.0,"max_hp_gain":0.0,"max_hp_loss":0.0,"gold_gain":175.0,"event_name":"Liars Game","player_choice":"AGREE","floor":3.0,"gold_loss":0.0,"damage_taken":0.0,"cards_obtained":["Doubt"]},{"damage_healed":0.0,"max_hp_gain":0.0,"max_hp_loss":0.0,"gold_gain":0.0,"event_name":"Shining Light","player_choice":"Entered Light","floor":7.0,"gold_loss":0.0,"damage_taken":16.0,"cards_upgraded":["Defend_R","Carnage"]},{"damage_healed":0.0,"max_hp_gain":0.0,"max_hp_loss":0.0,"gold_gain":100.0,"event_name":"Golden Shrine","player_choice":"Pray","floor":13.0,"gold_loss":0.0,"damage_taken":0.0},{"cards_removed":["Strike_R"],"damage_healed":0,"gold_gain":0,"player_choice":"Gave Gold","damage_taken":0,"max_hp_gain":0,"max_hp_loss":0,"event_name":"Beggar","floor":19,"gold_loss":75},{"damage_healed":0,"gold_gain":0,"player_choice":"Read","damage_taken":0,"max_hp_gain":0,"max_hp_loss":0,"event_name":"The Library","floor":21,"gold_loss":0,"cards_obtained":["Metallicize"]},{"damage_healed":0,"gold_gain":0,"player_choice":"Fought Bandits","damage_taken":0,"max_hp_gain":0,"max_hp_loss":0,"event_name":"Masked Bandits","floor":22,"gold_loss":0}],"is_beta":false,"boss_relics":[{"not_picked":["Philosopher\u0027s Stone","Busted Crown"],"picked":"Black Star"}],"items_purged_floors":[5,11],"is_endless":false,"potions_floor_spawned":[2,6,8,14,20],"killed_by":"Book of Stabbing","ascension_level":0}