{"path_per_floor":["M","?","M","$","M","E","R","?","T","M","$","M","R","M","R","B",null,"M","?","M","M","M","M"],"character_chosen":"THE_SILENT","items_purchased":[],"gold_per_floor":[210,310,324,249,264,294,294,294,294,310,210,225,225,241,241,344,344,355,355,370,381,397,410,410],"floor_reached":24,"campfire_rested":0,"playtime":1572,"current_hp_per_floor":[70,70,70,70,70,34,34,34,34,33,33,33,33,31,31,22,70,67,67,66,62,53,48,0],"items_purged":["Defend_G","Defend_G"],"gold":410,"score":212,"play_id":"55bb91e0-1f25-4209-a1cc-1f8eea06cd30","local_time":"20180329182257","is_prod":false,"is_daily":false,"is_ascension_mode":true,"campfire_upgraded":0,"timestamp":1522318977,"path_taken":["M","?","M","$","M","E","R","?","T","M","$","M","R","M","R","BOSS","M","?","M","M","M","?","E"],"build_version":"2018-03-22v2","purchased_purges":2,"victory":false,"master_deck":["Defend_G","Defend_G","Defend_G","Strike_G","Strike_G","Strike_G","Survivor","Neutralize","Calculated Gamble","After Image","Underhanded Strike","Endless Agony","Tools of the Trade","Backflip+1","Prepared+1"],"max_hp_per_floor":[70,70,70,70,70,70,70,70,70,70,70,70,70,70,70,70,70,70,70,70,70,70,70,70],"relics":["Ring of the Snake","Shovel","Dead Branch","Torii","Toxic Egg 2","Blue Candle","Question Card"],"card_choices":[{"not_picked":["PiercingWail","Dagger Spray"],"picked":"Calculated Gamble","floor":5.0},{"not_picked":["Dagger Spray","Quick Slash"],"picked":"Underhanded Strike","floor":10.0},{"not_picked":["Blade Dance","Deflect"],"picked":"Endless Agony","floor":12.0},{"not_picked":["Storm of Steel","Unload"],"picked":"Tools of the Trade","floor":16.0},{"not_picked":["Terror","Slice","Cloak And Dagger"],"picked":"Backflip","floor":21.0},{"not_picked":["Bane","PiercingWail","Deadly Poison"],"picked":"Prepared","floor":22.0}],"player_experience":347223,"potions_floor_usage":[23,23],"damage_taken":[{"damage":0.0,"enemies":"Small Slimes","floor":1.0,"turns":7.0},{"damage":0.0,"enemies":"Cultist","floor":3.0,"turns":5.0},{"damage":0.0,"enemies":"2 Louse","floor":5.0,"turns":3.0},{"damage":36.0,"enemies":"Gremlin Nob","floor":6.0,"turns":6.0},{"damage":1.0,"enemies":"Exordium Thugs","floor":10.0,"turns":7.0},{"damage":0.0,"enemies":"Large Slime","floor":12.0,"turns":7.0},{"damage":2.0,"enemies":"3 Louse","floor":14.0,"turns":4.0},{"damage":9.0,"enemies":"Slime Boss","floor":16.0,"turns":12.0},{"damage":3.0,"enemies":"Spheric Guardian","floor":18.0,"turns":6.0},{"damage":1.0,"enemies":"Shell Parasite","floor":20.0,"turns":7.0},{"damage":4.0,"enemies":"Snake Plant","floor":21.0,"turns":6.0},{"damage":9.0,"enemies":"Sentry and Sphere","floor":22.0,"turns":8.0},{"damage":20,"enemies":"3 Cultists","floor":23,"turns":8},{"damage":53,"enemies":"Gremlin Leader","floor":24,"turns":7}],"event_choices":[{"event_name":"Golden Shrine","player_choice":"Pray","floor":2.0,"damage_taken":0.0},{"event_name":"Transmorgrifier","player_choice":"Transform","floor":8.0,"damage_taken":0.0},{"event_name":"Purifier","player_choice":"One Purge","floor":19.0,"damage_taken":0.0}],"boss_relics":[],"potions_floor_spawned":[10,12,14,16,21,22],"seed_played":"8142431566491738582","killed_by":"Gremlin Leader","ascension_level":1,"is_trial":false}