{"gold_per_floor":[209,209,35,35,46,46,79,59,59,91,110,110],"floor_reached":12,"playtime":211,"items_purged":["Strike_B"],"score":155,"play_id":"4d1f92e5-9b36-4884-bfae-4e91aa23d1b3","local_time":"20190131134011","is_ascension_mode":true,"campfire_choices":[{"data":"Discovery","floor":6,"key":"SMITH"}],"neow_cost":"NONE","seed_source_timestamp":39820578846648,"circlet_count":0,"master_deck":["AscendersBane","Strike_B","Strike_B","Strike_B+1","Defend_B","Defend_B","Defend_B","Defend_B","Zap","Dualcast+1","Ball Lightning","Discovery+1","Streamline","Coolheaded"],"relics":["Cracked Core","Bottled Flame","Darkstone Periapt","Smiling Mask"],"potions_floor_usage":[10,12],"damage_taken":[{"damage":1,"enemies":"Cultist","floor":1,"turns":3},{"damage":5,"enemies":"Jaw Worm","floor":5,"turns":3},{"damage":20,"enemies":"Lagavulin","floor":7,"turns":7},{"damage":10,"enemies":"3 Sentries","floor":10,"turns":6},{"damage":5,"enemies":"2 Louse","floor":11,"turns":2},{"damage":5,"enemies":"Lots of Slimes","floor":12,"turns":1}],"seed_played":"7882500217338752722","potions_obtained":[{"floor":1,"key":"LiquidBronze"},{"floor":8,"key":"Energy Potion"},{"floor":11,"key":"AttackPotion"}],"is_trial":false,"path_per_floor":["M","?","$","?","M","R","E","?","T","E","M","M"],"character_chosen":"DEFECT","items_purchased":["Discovery"],"campfire_rested":0,"item_purchase_floors":[3],"current_hp_per_floor":[63,68,68,45,40,40,20,20,20,10,5,0],"gold":110,"neow_bonus":"HUNDRED_GOLD","is_prod":false,"is_daily":false,"chose_seed":false,"campfire_upgraded":1,"win_rate":0,"timestamp":1548913211,"path_taken":["M","?","$","?","M","R","E","?","T","E","?","M"],"build_version":"2019-01-23","purchased_purges":1,"victory":false,"max_hp_per_floor":[71,76,76,76,76,76,76,76,76,76,76,76],"card_choices":[{"not_picked":["Double Energy","Cold Snap"],"picked":"Ball Lightning","floor":1},{"not_picked":["Leap","Double Energy","Steam"],"picked":"SKIP","floor":5},{"not_picked":["Barrage","Leap"],"picked":"Streamline","floor":7},{"not_picked":["Static Discharge","Barrage"],"picked":"Coolheaded","floor":10},{"not_picked":["Sweeping Beam","Hyperbeam","Steam"],"picked":"SKIP","floor":11}],"player_experience":2431646,"relics_obtained":[{"floor":7,"key":"Bottled Flame"},{"floor":9,"key":"Darkstone Periapt"},{"floor":10,"key":"Smiling Mask"}],"event_choices":[{"damage_healed":0,"gold_gain":0,"player_choice":"Donut","damage_taken":0,"max_hp_gain":5,"max_hp_loss":0,"event_name":"Big Fish","floor":2,"gold_loss":0},{"damage_healed":0,"gold_gain":0,"player_choice":"Entered Light","damage_taken":23,"max_hp_gain":0,"max_hp_loss":0,"event_name":"Shining Light","floor":4,"gold_loss":0,"cards_upgraded":["Strike_B","Dualcast"]},{"damage_healed":0,"gold_gain":0,"player_choice":"Bought 1 Potion","damage_taken":0,"max_hp_gain":0,"max_hp_loss":0,"event_name":"The Woman in Blue","floor":8,"gold_loss":0}],"is_beta":false,"boss_relics":[],"items_purged_floors":[3],"is_endless":false,"potions_floor_spawned":[1,11],"killed_by":"Lots of Slimes","ascension_level":16}