{"gold_per_floor":[116,133,60,135,135,166,166,166,166,166,185,185,185,185,185,285,285,296,143,153,14,24,42,42,42,65,78,91,91,91,110,110,208,208,225,225,225,125,138,138,45,61,87,97,111,126,140,153,153,153],"floor_reached":51,"playtime":2347,"items_purged":["Strike_B","Writhe"],"score":1021,"play_id":"da676cf1-9258-4bf4-a165-f060d3a26820","local_time":"20181009194703","is_ascension_mode":true,"campfire_choices":[{"data":"Defragment","floor":7,"key":"SMITH"},{"data":"Zap","floor":10,"key":"SMITH"},{"data":"Discovery","floor":15,"key":"SMITH"},{"data":"Dualcast","floor":24,"key":"SMITH"},{"data":"White Noise","floor":30,"key":"SMITH"},{"data":"Buffer","floor":32,"key":"SMITH"},{"data":"Apotheosis","floor":40,"key":"SMITH"},{"data":"Loop","floor":49,"key":"SMITH"}],"neow_cost":"NONE","seed_source_timestamp":30955834151669,"circlet_count":0,"master_deck":["Zap+1","Dualcast+1","Ball Lightning","Coolheaded","Defragment+1","Auto Shields","Consume+1","Discovery+1","Multi-Cast","Buffer+1","White Noise+1","Recycle+1","Conserve Battery","Electrodynamics","Cold Snap","White Noise","White Noise+1","Chill","Leap","Seek","Beam Cell","Hologram","Cold Snap","Loop+1","Self Repair","Stack","Blizzard","BootSequence","Impatience","Apotheosis+1","Chrysalis","Hologram+1","Flash of Steel","Biased Cognition","Defragment+1","Recycle"],"relics":["Cracked Core","NeowsBlessing","Pantograph","Juzu Bracelet","Question Card","Letter Opener","Coffee Dripper","Bag of Preparation","Pandora\u0027s Box","Art of War"],"potions_floor_usage":[20,33,33],"damage_taken":[{"damage":0,"enemies":"2 Louse","floor":1,"turns":1},{"damage":0,"enemies":"Jaw Worm","floor":2,"turns":1},{"damage":0,"enemies":"3 Sentries","floor":6,"turns":1},{"damage":9,"enemies":"Small Slimes","floor":11,"turns":2},{"damage":38,"enemies":"Hexaghost","floor":16,"turns":9},{"damage":0,"enemies":"Shell Parasite","floor":18,"turns":7},{"damage":0,"enemies":"3 Byrds","floor":20,"turns":4},{"damage":33,"enemies":"Shelled Parasite and Fungi","floor":22,"turns":5},{"damage":11,"enemies":"Centurion and Healer","floor":23,"turns":3},{"damage":0,"enemies":"Cultist and Chosen","floor":27,"turns":4},{"damage":11,"enemies":"Snecko","floor":28,"turns":5},{"damage":0,"enemies":"3 Cultists","floor":31,"turns":4},{"damage":0,"enemies":"Collector","floor":33,"turns":7},{"damage":11,"enemies":"3 Shapes","floor":35,"turns":3},{"damage":25,"enemies":"3 Darklings","floor":39,"turns":4},{"damage":3,"enemies":"Transient","floor":42,"turns":5},{"damage":10,"enemies":"4 Shapes","floor":44,"turns":5},{"damage":14,"enemies":"Maw","floor":45,"turns":6},{"damage":0,"enemies":"Spire Growth","floor":46,"turns":5},{"damage":0,"enemies":"Transient","floor":47,"turns":5},{"damage":18,"enemies":"Sphere and 2 Shapes","floor":48,"turns":4},{"damage":39,"enemies":"Awakened One","floor":50,"turns":20}],"seed_played":"-6048536699075824976","potions_obtained":[{"floor":6,"key":"SteroidPotion"},{"floor":16,"key":"PowerPotion"},{"floor":18,"key":"Block Potion"},{"floor":20,"key":"FocusPotion"},{"floor":28,"key":"FairyPotion"},{"floor":35,"key":"Poison Potion"},{"floor":44,"key":"FairyPotion"}],"is_trial":false,"path_per_floor":["M","M","$","?","T","E","R","?","T","R","M","?","?","?","R","B",null,"M","$","M","$","M","M","R","?","T","M","M","?","R","M","R","B",null,"M","?","?","$","M","R","$","M","T","M","M","M","M","M","R","B"],"character_chosen":"DEFECT","items_purchased":["Defragment","Recycle","Electrodynamics","Flash of Steel"],"campfire_rested":0,"item_purchase_floors":[3,19,21,41],"current_hp_per_floor":[68,68,68,57,57,57,57,62,62,62,53,53,41,41,41,28,67,67,67,67,67,34,23,23,23,23,23,12,12,12,12,12,37,69,58,48,68,68,43,43,43,40,40,37,33,40,50,32,32,18],"gold":153,"neow_bonus":"THREE_ENEMY_KILL","is_prod":false,"is_daily":false,"chose_seed":false,"campfire_upgraded":8,"win_rate":0,"timestamp":1539085623,"path_taken":["M","M","$","?","?","E","R","?","T","R","M","?","?","?","R","BOSS","M","$","M","$","M","M","R","?","T","M","M","?","R","M","R","BOSS","M","?","?","$","M","R","$","M","T","M","M","M","M","M","R","BOSS"],"build_version":"2018-10-04v2","purchased_purges":2,"victory":true,"max_hp_per_floor":[75,75,75,75,75,75,75,80,80,80,80,80,80,80,80,80,80,80,80,80,80,80,80,80,80,80,80,80,80,80,80,80,80,80,80,80,80,80,80,80,80,80,80,80,80,80,80,80,80,80],"card_choices":[{"not_picked":["Barrage","Turbo"],"picked":"Ball Lightning","floor":1},{"not_picked":["Go for the Eyes","Steam Power"],"picked":"Coolheaded","floor":2},{"not_picked":["Chaos","Compile Driver"],"picked":"Auto Shields","floor":6},{"not_picked":["Turbo","Reboot","Steam Power"],"picked":"Consume","floor":11},{"not_picked":["Machine Learning","Seek","Rainbow"],"picked":"Buffer","floor":16},{"not_picked":["Hello World+1","Hologram+1","Recycle"],"picked":"White Noise","floor":18},{"not_picked":["Force Field","Doom and Gloom","Hello World"],"picked":"Conserve Battery","floor":20},{"not_picked":["Redo","Stack","Chaos"],"picked":"Cold Snap","floor":22},{"not_picked":["Barrage","Blizzard","Streamline"],"picked":"White Noise","floor":23},{"not_picked":["Beam Cell","Gash","Force Field"],"picked":"White Noise+1","floor":27},{"not_picked":["Static Discharge","Stack","Turbo"],"picked":"Chill","floor":28},{"not_picked":["Darkness","Double Energy+1","Rip and Tear"],"picked":"Leap","floor":31},{"not_picked":["Meteor Strike","Multi-Cast","Reboot"],"picked":"Seek","floor":33},{"not_picked":["Sweeping Beam+1","Barrage+1","Compile Driver"],"picked":"BootSequence","floor":35},{"not_picked":["Trip","Chrysalis","Madness"],"picked":"Impatience","floor":36},{"not_picked":["Bandage Up","Magnetism","The Bomb"],"picked":"Apotheosis","floor":36},{"not_picked":["Blind","HandOfGreed","Secret Technique"],"picked":"Chrysalis","floor":36},{"not_picked":["Sweeping Beam+1","Chaos+1","Rebound+1"],"picked":"Hologram+1","floor":39},{"not_picked":["Sweeping Beam+1","FTL","Streamline+1","Turbo"],"picked":"SKIP","floor":42},{"not_picked":["BootSequence+1","Coolheaded+1","Force Field+1"],"picked":"Biased Cognition","floor":44},{"not_picked":["Steam","Static Discharge+1","Rebound+1","Sweeping Beam"],"picked":"SKIP","floor":45},{"not_picked":["Streamline+1","Rebound","Doom and Gloom"],"picked":"Defragment+1","floor":46},{"not_picked":["Reprogram","Compile Driver+1","Ball Lightning"],"picked":"Recycle","floor":47},{"not_picked":["Blizzard","Leap","Reprogram+1","Tempest"],"picked":"SKIP","floor":48}],"player_experience":53035,"relics_obtained":[{"floor":5,"key":"Pantograph"},{"floor":6,"key":"Juzu Bracelet"},{"floor":9,"key":"Question Card"},{"floor":26,"key":"Bag of Preparation"},{"floor":43,"key":"Art of War"}],"event_choices":[{"event_name":"World of Goop","player_choice":"Gather Gold","floor":4,"damage_taken":0},{"event_name":"Big Fish","player_choice":"Donut","floor":8,"damage_taken":0},{"event_name":"Living Wall","player_choice":"Grow","floor":12,"damage_taken":0},{"event_name":"Scrap Ooze","player_choice":"success","floor":13,"damage_taken":12},{"event_name":"Match and Keep!","player_choice":"2 cards matched","floor":14,"damage_taken":0},{"event_name":"Accursed Blacksmith","player_choice":"Forge","floor":25,"damage_taken":0},{"event_name":"FaceTrader","player_choice":"Leave","floor":29,"damage_taken":0},{"event_name":"SensoryStone","player_choice":"Memory 3","floor":36,"damage_taken":0},{"event_name":"Winding Halls","player_choice":"Writhe","floor":37,"damage_taken":0}],"is_beta":false,"boss_relics":[{"not_picked":["Nuclear Battery","Ectoplasm"],"picked":"Coffee Dripper"},{"not_picked":["White Beast Statue","Philosopher\u0027s Stone"],"picked":"Pandora\u0027s Box"}],"items_purged_floors":[19,38],"is_endless":false,"potions_floor_spawned":[6,16,18,20,28,31,35,44],"ascension_level":7}