{"gold_per_floor":[216,141,155,166,22,39,39,65,90,15,15,15,34,46,46,46],"floor_reached":16,"playtime":647,"items_purged":["Strike_G","Strike_G"],"score":224,"play_id":"608a93e4-db2d-466a-af18-6c0134af300e","local_time":"20190102194003","is_ascension_mode":true,"campfire_choices":[{"data":"Bouncing Flask","floor":7.0,"key":"SMITH"},{"data":"Well Laid Plans","floor":15,"key":"SMITH"}],"neow_cost":"NONE","seed_source_timestamp":26347846446801,"circlet_count":0,"master_deck":["AscendersBane","Defend_G","Defend_G","Defend_G","Defend_G","Defend_G","Strike_G","Strike_G","Survivor","Neutralize","Well Laid Plans+1","Blur","Caltrops","Bouncing Flask+1","Burst","Footwork"],"special_seed":0,"relics":["Ring of the Snake","Bag of Marbles","Blood Vial"],"potions_floor_usage":[16],"damage_taken":[{"damage":4.0,"enemies":"Small Slimes","floor":1.0,"turns":3.0},{"damage":0.0,"enemies":"2 Louse","floor":3.0,"turns":4.0},{"damage":4.0,"enemies":"Jaw Worm","floor":4.0,"turns":6.0},{"damage":9.0,"enemies":"3 Louse","floor":6.0,"turns":6.0},{"damage":26.0,"enemies":"Gremlin Nob","floor":8.0,"turns":4.0},{"damage":0.0,"enemies":"3 Sentries","floor":11.0,"turns":1.0},{"damage":3,"enemies":"Looter","floor":13,"turns":4},{"damage":1,"enemies":"2 Fungi Beasts","floor":14,"turns":5},{"damage":18,"enemies":"Slime Boss","floor":16,"turns":10}],"seed_played":"-2945516989019566767","potions_obtained":[{"floor":1.0,"key":"EssenceOfSteel"},{"floor":6.0,"key":"SmokeBomb"}],"is_trial":false,"path_per_floor":["M","$","M","M","$","M","R","E","T","?","E","?","M","M","R","B"],"character_chosen":"THE_SILENT","items_purchased":["Bouncing Flask"],"campfire_rested":0,"item_purchase_floors":[5],"current_hp_per_floor":[55,55,55,51,51,42,42,16,16,16,18,18,17,18,18,2],"gold":46,"neow_bonus":"HUNDRED_GOLD","is_prod":false,"is_daily":false,"chose_seed":false,"campfire_upgraded":2,"win_rate":0,"timestamp":1546429203,"path_taken":["M","$","M","M","$","M","R","E","T","?","E","?","M","M","R","BOSS"],"build_version":"2018-12-20","purchased_purges":2,"victory":false,"max_hp_per_floor":[66,66,66,66,66,66,66,66,66,66,66,66,66,66,66,66],"card_choices":[{"not_picked":["Dodge and Roll","Escape Plan"],"picked":"Well Laid Plans","floor":1.0},{"not_picked":["Deflect","Dagger Throw"],"picked":"Blur","floor":3.0},{"not_picked":["Skewer","Crippling Poison"],"picked":"Caltrops","floor":4.0},{"not_picked":["Endless Agony","Expertise"],"picked":"Burst","floor":6.0},{"not_picked":["Eviscerate","Infinite Blades","Terror"],"picked":"SKIP","floor":8.0},{"not_picked":["Cloak And Dagger","Bane"],"picked":"Footwork","floor":13},{"not_picked":["Bouncing Flask","Quick Slash","Deflect"],"picked":"SKIP","floor":14}],"player_experience":1672251,"relics_obtained":[{"floor":8.0,"key":"Bag of Marbles"},{"floor":9.0,"key":"Blood Vial"}],"event_choices":[{"cards_removed":["Strike_G"],"damage_healed":0.0,"max_hp_gain":0.0,"max_hp_loss":0.0,"gold_gain":0.0,"event_name":"The Cleric","player_choice":"Card Removal","floor":10.0,"gold_loss":75.0,"damage_taken":0.0},{"damage_healed":0.0,"max_hp_gain":0.0,"max_hp_loss":0.0,"gold_gain":0.0,"event_name":"Liars Game","player_choice":"Ignored","floor":12.0,"gold_loss":0.0,"damage_taken":0.0}],"is_beta":false,"boss_relics":[],"items_purged_floors":[2,5],"is_endless":false,"potions_floor_spawned":[1,6,8,11],"killed_by":"Slime Boss","ascension_level":20}