{"gold_per_floor":[114,114,39,39,58,93,93,110,110,110,110,134,150,183,183,183],"floor_reached":16,"playtime":245,"items_purged":[],"score":270,"play_id":"9ba9b2ea-294a-4e89-989d-a052584e511e","local_time":"20181012165124","is_ascension_mode":true,"campfire_choices":[{"data":"Zap","floor":7.0,"key":"SMITH"},{"data":"Defragment","floor":10.0,"key":"SMITH"},{"floor":15.0,"key":"REST"}],"neow_cost":"NONE","seed_source_timestamp":148000688323354,"circlet_count":0,"master_deck":["Strike_B","Strike_B","Strike_B","Defend_B","Defend_B","Defend_B","Defend_B","Zap+1","Dualcast","AscendersBane","Turbo","Defragment+1","Barrage","Streamline","Hologram","Go for the Eyes","Defragment"],"special_seed":0,"relics":["Cracked Core","NeowsBlessing","Ginger","Darkstone Periapt","Golden Idol","Calipers"],"potions_floor_usage":[],"damage_taken":[{"damage":0.0,"enemies":"2 Louse","floor":1.0,"turns":1.0},{"damage":0.0,"enemies":"Small Slimes","floor":5.0,"turns":1.0},{"damage":0.0,"enemies":"3 Sentries","floor":6.0,"turns":2.0},{"damage":1.0,"enemies":"Cultist","floor":8.0,"turns":3.0},{"damage":14.0,"enemies":"Large Slime","floor":12.0,"turns":5.0},{"damage":7.0,"enemies":"Looter","floor":13.0,"turns":3.0},{"damage":34.0,"enemies":"Gremlin Nob","floor":14.0,"turns":4.0},{"damage":0,"enemies":"The Guardian","floor":16,"turns":1}],"seed_played":"-5327792623494924962","potions_obtained":[{"floor":5.0,"key":"Ancient Potion"},{"floor":6.0,"key":"Poison Potion"},{"floor":13.0,"key":"SteroidPotion"}],"is_trial":false,"path_per_floor":["M","?","?","$","M","E","R","M","T","R","?","M","M","E","R"],"character_chosen":"DEFECT","items_purchased":[],"campfire_rested":1,"item_purchase_floors":[],"current_hp_per_floor":[64,69,69,69,69,69,69,68,68,68,68,54,47,13,33,33],"gold":183,"neow_bonus":"THREE_ENEMY_KILL","is_prod":false,"is_daily":false,"chose_seed":false,"campfire_upgraded":2,"win_rate":0,"timestamp":1539334284,"path_taken":["M","?","?","$","M","E","R","M","T","R","?","M","M","E","R","BOSS"],"build_version":"2018-10-11","purchased_purges":0,"victory":false,"max_hp_per_floor":[71,76,76,76,76,76,76,76,76,76,69,69,69,69,69,69],"card_choices":[{"not_picked":["Rip and Tear","Stack"],"picked":"Turbo","floor":1.0},{"not_picked":["FTL","White Noise"],"picked":"Defragment","floor":5.0},{"not_picked":["Undo","Stack"],"picked":"Barrage","floor":6.0},{"not_picked":["Rip and Tear","White Noise"],"picked":"Streamline","floor":8.0},{"not_picked":["Cold Snap","Coolheaded"],"picked":"Hologram","floor":12.0},{"not_picked":["Stack","Lockon"],"picked":"Go for the Eyes","floor":13.0},{"not_picked":["Steam","Melter"],"picked":"Defragment","floor":14.0}],"player_experience":314200,"relics_obtained":[{"floor":6.0,"key":"Ginger"},{"floor":9.0,"key":"Darkstone Periapt"},{"floor":14.0,"key":"Calipers"}],"event_choices":[{"event_name":"Big Fish","player_choice":"Donut","floor":2.0,"damage_taken":0.0},{"event_name":"The Cleric","player_choice":"Card Removal","floor":3.0,"damage_taken":0.0},{"event_name":"Golden Idol","player_choice":"Lose Max HP","floor":11.0,"damage_taken":0.0}],"is_beta":false,"boss_relics":[],"items_purged_floors":[],"is_endless":false,"potions_floor_spawned":[5,6,12,13],"killed_by":"The Guardian","ascension_level":20}