{"path_per_floor":["M","?","M","$","T","E","R","M","T","$","M","R","?","M","R","B",null,"M","$","M","$","M","R","?","R","T","R","M","M"],"character_chosen":"THE_SILENT","items_purchased":["Molten Egg 2","Infinite Blades","Finisher","Backflip","Tough Bandages"],"gold_per_floor":[365,615,627,107,130,162,162,181,207,207,218,218,168,180,180,280,280,293,45,61,61,73,73,73,73,73,73,92,105,105],"floor_reached":30,"campfire_rested":2,"playtime":948,"current_hp_per_floor":[32,32,27,27,27,13,13,13,13,13,10,31,31,30,30,30,60,51,51,19,19,14,35,35,35,45,45,45,35,0],"items_purged":["Regret"],"gold":105,"score":378,"play_id":"94b131a7-6fd3-4c8a-9d7d-11056935124d","local_time":"20180421223045","is_prod":false,"is_daily":false,"chose_seed":false,"is_ascension_mode":true,"campfire_upgraded":4,"timestamp":1524321045,"path_taken":["M","?","?","$","?","E","R","M","T","$","M","R","?","?","R","BOSS","M","$","M","$","M","R","?","R","T","R","?","M","E"],"build_version":"2018-04-19","seed_source_timestamp":32295530295039,"purchased_purges":1,"victory":false,"master_deck":["Defend_G","Defend_G","Defend_G","Defend_G","Defend_G","Strike_G","Strike_G","Strike_G","Strike_G","Survivor","Neutralize+1","Expertise","Flechettes","Infinite Blades","Finisher+1","Backflip","Terror","Cloak And Dagger","All Out Attack+1","Tools of the Trade+1","Burst+1","Prepared+1","Writhe","After Image","Slice+1"],"max_hp_per_floor":[70,70,70,70,70,70,70,70,70,70,70,70,70,70,70,70,70,70,70,70,70,70,70,70,70,80,80,80,80,80],"relics":["Ring of the Snake","Molten Egg 2","Vajra","Oddly Smooth Stone","Orichalcum","Black Star","Tough Bandages","Singing Bowl","Pear"],"card_choices":[{"not_picked":["Heel Hook","Underhanded Strike"],"picked":"Expertise","floor":1},{"not_picked":["Poisoned Stab","Deadly Poison"],"picked":"Flechettes","floor":3},{"not_picked":["Sucker Punch","Deflect"],"picked":"Terror","floor":6},{"not_picked":["Dodge and Roll","Sucker Punch"],"picked":"Cloak And Dagger","floor":8},{"not_picked":["Footwork","Noxious Fumes"],"picked":"All Out Attack","floor":11},{"not_picked":["Prepared","Terror"],"picked":"Tools of the Trade","floor":14},{"not_picked":["Envenom","Bullet Time"],"picked":"Burst","floor":16},{"not_picked":["Slice","Quick Slash"],"picked":"Prepared","floor":22},{"not_picked":["Sucker Punch","Cloak And Dagger"],"picked":"After Image","floor":28},{"not_picked":["Outmaneuver","Dodge and Roll"],"picked":"Slice","floor":29}],"player_experience":423630,"potions_floor_usage":[6,16,22],"damage_taken":[{"damage":0,"enemies":"2 Louse","floor":1,"turns":4},{"damage":5,"enemies":"Cultist","floor":3,"turns":4},{"damage":14,"enemies":"Lagavulin","floor":6,"turns":6},{"damage":0,"enemies":"Jaw Worm","floor":8,"turns":1},{"damage":3,"enemies":"Lots of Slimes","floor":11,"turns":4},{"damage":1,"enemies":"Red Slaver","floor":14,"turns":2},{"damage":0,"enemies":"Slime Boss","floor":16,"turns":6},{"damage":9,"enemies":"Chosen","floor":18,"turns":4},{"damage":32,"enemies":"2 Thieves","floor":20,"turns":5},{"damage":20,"enemies":"Sentry and Sphere","floor":22,"turns":6},{"damage":0,"enemies":"Centurion and Healer","floor":28,"turns":4},{"damage":10,"enemies":"Snecko","floor":29,"turns":5},{"damage":46,"enemies":"Gremlin Leader","floor":30,"turns":8}],"event_choices":[{"event_name":"Golden Shrine","player_choice":"Desecrate","floor":2,"damage_taken":0},{"event_name":"The Cleric","player_choice":"Card Removal","floor":13,"damage_taken":0},{"event_name":"The Mausoleum","player_choice":"Yes","floor":24,"damage_taken":0}],"boss_relics":[{"not_picked":["Ectoplasm","Orrery"],"picked":"Black Star"}],"potions_floor_spawned":[1,6,20],"seed_played":"-1523265378491790485","killed_by":"Gremlin Leader","ascension_level":7,"is_trial":false}