{"gold_per_floor":[110,185,14,14,34,34,63,63,141,141,161,311,349,28,28,121,121,81,81,93,9,29,29,29,42,42,42,61,61,72,72,72,149,149,163,183,228,328,341,372,372,406,455,455,474,474,488,506,506,506,506,506,506,11,45,45],"floor_reached":57,"playtime":4282,"items_purged":["Doubt","Strike_G"],"score":2695,"play_id":"cb4f2111-3789-4377-887e-64d423d0a2e8","local_time":"20190212002212","is_ascension_mode":true,"campfire_choices":[{"data":"Noxious Fumes","floor":6.0,"key":"SMITH"},{"data":"Neutralize","floor":8.0,"key":"SMITH"},{"data":"Bane","floor":15.0,"key":"SMITH"},{"data":"Well Laid Plans","floor":23.0,"key":"SMITH"},{"data":"Calculated Gamble","floor":27.0,"key":"SMITH"},{"data":"Ghostly","floor":32.0,"key":"SMITH"},{"data":"Reflex","floor":41,"key":"SMITH"},{"data":"Acrobatics","floor":44,"key":"SMITH"},{"floor":49,"key":"RECALL"},{"data":"Burst","floor":53,"key":"SMITH"}],"neow_cost":"NONE","seed_source_timestamp":38399860749804,"circlet_count":0,"master_deck":["AscendersBane","Defend_G","Defend_G","Defend_G","Defend_G","Defend_G","Strike_G","Strike_G","Strike_G","Survivor","Neutralize+1","Noxious Fumes+1","Burst+1","Well Laid Plans+1","Calculated Gamble+1","Bane+1","Malaise","Backflip","Escape Plan","Ghostly","Ghostly+1","Ghostly","Reflex+1","Corpse Explosion","Escape Plan+1","Footwork+1","Acrobatics+1","Blur","Tactician","Purity"],"special_seed":0,"relics":["Ring of the Snake","NeowsBlessing","Lantern","Pantograph","Frozen Egg 2","Bloody Idol","Odd Mushroom","Oddly Smooth Stone","Runic Dome","Singing Bowl","Enchiridion","Runic Pyramid","Tingsha","Ice Cream","Strawberry","Blood Vial","Strange Spoon","Blue Candle"],"potions_floor_usage":[33,33,56,56],"damage_taken":[{"damage":0.0,"enemies":"2 Louse","floor":1.0,"turns":1.0},{"damage":0.0,"enemies":"Jaw Worm","floor":5.0,"turns":1.0},{"damage":0.0,"enemies":"Lagavulin","floor":7.0,"turns":2.0},{"damage":1.0,"enemies":"Small Slimes","floor":11.0,"turns":6.0},{"damage":30.0,"enemies":"The Mushroom Lair","floor":13.0,"turns":5.0},{"damage":26.0,"enemies":"Slime Boss","floor":16.0,"turns":11.0},{"damage":13.0,"enemies":"2 Thieves","floor":18.0,"turns":5.0},{"damage":8.0,"enemies":"Spheric Guardian","floor":20.0,"turns":7.0},{"damage":9.0,"enemies":"Chosen and Byrds","floor":22.0,"turns":11.0},{"damage":0.0,"enemies":"Shelled Parasite and Fungi","floor":25.0,"turns":8.0},{"damage":10.0,"enemies":"3 Cultists","floor":28.0,"turns":7.0},{"damage":6.0,"enemies":"Snake Plant","floor":30.0,"turns":8.0},{"damage":16,"enemies":"Automaton","floor":33,"turns":13},{"damage":0,"enemies":"Orb Walker","floor":35,"turns":5},{"damage":1,"enemies":"3 Shapes","floor":36,"turns":5},{"damage":0,"enemies":"2 Orb Walkers","floor":37,"turns":5},{"damage":0,"enemies":"Mind Bloom Boss Battle","floor":38,"turns":4},{"damage":0,"enemies":"Maw","floor":39,"turns":8},{"damage":1,"enemies":"Reptomancer","floor":40,"turns":7},{"damage":0,"enemies":"Nemesis","floor":42,"turns":7},{"damage":0,"enemies":"Sphere and 2 Shapes","floor":45,"turns":4},{"damage":0,"enemies":"Jaw Worm Horde","floor":47,"turns":4},{"damage":2,"enemies":"Transient","floor":48,"turns":6},{"damage":15,"enemies":"Awakened One","floor":50,"turns":27},{"damage":5,"enemies":"Donu and Deca","floor":51,"turns":11},{"damage":7,"enemies":"Shield and Spear","floor":55,"turns":7},{"damage":19,"enemies":"The Heart","floor":56,"turns":15}],"seed_played":"1204074143531953447","potions_obtained":[{"floor":1.0,"key":"Strength Potion"},{"floor":5.0,"key":"Poison Potion"},{"floor":22.0,"key":"Fruit Juice"},{"floor":25.0,"key":"Poison Potion"},{"floor":35,"key":"SteroidPotion"},{"floor":37,"key":"PowerPotion"},{"floor":55,"key":"Weak Potion"}],"is_trial":false,"path_per_floor":["M","?","$","?","M","R","E","R","T","?","M","?","?","$","R","B",null,"M","?","M","$","M","R","?","M","T","R","M","?","M","?","R","B",null,"M","M","?","?","M","E","R","E","T","R","M","?","M","M","R","B","B",null,"R","$","E","B",null],"character_chosen":"THE_SILENT","items_purchased":["Lantern","Oddly Smooth Stone","GhostInAJar","Regen Potion","Tactician","Strange Spoon","Purity"],"campfire_rested":0,"item_purchase_floors":[3,14,14,21,54,54,54],"current_hp_per_floor":[59,48,48,48,48,48,48,48,48,48,47,47,17,17,17,16,49,36,36,33,33,44,44,35,35,35,35,32,32,33,12,12,26,36,41,43,45,47,47,54,54,54,54,54,56,52,61,64,64,49,59,63,63,63,64,47],"gold":45,"neow_bonus":"THREE_ENEMY_KILL","is_prod":false,"is_daily":false,"chose_seed":false,"campfire_upgraded":9,"win_rate":0,"timestamp":1549902132,"path_taken":["M","?","$","?","M","R","E","R","T","?","M","?","?","$","R","BOSS","M","?","M","$","M","R","?","M","T","R","M","?","M","?","R","BOSS","M","M","?","?","M","E","R","E","T","R","M","?","M","M","R","BOSS","BOSS","R","$","E","BOSS"],"build_version":"2019-01-23","purchased_purges":2,"victory":true,"max_hp_per_floor":[66,66,66,66,66,66,66,66,66,60,60,60,60,60,60,60,60,60,60,60,60,60,60,35,35,35,35,37,37,39,39,39,39,39,41,43,45,47,47,54,54,54,54,54,56,62,64,64,64,64,64,64,64,64,66,66],"card_choices":[{"not_picked":["Riddle With Holes","Infinite Blades"],"picked":"Noxious Fumes","floor":1.0},{"not_picked":["Flechettes","Blade Dance"],"picked":"Well Laid Plans","floor":5.0},{"not_picked":["Endless Agony","Outmaneuver","Terror"],"picked":"SKIP","floor":7.0},{"not_picked":["Dagger Throw","Choke"],"picked":"Calculated Gamble","floor":11.0},{"not_picked":["Flying Knee","Storm of Steel"],"picked":"Bane","floor":13.0},{"not_picked":["A Thousand Cuts+1","Night Terror"],"picked":"Malaise","floor":16.0},{"not_picked":["Poisoned Stab+1","Quick Slash"],"picked":"Backflip","floor":18.0},{"not_picked":["Unload","Sucker Punch"],"picked":"Escape Plan","floor":20.0},{"not_picked":["Dagger Throw+1","Eviscerate","Accuracy+1"],"picked":"SKIP","floor":22.0},{"not_picked":["Acrobatics","Dodge and Roll+1"],"picked":"Reflex","floor":25.0},{"not_picked":["Heel Hook+1","Leg Sweep","Accuracy+1"],"picked":"Singing Bowl","floor":28.0},{"not_picked":["Prepared","Dagger Throw","Deadly Poison"],"picked":"Singing Bowl","floor":30.0},{"not_picked":["Tools of the Trade+1","Storm of Steel"],"picked":"Corpse Explosion","floor":33},{"not_picked":["Bane","Dagger Throw","Sucker Punch"],"picked":"Singing Bowl","floor":35},{"not_picked":["Prepared","Setup","Outmaneuver+1"],"picked":"Singing Bowl","floor":36},{"not_picked":["Outmaneuver+1","Deflect","Riddle With Holes"],"picked":"Singing Bowl","floor":37},{"not_picked":["Underhanded Strike","Flechettes","Riddle With Holes"],"picked":"Singing Bowl","floor":38},{"not_picked":["Dagger Throw","Outmaneuver"],"picked":"Escape Plan+1","floor":39},{"not_picked":["Dagger Spray","Endless Agony"],"picked":"Footwork+1","floor":40},{"not_picked":["Die Die Die","PiercingWail+1"],"picked":"Acrobatics","floor":42},{"not_picked":["Accuracy+1","Bane+1","Riddle With Holes"],"picked":"Singing Bowl","floor":45},{"not_picked":["Flash of Steel","Swift Strike","Forethought"],"picked":"Singing Bowl","floor":46},{"not_picked":["Jack Of All Trades","Magnetism+1","Panacea"],"picked":"Singing Bowl","floor":46},{"not_picked":["Discovery","Enlightenment","Secret Technique"],"picked":"Singing Bowl","floor":46},{"not_picked":["Flying Knee","Quick Slash","Poisoned Stab"],"picked":"Singing Bowl","floor":47},{"not_picked":["Dodge and Roll","Bane"],"picked":"Blur","floor":48},{"not_picked":["Phantasmal Killer","Well Laid Plans+1","Dagger Throw"],"picked":"Singing Bowl","floor":55}],"player_experience":2624331,"relics_obtained":[{"floor":7.0,"key":"Pantograph"},{"floor":9.0,"key":"Frozen Egg 2"},{"floor":13.0,"key":"Odd Mushroom"},{"floor":26.0,"key":"Singing Bowl"},{"floor":31.0,"key":"Enchiridion"},{"floor":37,"key":"Tingsha"},{"floor":38,"key":"Ice Cream"},{"floor":40,"key":"Strawberry"},{"floor":42,"key":"Blood Vial"},{"floor":55,"key":"Blue Candle"}],"event_choices":[{"damage_healed":0.0,"max_hp_gain":0.0,"max_hp_loss":0.0,"gold_gain":75.0,"event_name":"World of Goop","player_choice":"Gather Gold","floor":2.0,"gold_loss":0.0,"damage_taken":11.0},{"damage_healed":0.0,"max_hp_gain":0.0,"max_hp_loss":0.0,"gold_gain":0.0,"cards_transformed":["Strike_G"],"event_name":"Living Wall","player_choice":"Change","floor":4.0,"gold_loss":0.0,"damage_taken":0.0,"cards_obtained":["Burst"]},{"damage_healed":0.0,"max_hp_gain":0.0,"max_hp_loss":6.0,"gold_gain":0.0,"event_name":"Golden Idol","player_choice":"Lose Max HP","floor":10.0,"gold_loss":0.0,"damage_taken":0.0,"relics_obtained":["Golden Idol"]},{"damage_healed":0.0,"max_hp_gain":0.0,"max_hp_loss":0.0,"gold_gain":150.0,"event_name":"Liars Game","player_choice":"AGREE","floor":12.0,"gold_loss":0.0,"damage_taken":0.0,"cards_obtained":["Doubt"]},{"damage_healed":0.0,"max_hp_gain":0.0,"max_hp_loss":0.0,"gold_gain":0.0,"event_name":"Mushrooms","player_choice":"Fought Mushrooms","floor":13.0,"gold_loss":0.0,"damage_taken":0.0},{"damage_healed":0.0,"max_hp_gain":0.0,"max_hp_loss":0.0,"gold_gain":0.0,"event_name":"Forgotten Altar","player_choice":"Gave Idol","floor":19.0,"relics_lost":["Golden Idol"],"gold_loss":0.0,"damage_taken":0.0,"relics_obtained":["Bloody Idol"]},{"damage_healed":0.0,"max_hp_gain":0.0,"max_hp_loss":30.0,"gold_gain":0.0,"event_name":"Ghosts","player_choice":"Became a Ghost","floor":24.0,"gold_loss":0.0,"damage_taken":0.0,"cards_obtained":["Ghostly","Ghostly","Ghostly"]},{"damage_healed":0.0,"max_hp_gain":0.0,"max_hp_loss":0.0,"gold_gain":0.0,"event_name":"Vampires","player_choice":"Ignored","floor":29.0,"gold_loss":0.0,"damage_taken":0.0},{"damage_healed":0.0,"max_hp_gain":0.0,"max_hp_loss":0.0,"gold_gain":0.0,"event_name":"Cursed Tome","player_choice":"Obtained Book","floor":31.0,"gold_loss":0.0,"damage_taken":21.0},{"damage_healed":0,"gold_gain":0,"player_choice":"Fight","damage_taken":0,"max_hp_gain":0,"max_hp_loss":0,"event_name":"Mysterious Sphere","floor":37,"gold_loss":0},{"damage_healed":0,"gold_gain":0,"player_choice":"Fight","damage_taken":0,"max_hp_gain":0,"max_hp_loss":0,"event_name":"MindBloom","floor":38,"gold_loss":0},{"damage_healed":0,"gold_gain":0,"player_choice":"Memory 3","damage_taken":10,"max_hp_gain":0,"max_hp_loss":0,"event_name":"SensoryStone","floor":46,"gold_loss":0}],"is_beta":false,"boss_relics":[{"not_picked":["Orrery","Eternal Feather"],"picked":"Runic Dome"},{"not_picked":["Philosopher\u0027s Stone","Black Star"],"picked":"Runic Pyramid"}],"items_purged_floors":[14,54],"is_endless":false,"potions_floor_spawned":[1,5,7,13,22,25,30,35,37,39,45,55],"ascension_level":20}