{"gold_per_floor":[117,117,117,117,133,159,159,179,179,179,195,195,215,247,247,318,318,331,351,351,351,351,351,376,376,376,376,376,393,393,393,393,464,464,477,477,489,489,140,172,92,92,160,174,174,174,189,218,218,218],"floor_reached":50,"playtime":1119,"items_purged":["Strike_R","Decay"],"score":1041,"play_id":"b52f177e-3819-406b-bc83-0194451376d6","local_time":"20180923152403","is_ascension_mode":true,"campfire_choices":[{"data":"Whirlwind","floor":7.0,"key":"SMITH"},{"floor":10.0,"key":"REST"},{"data":"Sword Boomerang","floor":12.0,"key":"SMITH"},{"data":"Demon Form","floor":15.0,"key":"SMITH"},{"data":"1","floor":23.0,"key":"LIFT"},{"data":"2","floor":25.0,"key":"LIFT"},{"data":"3","floor":27.0,"key":"LIFT"},{"data":"Limit Break","floor":28.0,"key":"SMITH"},{"data":"Flex","floor":32.0,"key":"SMITH"},{"data":"Feed","floor":42.0,"key":"SMITH"},{"data":"Shrug It Off","floor":46.0,"key":"SMITH"},{"data":"Heavy Blade","floor":49.0,"key":"SMITH"}],"neow_cost":"NONE","seed_source_timestamp":0,"circlet_count":0,"master_deck":["Strike_R","Strike_R","Strike_R","Defend_R","Defend_R","Defend_R","Defend_R","Bash","AscendersBane","Shockwave+1","Sword Boomerang+1","Whirlwind+1","Demon Form+1","Evolve","Reaper","Flex+1","Shrug It Off+1","Limit Break+1","Feed+1","True Grit+1","Heavy Blade+1"],"special_seed":0,"relics":["Velvet Choker","Mummified Hand","Pen Nib","Girya","Runic Dome","Happy Flower","WingedGreaves","MutagenicStrength","Mark of Pain","Magic Flower","Bottled Lightning","The Courier","Shuriken","Matryoshka"],"potions_floor_usage":[],"damage_taken":[{"damage":6.0,"enemies":"2 Louse","floor":1.0,"turns":2.0},{"damage":9.0,"enemies":"Small Slimes","floor":5.0,"turns":3.0},{"damage":25.0,"enemies":"Gremlin Nob","floor":6.0,"turns":5.0},{"damage":0.0,"enemies":"Cultist","floor":8.0,"turns":3.0},{"damage":0.0,"enemies":"Large Slime","floor":11.0,"turns":3.0},{"damage":6.0,"enemies":"Looter","floor":13.0,"turns":2.0},{"damage":0.0,"enemies":"Lagavulin","floor":14.0,"turns":5.0},{"damage":11.0,"enemies":"The Guardian","floor":16.0,"turns":4.0},{"damage":25.0,"enemies":"Chosen","floor":18.0,"turns":4.0},{"damage":19.0,"enemies":"Shell Parasite","floor":19.0,"turns":3.0},{"damage":16.0,"enemies":"Slavers","floor":24.0,"turns":2.0},{"damage":34.0,"enemies":"Shelled Parasite and Fungi","floor":29.0,"turns":3.0},{"damage":64.0,"enemies":"Champ","floor":33.0,"turns":5.0},{"damage":0.0,"enemies":"Orb Walker","floor":35.0,"turns":1.0},{"damage":4.0,"enemies":"3 Shapes","floor":37.0,"turns":2.0},{"damage":31.0,"enemies":"Mind Bloom Boss Battle","floor":38.0,"turns":5.0},{"damage":54.0,"enemies":"Nemesis","floor":40.0,"turns":5.0},{"damage":53.0,"enemies":"Spire Growth","floor":44.0,"turns":4.0},{"damage":26.0,"enemies":"Reptomancer","floor":47.0,"turns":4.0},{"damage":40.0,"enemies":"Giant Head","floor":48.0,"turns":7.0},{"damage":85,"enemies":"Donu and Deca","floor":50,"turns":4}],"seed_played":"6243290521692606919","potions_obtained":[{"floor":1.0,"key":"Weak Potion"},{"floor":11.0,"key":"Strength Potion"},{"floor":13.0,"key":"Swift Potion"},{"floor":16.0,"key":"Swift Potion"},{"floor":24.0,"key":"Swift Potion"},{"floor":29.0,"key":"LiquidBronze"},{"floor":33.0,"key":"Fire Potion"},{"floor":35.0,"key":"AttackPotion"},{"floor":44.0,"key":"FearPotion"}],"is_trial":false,"path_per_floor":["M","?","?","?","M","E","R","M","T","R","M","R","M","E","R","B",null,"M","M","?","?","?","R","E","R","T","R","R","M","?","?","R","B",null,"M","?","M","?","$","E","$","R","T","M","?","R","M","E","R"],"character_chosen":"IRONCLAD","items_purchased":["Bottled Lightning"],"campfire_rested":1,"item_purchase_floors":[39],"current_hp_per_floor":[62,67,67,60,51,26,26,26,26,50,50,50,44,44,44,33,68,43,48,48,48,48,48,53,53,53,53,53,51,51,51,51,12,63,63,63,80,83,83,79,79,79,79,26,68,68,68,68,68,0],"gold":218,"neow_bonus":"BOSS_RELIC","is_prod":false,"is_daily":false,"chose_seed":false,"campfire_upgraded":8,"win_rate":0,"timestamp":1537687443,"path_taken":["M","?","?","?","M","E","R","M","T","R","?","R","M","E","R","BOSS","M","M","?","?","?","R","E","R","T","R","R","?","?","?","R","BOSS","M","?","?","?","$","E","$","R","T","M","?","R","?","E","R","BOSS"],"build_version":"2018-09-20","purchased_purges":2,"victory":false,"max_hp_per_floor":[75,80,80,80,80,80,80,80,80,80,80,80,80,80,80,80,80,80,80,80,80,80,80,80,80,80,80,80,80,80,80,80,80,80,80,80,80,83,83,83,83,83,83,83,68,68,68,68,68,68],"card_choices":[{"not_picked":["Sword Boomerang","Infernal Blade"],"picked":"Shockwave","floor":1.0},{"not_picked":["Twin Strike","Perfected Strike"],"picked":"Sword Boomerang","floor":5.0},{"not_picked":["Wild Strike","Hemokinesis"],"picked":"Whirlwind","floor":6.0},{"not_picked":["Power Through","Juggernaut","Twin Strike"],"picked":"SKIP","floor":8.0},{"not_picked":["Twin Strike","Feel No Pain","Heavy Blade"],"picked":"SKIP","floor":11.0},{"not_picked":["Anger","Warcry"],"picked":"Demon Form","floor":13.0},{"not_picked":["Body Slam","Corruption"],"picked":"Evolve","floor":14.0},{"not_picked":["Dark Embrace","Feed"],"picked":"Reaper","floor":16.0},{"not_picked":["Clash","Thunderclap"],"picked":"Flex","floor":18.0},{"not_picked":["Rage","True Grit+1"],"picked":"Shrug It Off","floor":19.0},{"not_picked":["Bludgeon","True Grit","Havoc"],"picked":"SKIP","floor":24.0},{"not_picked":["Ghostly Armor","Shrug It Off","Evolve"],"picked":"SKIP","floor":29.0},{"not_picked":["Berserk","Brutality"],"picked":"Feed","floor":33.0},{"not_picked":["Iron Wave","Twin Strike+1"],"picked":"True Grit+1","floor":35.0},{"not_picked":["Cleave","Immolate","Armaments+1"],"picked":"SKIP","floor":37.0},{"not_picked":["Ghostly Armor+1","Fire Breathing","Rupture"],"picked":"SKIP","floor":40.0},{"not_picked":["Flex+1","Headbutt","Cleave"],"picked":"SKIP","floor":44.0},{"not_picked":["Cleave","Anger","Dual Wield"],"picked":"SKIP","floor":47.0},{"not_picked":["Pummel+1","Thunderclap"],"picked":"Heavy Blade","floor":48.0}],"player_experience":103182,"relics_obtained":[{"floor":6.0,"key":"Mummified Hand"},{"floor":9.0,"key":"Pen Nib"},{"floor":14.0,"key":"Girya"},{"floor":24.0,"key":"Happy Flower"},{"floor":26.0,"key":"WingedGreaves"},{"floor":38.0,"key":"Magic Flower"},{"floor":40.0,"key":"The Courier"},{"floor":43.0,"key":"Shuriken"},{"floor":48.0,"key":"Matryoshka"}],"event_choices":[{"event_name":"Big Fish","player_choice":"Donut","floor":2.0,"damage_taken":0.0},{"event_name":"Upgrade Shrine","player_choice":"Upgraded","floor":3.0,"damage_taken":0.0},{"event_name":"Golden Wing","player_choice":"Card Removal","floor":4.0,"damage_taken":0.0},{"event_name":"Match and Keep!","player_choice":"1 cards matched","floor":20.0,"damage_taken":0.0},{"event_name":"Forgotten Altar","player_choice":"Smashed Altar","floor":21.0,"damage_taken":0.0},{"event_name":"Match and Keep!","player_choice":"0 cards matched","floor":22.0,"damage_taken":0.0},{"event_name":"Ghosts","player_choice":"Ignored","floor":30.0,"damage_taken":0.0},{"event_name":"Drug Dealer","player_choice":"Inject Mutagens","floor":31.0,"damage_taken":0.0},{"event_name":"Tomb of Lord Red Mask","player_choice":"Ignored","floor":36.0,"damage_taken":0.0},{"event_name":"MindBloom","player_choice":"Fight","floor":38.0,"damage_taken":0.0},{"event_name":"The Moai Head","player_choice":"Heal","floor":45.0,"damage_taken":0.0}],"is_beta":false,"boss_relics":[{"not_picked":["Calling Bell","Black Star"],"picked":"Runic Dome"},{"not_picked":["Lizard Tail","Coffee Dripper"],"picked":"Mark of Pain"}],"items_purged_floors":[39,41],"is_endless":false,"potions_floor_spawned":[1,11,13,16,24,29,33,35,37,44],"killed_by":"Donu and Deca","ascension_level":17}