{"gold_per_floor":[117,117,132,151,151,151,168,168,192,192,117,117,135,147,147,224,224,240,165,165,176,226,253,253,264,264,264,264,277,177,177,177,253,253,273,288,288,388,388,449,449,324,324,324,344,361,378,395,395,395],"floor_reached":50,"playtime":1825,"items_purged":["Strike_R","Strike_R","Defend_R"],"score":1064,"play_id":"7786d6ab-7d97-4d95-a014-62620414d8cf","local_time":"20190122191931","is_ascension_mode":true,"campfire_choices":[{"data":"Flex","floor":6.0,"key":"SMITH"},{"data":"Inflame","floor":8.0,"key":"SMITH"},{"data":"True Grit","floor":10.0,"key":"SMITH"},{"data":"Bash","floor":12.0,"key":"SMITH"},{"data":"Sword Boomerang","floor":15.0,"key":"SMITH"},{"data":"Rage","floor":24.0,"key":"SMITH"},{"floor":27.0,"key":"REST"},{"data":"Burning Pact","floor":32.0,"key":"SMITH"},{"data":"Dropkick","floor":41.0,"key":"SMITH"},{"floor":44.0,"key":"RECALL"},{"data":"Ghostly","floor":49.0,"key":"SMITH"}],"neow_cost":"TEN_PERCENT_HP_LOSS","seed_source_timestamp":30651117500240,"circlet_count":0,"master_deck":["AscendersBane","Defend_R","Bash+1","True Grit+1","Flex+1","Burning Pact+1","Sword Boomerang+1","Dropkick+1","Immolate+1","Rage+1","Dropkick+1","Ghostly+1","Ghostly","Ghostly"],"special_seed":0,"relics":["Burning Blood","FossilizedHelix","Bag of Preparation","Empty Cage","Bronze Scales","Whetstone","Ginger","Philosopher\u0027s Stone","Mango","Tiny Chest"],"potions_floor_usage":[50],"damage_taken":[{"damage":8.0,"enemies":"2 Louse","floor":1.0,"turns":2.0},{"damage":0.0,"enemies":"Cultist","floor":3.0,"turns":3.0},{"damage":12.0,"enemies":"Small Slimes","floor":4.0,"turns":3.0},{"damage":13.0,"enemies":"Blue Slaver","floor":7.0,"turns":5.0},{"damage":18.0,"enemies":"Gremlin Gang","floor":13.0,"turns":5.0},{"damage":3.0,"enemies":"Exordium Thugs","floor":14.0,"turns":5.0},{"damage":26.0,"enemies":"Hexaghost","floor":16.0,"turns":6.0},{"damage":13.0,"enemies":"2 Thieves","floor":18.0,"turns":4.0},{"damage":0.0,"enemies":"Spheric Guardian","floor":21.0,"turns":3.0},{"damage":32.0,"enemies":"Gremlin Leader","floor":23.0,"turns":5.0},{"damage":27.0,"enemies":"Snake Plant","floor":25.0,"turns":3.0},{"damage":6.0,"enemies":"Shelled Parasite and Fungi","floor":29.0,"turns":3.0},{"damage":6.0,"enemies":"Champ","floor":33.0,"turns":6.0},{"damage":3.0,"enemies":"3 Shapes","floor":35.0,"turns":4.0},{"damage":0.0,"enemies":"3 Darklings","floor":36.0,"turns":5.0},{"damage":2.0,"enemies":"Mind Bloom Boss Battle","floor":38.0,"turns":5.0},{"damage":0.0,"enemies":"Nemesis","floor":40.0,"turns":5.0},{"damage":0.0,"enemies":"Maw","floor":45.0,"turns":3.0},{"damage":0.0,"enemies":"Spire Growth","floor":46.0,"turns":3.0},{"damage":0.0,"enemies":"Sphere and 2 Shapes","floor":47.0,"turns":3.0},{"damage":1.0,"enemies":"Jaw Worm Horde","floor":48.0,"turns":3.0},{"damage":30,"enemies":"Time Eater","floor":50,"turns":7}],"seed_played":"-2715344637451798455","potions_obtained":[{"floor":3.0,"key":"Swift Potion"},{"floor":7.0,"key":"Swift Potion"},{"floor":16.0,"key":"Strength Potion"},{"floor":23.0,"key":"PowerPotion"},{"floor":25.0,"key":"PowerPotion"},{"floor":36.0,"key":"SteroidPotion"}],"is_trial":false,"path_per_floor":["M","?","M","M","?","R","M","R","T","R","?","R","M","M","R","B",null,"M","$","?","M","T","E","R","M","T","R","?","M","$","?","R","B",null,"M","M","?","?","?","E","R","$","T","R","M","M","M","M","R","B"],"character_chosen":"IRONCLAD","items_purchased":[],"campfire_rested":1,"item_purchase_floors":[],"current_hp_per_floor":[66,66,68,62,62,62,55,55,55,55,55,55,43,46,46,26,58,51,51,51,57,57,31,31,10,10,30,30,30,30,30,30,30,33,34,34,34,48,46,46,46,46,46,46,46,46,46,46,46,16],"gold":395,"neow_bonus":"ONE_RARE_RELIC","is_prod":false,"is_daily":false,"chose_seed":false,"campfire_upgraded":9,"win_rate":0,"timestamp":1548155971,"path_taken":["M","?","M","M","?","R","?","R","T","R","?","R","M","M","R","BOSS","M","$","?","?","?","E","R","M","T","R","?","M","$","?","R","BOSS","M","M","?","?","?","E","R","$","T","R","M","M","?","M","R","BOSS"],"build_version":"2019-01-17v2","purchased_purges":3,"victory":false,"max_hp_per_floor":[68,68,68,68,68,68,68,68,68,68,68,68,68,68,68,68,68,68,68,68,68,68,68,68,68,68,68,68,68,68,34,34,34,34,34,34,34,48,46,46,46,46,46,46,46,46,46,46,46,46],"card_choices":[{"not_picked":["Headbutt","Cleave"],"picked":"True Grit","floor":1.0},{"not_picked":["Twin Strike","Pommel Strike"],"picked":"Flex","floor":3.0},{"not_picked":["Warcry","Infernal Blade"],"picked":"Burning Pact","floor":4.0},{"not_picked":["Twin Strike","Uppercut"],"picked":"Inflame","floor":7.0},{"not_picked":["Shrug It Off","Cleave"],"picked":"Sword Boomerang","floor":13.0},{"not_picked":["Sever Soul","Ghostly Armor"],"picked":"Dropkick","floor":14.0},{"not_picked":["Exhume","Juggernaut"],"picked":"Immolate","floor":16.0},{"not_picked":["Shrug It Off","Iron Wave+1","Clash"],"picked":"SKIP","floor":18.0},{"not_picked":["Shrug It Off","Armaments","Pummel"],"picked":"SKIP","floor":21.0},{"not_picked":["Warcry","Clothesline"],"picked":"Rage","floor":23.0},{"not_picked":["Anger","Metallicize","Uppercut"],"picked":"SKIP","floor":25.0},{"not_picked":["Warcry","Corruption","Clash"],"picked":"SKIP","floor":29.0},{"not_picked":["Sword Boomerang","Cleave","Hemokinesis"],"picked":"SKIP","floor":35.0},{"not_picked":["Corruption+1","Fire Breathing+1","Armaments+1"],"picked":"SKIP","floor":36.0},{"not_picked":["Corruption+1","Fire Breathing+1","Armaments+1"],"picked":"SKIP","floor":36.0},{"not_picked":["Power Through","Carnage+1","Entrench+1"],"picked":"SKIP","floor":40.0},{"not_picked":["Power Through","Carnage+1","Entrench+1"],"picked":"SKIP","floor":40.0},{"not_picked":["Wild Strike+1","Rampage+1","Rupture"],"picked":"SKIP","floor":45.0},{"not_picked":["Exhume","Headbutt","Shrug It Off"],"picked":"SKIP","floor":46.0},{"not_picked":["Thunderclap","Iron Wave+1","Fire Breathing"],"picked":"SKIP","floor":47.0},{"not_picked":["Sever Soul","Iron Wave","Rage"],"picked":"SKIP","floor":48.0}],"player_experience":2146777,"relics_obtained":[{"floor":9.0,"key":"Bag of Preparation"},{"floor":22.0,"key":"Bronze Scales"},{"floor":23.0,"key":"Whetstone"},{"floor":26.0,"key":"Ginger"},{"floor":38.0,"key":"Mango"},{"floor":40.0,"key":"Tiny Chest"}],"event_choices":[{"damage_healed":0.0,"max_hp_gain":0.0,"max_hp_loss":0.0,"gold_gain":0.0,"event_name":"Liars Game","player_choice":"Ignored","floor":2.0,"gold_loss":0.0,"damage_taken":0.0},{"cards_removed":["Strike_R"],"damage_healed":0.0,"max_hp_gain":0.0,"max_hp_loss":0.0,"gold_gain":0.0,"event_name":"Bonfire Elementals","player_choice":"Offered Basic","floor":5.0,"gold_loss":0.0,"damage_taken":0.0},{"cards_removed":["Strike_R"],"damage_healed":0.0,"max_hp_gain":0.0,"max_hp_loss":0.0,"gold_gain":0.0,"event_name":"The Cleric","player_choice":"Card Removal","floor":11.0,"gold_loss":75.0,"damage_taken":0.0},{"cards_removed":["Defend_R"],"damage_healed":0.0,"max_hp_gain":0.0,"max_hp_loss":0.0,"gold_gain":0.0,"event_name":"Purifier","player_choice":"Purged","floor":20.0,"gold_loss":0.0,"damage_taken":0.0},{"damage_healed":0.0,"max_hp_gain":0.0,"max_hp_loss":0.0,"gold_gain":0.0,"event_name":"The Library","player_choice":"Read","floor":28.0,"gold_loss":0.0,"damage_taken":0.0,"cards_obtained":["Dropkick"]},{"damage_healed":0.0,"max_hp_gain":0.0,"max_hp_loss":34.0,"gold_gain":0.0,"event_name":"Ghosts","player_choice":"Became a Ghost","floor":31.0,"gold_loss":0.0,"damage_taken":0.0,"cards_obtained":["Ghostly","Ghostly","Ghostly"]},{"cards_removed":["Inflame"],"damage_healed":0.0,"max_hp_gain":0.0,"max_hp_loss":0.0,"gold_gain":0.0,"event_name":"Falling","player_choice":"Removed Power","floor":37.0,"gold_loss":0.0,"damage_taken":0.0},{"damage_healed":0.0,"max_hp_gain":0.0,"max_hp_loss":0.0,"gold_gain":0.0,"event_name":"MindBloom","player_choice":"Fight","floor":38.0,"gold_loss":0.0,"damage_taken":0.0},{"damage_healed":0.0,"max_hp_gain":0.0,"max_hp_loss":2.0,"gold_gain":0.0,"event_name":"Winding Halls","player_choice":"Max HP","floor":39.0,"gold_loss":0.0,"damage_taken":0.0}],"is_beta":false,"boss_relics":[{"not_picked":["Runic Cube","Orrery"],"picked":"Empty Cage"},{"not_picked":["Snecko Eye","Black Star"],"picked":"Philosopher\u0027s Stone"}],"items_purged_floors":[19,30,42],"is_endless":false,"potions_floor_spawned":[3,7,16,23,25,29,36,38,45,46],"killed_by":"Time Eater","ascension_level":20}