{"gold_per_floor":[116,116,126,146,71,84,84,115,140,140,157,157,157,175,175,248,248,262,262,177,147,162,162,193,210,210,210,242,242,255,288,288,365,365,385,285,302,302,312,312,326,351,351,363,363,363,396,406,406,406,406,406,406,0,32,32],"floor_reached":57,"playtime":3872,"items_purged":["Strike_B","Strike_B","Strike_B"],"score":2794,"play_id":"10947c13-775d-485b-b90c-d074f0b49c82","local_time":"20190601005408","is_ascension_mode":true,"campfire_choices":[{"data":"Defragment","floor":7.0,"key":"SMITH"},{"data":"Recycle","floor":12.0,"key":"SMITH"},{"data":"Dualcast","floor":15.0,"key":"SMITH"},{"data":"Hologram","floor":23.0,"key":"SMITH"},{"data":"White Noise","floor":27.0,"key":"SMITH"},{"data":"Tempest","floor":29.0,"key":"SMITH"},{"floor":32.0,"key":"REST"},{"data":"Multi-Cast","floor":40.0,"key":"SMITH"},{"data":"Double Energy","floor":46.0,"key":"SMITH"},{"floor":49.0,"key":"RECALL"},{"data":"Heatsinks","floor":53,"key":"SMITH"}],"neow_cost":"TEN_PERCENT_HP_LOSS","seed_source_timestamp":6275456216004,"circlet_count":0,"master_deck":["AscendersBane","Defend_B","Defend_B","Defend_B","Defend_B+1","Zap+1","Dualcast+1","Recycle+1","Ball Lightning","Tempest+1","Defragment+1","Echo Form","Self Repair","Electrodynamics","White Noise+1","Meteor Strike","Self Repair","Hologram+1","Chill","Double Energy+1","Cold Snap","Multi-Cast+1","Coolheaded+1","Heatsinks+1","Glacier","Coolheaded+1","Undo","Defragment","Seek"],"special_seed":0,"relics":["Cracked Core","Pocketwatch","War Paint","Ancient Tea Set","Cursed Key","Potion Belt","Unceasing Top","StoneCalendar","Meat on the Bone","Inserter","Emotion Chip","Girya"],"potions_floor_usage":[56,56,56],"damage_taken":[{"damage":3.0,"enemies":"Small Slimes","floor":1.0,"turns":2.0},{"damage":0.0,"enemies":"2 Louse","floor":3.0,"turns":3.0},{"damage":12.0,"enemies":"Jaw Worm","floor":4.0,"turns":2.0},{"damage":2.0,"enemies":"3 Louse","floor":6.0,"turns":3.0},{"damage":11.0,"enemies":"Gremlin Nob","floor":8.0,"turns":3.0},{"damage":3.0,"enemies":"Blue Slaver","floor":11.0,"turns":3.0},{"damage":5.0,"enemies":"Gremlin Gang","floor":14.0,"turns":3.0},{"damage":5.0,"enemies":"The Guardian","floor":16.0,"turns":8.0},{"damage":30.0,"enemies":"Shell Parasite","floor":18.0,"turns":5.0},{"damage":3.0,"enemies":"Spheric Guardian","floor":22.0,"turns":3.0},{"damage":28.0,"enemies":"Book of Stabbing","floor":24.0,"turns":6.0},{"damage":35.0,"enemies":"Snake Plant","floor":25.0,"turns":4.0},{"damage":20.0,"enemies":"Slavers","floor":28.0,"turns":1.0},{"damage":18.0,"enemies":"Shelled Parasite and Fungi","floor":30.0,"turns":4.0},{"damage":26.0,"enemies":"Book of Stabbing","floor":31.0,"turns":4.0},{"damage":0.0,"enemies":"Automaton","floor":33.0,"turns":6.0},{"damage":28.0,"enemies":"Orb Walker","floor":35.0,"turns":4.0},{"damage":0.0,"enemies":"3 Darklings","floor":37.0,"turns":1.0},{"damage":30.0,"enemies":"Spire Growth","floor":39.0,"turns":3.0},{"damage":47.0,"enemies":"Jaw Worm Horde","floor":41.0,"turns":2.0},{"damage":18.0,"enemies":"Reptomancer","floor":42.0,"turns":8.0},{"damage":22.0,"enemies":"Transient","floor":44.0,"turns":6.0},{"damage":5.0,"enemies":"Giant Head","floor":47.0,"turns":8.0},{"damage":0.0,"enemies":"Maw","floor":48.0,"turns":7.0},{"damage":38.0,"enemies":"Time Eater","floor":50.0,"turns":16.0},{"damage":45.0,"enemies":"Awakened One","floor":51.0,"turns":9.0},{"damage":10,"enemies":"Shield and Spear","floor":55,"turns":3},{"damage":50,"enemies":"The Heart","floor":56,"turns":12}],"seed_played":"8313490264735762737","potions_obtained":[{"floor":1.0,"key":"Swift Potion"},{"floor":4.0,"key":"Dexterity Potion"},{"floor":18.0,"key":"Explosive Potion"},{"floor":21.0,"key":"SneckoOil"},{"floor":21.0,"key":"AttackPotion"},{"floor":24.0,"key":"Regen Potion"},{"floor":31.0,"key":"Fire Potion"},{"floor":35.0,"key":"LiquidBronze"},{"floor":37.0,"key":"Swift Potion"},{"floor":44.0,"key":"Block Potion"},{"floor":55,"key":"GamblersBrew"}],"is_trial":false,"path_per_floor":["M","?","M","M","$","M","R","E","T","?","M","R","?","M","R","B",null,"M","?","?","?","M","R","E","M","T","R","E","R","M","E","R","B",null,"M","$","M","?","M","R","M","E","T","M","?","R","E","M","R","B","B",null,"R","$","E","B",null],"character_chosen":"DEFECT","items_purchased":["GamblersBrew","Ancient Potion","Undo","Defragment"],"campfire_rested":1,"item_purchase_floors":[54,54,54,54],"current_hp_per_floor":[61,66,66,54,54,52,52,41,41,41,38,38,38,40,40,42,62,39,39,39,39,57,57,43,41,41,41,21,21,31,12,32,58,66,59,59,66,66,50,50,22,30,30,34,34,34,55,69,69,57,38,61,61,61,65,41],"gold":32,"neow_bonus":"ONE_RARE_RELIC","is_prod":false,"is_daily":false,"chose_seed":false,"campfire_upgraded":9,"win_rate":0,"timestamp":1559321648,"path_taken":["M","?","M","M","$","M","R","E","T","?","M","R","?","M","R","BOSS","M","?","?","?","M","R","E","M","T","R","E","R","M","E","R","BOSS","M","$","?","?","M","R","M","E","T","M","?","R","E","M","R","BOSS","BOSS","R","$","E","BOSS"],"build_version":"2019-01-23","purchased_purges":3,"victory":true,"max_hp_per_floor":[64,69,69,69,69,69,69,69,69,69,69,69,69,69,69,69,69,69,69,69,69,69,69,69,69,69,69,69,69,69,69,69,69,69,69,69,69,69,69,69,69,69,69,69,69,69,69,69,69,69,69,69,69,69,69,69],"card_choices":[{"not_picked":["Ball Lightning","Redo"],"picked":"Recycle","floor":1.0},{"not_picked":["Compile Driver","Stack"],"picked":"Ball Lightning","floor":3.0},{"not_picked":["Ball Lightning","Streamline"],"picked":"Tempest","floor":4.0},{"not_picked":["Recycle","Hologram"],"picked":"Defragment","floor":6.0},{"not_picked":["Gash","Tempest"],"picked":"Echo Form","floor":8.0},{"not_picked":["Ball Lightning","Aggregate"],"picked":"Self Repair","floor":11.0},{"not_picked":["Go for the Eyes","Doom and Gloom"],"picked":"White Noise","floor":14.0},{"not_picked":["Multi-Cast","Thunder Strike"],"picked":"Meteor Strike","floor":16.0},{"not_picked":["Melter","Ball Lightning","Go for the Eyes"],"picked":"SKIP","floor":18.0},{"not_picked":["Beam Cell+1","Conserve Battery"],"picked":"Hologram","floor":22.0},{"not_picked":["Rebound","Melter","Go for the Eyes"],"picked":"SKIP","floor":24.0},{"not_picked":["Go for the Eyes","Conserve Battery","Steam"],"picked":"SKIP","floor":25.0},{"not_picked":["Beam Cell","Stack"],"picked":"Chill","floor":28.0},{"not_picked":["Ball Lightning","Cold Snap"],"picked":"Double Energy","floor":30.0},{"not_picked":["Beam Cell","Machine Learning"],"picked":"Cold Snap","floor":31.0},{"not_picked":["Buffer","Echo Form"],"picked":"Multi-Cast","floor":33.0},{"not_picked":["Stack","Cold Snap+1","Streamline"],"picked":"SKIP","floor":35.0},{"not_picked":["Chill","Turbo"],"picked":"Coolheaded+1","floor":37.0},{"not_picked":["Conserve Battery","Stack","Cold Snap"],"picked":"SKIP","floor":39.0},{"not_picked":["Leap","BootSequence"],"picked":"Heatsinks","floor":41.0},{"not_picked":["Gash","BootSequence"],"picked":"Glacier","floor":42.0},{"not_picked":["Steam+1","Go for the Eyes+1","Consume"],"picked":"SKIP","floor":44.0},{"not_picked":["Redo+1","Beam Cell","Ball Lightning+1"],"picked":"SKIP","floor":47.0},{"not_picked":["Steam","Barrage","Static Discharge"],"picked":"SKIP","floor":48.0},{"not_picked":["Aggregate","FTL"],"picked":"Seek","floor":55}],"player_experience":4945222,"relics_obtained":[{"floor":8.0,"key":"War Paint"},{"floor":24.0,"key":"Unceasing Top"},{"floor":28.0,"key":"StoneCalendar"},{"floor":31.0,"key":"Meat on the Bone"},{"floor":42.0,"key":"Emotion Chip"},{"floor":47.0,"key":"Girya"}],"event_choices":[{"damage_healed":0.0,"max_hp_gain":5.0,"max_hp_loss":0.0,"gold_gain":0.0,"event_name":"Big Fish","player_choice":"Donut","floor":2.0,"gold_loss":0.0,"damage_taken":0.0},{"damage_healed":0.0,"max_hp_gain":0.0,"max_hp_loss":0.0,"gold_gain":0.0,"event_name":"Dead Adventurer","player_choice":"Searched \u00271\u0027 times","floor":10.0,"gold_loss":0.0,"damage_taken":0.0,"relics_obtained":["Ancient Tea Set"]},{"damage_healed":0.0,"max_hp_gain":0.0,"max_hp_loss":0.0,"gold_gain":0.0,"cards_transformed":["Strike_B"],"event_name":"Living Wall","player_choice":"Change","floor":13.0,"gold_loss":0.0,"damage_taken":0.0,"cards_obtained":["Electrodynamics"]},{"damage_healed":0.0,"max_hp_gain":0.0,"max_hp_loss":0.0,"gold_gain":0.0,"event_name":"The Library","player_choice":"Read","floor":19.0,"gold_loss":0.0,"damage_taken":0.0,"cards_obtained":["Self Repair"]},{"damage_healed":0.0,"max_hp_gain":0.0,"max_hp_loss":0.0,"gold_gain":0.0,"event_name":"Addict","player_choice":"Obtained Relic","floor":20.0,"gold_loss":85.0,"damage_taken":0.0,"relics_obtained":["Potion Belt"]},{"damage_healed":0.0,"max_hp_gain":0.0,"max_hp_loss":0.0,"gold_gain":0.0,"event_name":"The Woman in Blue","player_choice":"Bought 2 Potions","floor":21.0,"gold_loss":0.0,"damage_taken":0.0},{"damage_healed":0.0,"max_hp_gain":0.0,"max_hp_loss":0.0,"gold_gain":0.0,"event_name":"Tomb of Lord Red Mask","player_choice":"Ignored","floor":38.0,"gold_loss":0.0,"damage_taken":0.0},{"damage_healed":0.0,"max_hp_gain":0.0,"max_hp_loss":0.0,"gold_gain":0.0,"event_name":"Duplicator","player_choice":"Copied","floor":45.0,"gold_loss":0.0,"damage_taken":0.0,"cards_obtained":["Coolheaded"]}],"is_beta":false,"boss_relics":[{"not_picked":["Busted Crown","White Beast Statue"],"picked":"Cursed Key"},{"not_picked":["Fusion Hammer","Velvet Choker"],"picked":"Inserter"}],"items_purged_floors":[5,36,54],"is_endless":false,"potions_floor_spawned":[1,4,8,18,24,31,35,37,44,55],"ascension_level":20}