{"gold_per_floor":[115,71,121,141,66,66,83,93,93,120,120,138,138,157,157,236,236,254,154,167,167,179,179,214,214,214,226,251,268,268,282,282,356,356,371,471,488,511,524,524,524,524,602,617,183,183,183,213,213,213,213,213,63,90,90],"floor_reached":56,"playtime":3834,"items_purged":["Strike_B","Strike_B","Strike_B","Defend_B"],"score":1956,"play_id":"9cd2bd80-286c-4ab7-b505-cb5d5025d572","local_time":"20181218203826","is_ascension_mode":true,"campfire_choices":[{"data":"Defragment","floor":6.0,"key":"SMITH"},{"floor":11.0,"key":"REST"},{"floor":13.0,"key":"REST"},{"floor":15.0,"key":"REST"},{"data":"Defragment","floor":23.0,"key":"SMITH"},{"floor":25.0,"key":"REST"},{"floor":30.0,"key":"REST"},{"floor":32.0,"key":"REST"},{"floor":40.0,"key":"REST"},{"floor":46.0,"key":"REST"},{"floor":49.0,"key":"RECALL"},{"floor":52.0,"key":"REST"}],"neow_cost":"NONE","seed_source_timestamp":24292751078527,"circlet_count":0,"master_deck":["AscendersBane","Strike_B","Defend_B","Defend_B","Defend_B","Zap","Dualcast","Defragment+1","Coolheaded","Rainbow","Creative AI","Force Field","Meteor Strike","Undo","Self Repair","Defragment+1","All For One","Multi-Cast+1","Meteor Strike","Undo+1","Coolheaded+1"],"special_seed":0,"relics":["Snecko Eye","Symbiotic Virus","Philosopher\u0027s Stone","Toxic Egg 2","Emotion Chip","Fusion Hammer","Torii","Ancient Tea Set","Ornamental Fan","Lantern","FaceOfCleric","Dream Catcher","Oddly Smooth Stone"],"potions_floor_usage":[55,55],"damage_taken":[{"damage":4.0,"enemies":"2 Louse","floor":1.0,"turns":5.0},{"damage":12.0,"enemies":"Cultist","floor":4.0,"turns":5.0},{"damage":2.0,"enemies":"Jaw Worm","floor":7.0,"turns":3.0},{"damage":1.0,"enemies":"Blue Slaver","floor":8.0,"turns":5.0},{"damage":37.0,"enemies":"Gremlin Nob","floor":10.0,"turns":6.0},{"damage":2.0,"enemies":"2 Fungi Beasts","floor":12.0,"turns":4.0},{"damage":15.0,"enemies":"Exordium Thugs","floor":14.0,"turns":5.0},{"damage":25.0,"enemies":"The Guardian","floor":16.0,"turns":6.0},{"damage":12.0,"enemies":"2 Thieves","floor":18.0,"turns":3.0},{"damage":7.0,"enemies":"Shell Parasite","floor":20.0,"turns":5.0},{"damage":0.0,"enemies":"Chosen and Byrds","floor":22.0,"turns":5.0},{"damage":21.0,"enemies":"Gremlin Leader","floor":24.0,"turns":8.0},{"damage":18.0,"enemies":"Cultist and Chosen","floor":27.0,"turns":6.0},{"damage":32.0,"enemies":"Slavers","floor":28.0,"turns":6.0},{"damage":15.0,"enemies":"Snake Plant","floor":29.0,"turns":4.0},{"damage":0.0,"enemies":"Centurion and Healer","floor":31.0,"turns":4.0},{"damage":2.0,"enemies":"Collector","floor":33.0,"turns":11.0},{"damage":0.0,"enemies":"Orb Walker","floor":35.0,"turns":4.0},{"damage":0.0,"enemies":"Mind Bloom Boss Battle","floor":36.0,"turns":6.0},{"damage":42.0,"enemies":"3 Darklings","floor":37.0,"turns":5.0},{"damage":30.0,"enemies":"Transient","floor":39.0,"turns":6.0},{"damage":0.0,"enemies":"Jaw Worm Horde","floor":44.0,"turns":2.0},{"damage":1.0,"enemies":"Nemesis","floor":48.0,"turns":3.0},{"damage":3.0,"enemies":"Donu and Deca","floor":50.0,"turns":8.0},{"damage":69.0,"enemies":"Shield and Spear","floor":54.0,"turns":8.0},{"damage":9,"enemies":"The Heart","floor":55,"turns":10}],"seed_played":"-8410585673118781815","potions_obtained":[{"floor":1.0,"key":"SpeedPotion"},{"floor":8.0,"key":"Energy Potion"},{"floor":12.0,"key":"FearPotion"},{"floor":16.0,"key":"Regen Potion"},{"floor":18.0,"key":"GamblersBrew"},{"floor":20.0,"key":"EssenceOfSteel"},{"floor":24.0,"key":"AttackPotion"},{"floor":27.0,"key":"Energy Potion"},{"floor":35.0,"key":"Ancient Potion"},{"floor":54.0,"key":"FearPotion"}],"is_trial":false,"path_per_floor":["M","$","?","M","$","R","M","M","T","E","R","M","R","M","R","B",null,"M","$","M","?","M","R","E","R","T","M","E","M","R","M","R","B",null,"M","?","M","T","M","R","?","?","T","M","$","R","?","E","R","B",null,"R","$","E","B",null],"character_chosen":"DEFECT","items_purchased":["Defragment","Lantern","SkillPotion","Ancient Potion"],"campfire_rested":9,"item_purchase_floors":[2,45,45,45],"current_hp_per_floor":[60,60,60,48,48,48,46,45,45,8,29,27,48,33,54,29,61,49,49,56,56,63,63,49,70,70,59,34,26,47,47,68,71,71,71,71,36,36,13,34,34,34,34,41,41,62,62,69,69,73,73,73,73,12,11],"gold":90,"neow_bonus":"BOSS_RELIC","is_prod":false,"is_daily":false,"chose_seed":false,"campfire_upgraded":2,"win_rate":0,"timestamp":1545136706,"path_taken":["M","$","?","M","?","R","M","?","T","E","R","M","R","M","R","BOSS","M","$","M","?","M","R","E","R","T","M","E","M","R","M","R","BOSS","M","?","M","?","?","R","?","?","T","?","?","R","?","E","R","BOSS","R","$","E","BOSS"],"build_version":"2018-12-13","purchased_purges":4,"victory":true,"max_hp_per_floor":[71,71,71,71,71,71,71,71,71,71,71,71,71,71,71,71,71,71,71,71,71,71,71,71,71,71,71,71,71,71,71,71,71,71,71,71,71,71,71,71,71,71,71,71,71,71,71,72,72,73,73,73,73,74,75],"card_choices":[{"not_picked":["Chaos","Heatsinks","Double Energy"],"picked":"SKIP","floor":1.0},{"not_picked":["Redo","Cold Snap"],"picked":"Coolheaded","floor":4.0},{"not_picked":["Heatsinks","Rebound","Gash"],"picked":"SKIP","floor":7.0},{"not_picked":["Turbo","Undo"],"picked":"Rainbow","floor":8.0},{"not_picked":["Conserve Battery","Cold Snap"],"picked":"Creative AI","floor":10.0},{"not_picked":["Gash","Tempest","Leap"],"picked":"SKIP","floor":12.0},{"not_picked":["Conserve Battery","Blizzard"],"picked":"Force Field","floor":14.0},{"not_picked":["Reboot","Electrodynamics"],"picked":"Meteor Strike","floor":16.0},{"not_picked":["Sweeping Beam","Ball Lightning"],"picked":"Undo","floor":18.0},{"not_picked":["Steam","Conserve Battery"],"picked":"Self Repair","floor":20.0},{"not_picked":["Rebound","Chaos"],"picked":"Defragment","floor":22.0},{"not_picked":["Beam Cell","Stack+1","Chaos"],"picked":"SKIP","floor":24.0},{"not_picked":["Steam Power+1","Ball Lightning","Fusion+1"],"picked":"SKIP","floor":27.0},{"not_picked":["Rebound","Genetic Algorithm+1"],"picked":"All For One","floor":28.0},{"not_picked":["Gash","Reprogram+1","Streamline"],"picked":"SKIP","floor":29.0},{"not_picked":["Compile Driver+1","Loop","Chill+1"],"picked":"SKIP","floor":31.0},{"not_picked":["Fission+1","Hyperbeam"],"picked":"Multi-Cast+1","floor":33.0},{"not_picked":["Reprogram+1","Barrage","Beam Cell+1"],"picked":"SKIP","floor":35.0},{"not_picked":["Tempest+1","Scrape","Rebound"],"picked":"SKIP","floor":37.0},{"not_picked":["Gash","Barrage+1","Hyperbeam"],"picked":"SKIP","floor":39.0},{"not_picked":["Streamline+1","Lockon","Static Discharge"],"picked":"SKIP","floor":44.0},{"not_picked":["Fusion+1","Barrage","Compile Driver+1"],"picked":"SKIP","floor":48.0},{"not_picked":["Cold Snap","Doom and Gloom"],"picked":"Undo+1","floor":52.0},{"not_picked":["Go for the Eyes","Streamline"],"picked":"Coolheaded+1","floor":54.0}],"player_experience":1355375,"relics_obtained":[{"floor":10.0,"key":"Symbiotic Virus"},{"floor":24.0,"key":"Toxic Egg 2"},{"floor":28.0,"key":"Emotion Chip"},{"floor":36.0,"key":"Torii"},{"floor":38.0,"key":"Ancient Tea Set"},{"floor":43.0,"key":"Ornamental Fan"},{"floor":48.0,"key":"Dream Catcher"},{"floor":54.0,"key":"Oddly Smooth Stone"}],"event_choices":[{"damage_healed":0.0,"max_hp_gain":0.0,"max_hp_loss":0.0,"gold_gain":50.0,"event_name":"Golden Shrine","player_choice":"Pray","floor":3.0,"gold_loss":0.0,"damage_taken":0.0},{"damage_healed":0.0,"max_hp_gain":0.0,"max_hp_loss":0.0,"gold_gain":0.0,"event_name":"The Mausoleum","player_choice":"Ignored","floor":21.0,"gold_loss":0.0,"damage_taken":0.0},{"damage_healed":0.0,"max_hp_gain":0.0,"max_hp_loss":0.0,"gold_gain":0.0,"event_name":"MindBloom","player_choice":"Fight","floor":36.0,"gold_loss":0.0,"damage_taken":0.0},{"damage_healed":0.0,"max_hp_gain":0.0,"max_hp_loss":0.0,"gold_gain":0.0,"event_name":"SensoryStone","player_choice":"Memory 1","floor":41.0,"gold_loss":0.0,"damage_taken":0.0},{"damage_healed":0.0,"max_hp_gain":0.0,"max_hp_loss":0.0,"gold_gain":0.0,"event_name":"Duplicator","player_choice":"Copied","floor":42.0,"gold_loss":0.0,"damage_taken":0.0,"cards_obtained":["Meteor Strike"]},{"damage_healed":0.0,"max_hp_gain":0.0,"max_hp_loss":0.0,"gold_gain":0.0,"event_name":"FaceTrader","player_choice":"Trade","floor":47.0,"gold_loss":0.0,"damage_taken":0.0,"relics_obtained":["FaceOfCleric"]}],"is_beta":false,"boss_relics":[{"not_picked":["Eternal Feather","Ectoplasm"],"picked":"Philosopher\u0027s Stone"},{"not_picked":["Calling Bell","Coffee Dripper"],"picked":"Fusion Hammer"}],"items_purged_floors":[5,19,45,53],"is_endless":false,"potions_floor_spawned":[1,8,12,16,18,20,24,27,29,35,36,48,54],"ascension_level":17}