{"gold_per_floor":[115,115,115,126,126,160,160,174,174,192,207,224,239,252,252,252],"floor_reached":16,"playtime":526,"items_purged":[],"score":262,"play_id":"12c50678-d0db-49e9-836e-c68e3db58e45","local_time":"20190318200205","is_ascension_mode":true,"campfire_choices":[{"data":"Poisoned Stab","floor":7.0,"key":"SMITH"},{"data":"Flechettes","floor":15.0,"key":"SMITH"}],"neow_cost":"NONE","seed_source_timestamp":411621119248616,"circlet_count":0,"master_deck":["AscendersBane","Defend_G","Defend_G","Defend_G","Defend_G","Defend_G","Strike_G","Strike_G","Survivor","Neutralize","Poisoned Stab+1","Prepared","Choke","Backflip","Footwork","Flechettes+1","Acrobatics","Dash"],"special_seed":0,"relics":["Ring of the Snake","NeowsBlessing","Anchor","Pear"],"potions_floor_usage":[16,16],"damage_taken":[{"damage":0.0,"enemies":"2 Louse","floor":1.0,"turns":1.0},{"damage":0.0,"enemies":"Small Slimes","floor":4.0,"turns":1.0},{"damage":0.0,"enemies":"Gremlin Nob","floor":6.0,"turns":1.0},{"damage":1.0,"enemies":"Cultist","floor":8.0,"turns":4.0},{"damage":9.0,"enemies":"Blue Slaver","floor":10.0,"turns":5.0},{"damage":1.0,"enemies":"3 Louse","floor":11.0,"turns":5.0},{"damage":1.0,"enemies":"Gremlin Gang","floor":12.0,"turns":6.0},{"damage":1.0,"enemies":"Large Slime","floor":13.0,"turns":6.0},{"damage":0.0,"enemies":"3 Louse","floor":14.0,"turns":4.0},{"damage":50,"enemies":"Slime Boss","floor":16,"turns":12}],"seed_played":"4149605510364016088","potions_obtained":[{"floor":8.0,"key":"LiquidBronze"},{"floor":10.0,"key":"SkillPotion"}],"is_trial":false,"path_per_floor":["M","?","?","M","?","E","R","M","T","M","M","M","M","M","R","B"],"character_chosen":"THE_SILENT","items_purchased":[],"campfire_rested":0,"item_purchase_floors":[],"current_hp_per_floor":[59,59,59,59,52,52,52,51,61,52,51,50,49,49,49,0],"gold":252,"neow_bonus":"THREE_ENEMY_KILL","is_prod":false,"is_daily":false,"chose_seed":false,"campfire_upgraded":2,"win_rate":0,"timestamp":1552906925,"path_taken":["M","?","?","?","?","E","R","M","T","M","M","M","M","M","R","BOSS"],"build_version":"2019-01-23","purchased_purges":0,"victory":false,"max_hp_per_floor":[66,66,66,66,66,66,66,66,76,76,76,76,76,76,76,76],"card_choices":[{"not_picked":["Deadly Poison","Dodge and Roll"],"picked":"Poisoned Stab","floor":1.0},{"not_picked":["Dagger Throw","Poisoned Stab"],"picked":"Choke","floor":4.0},{"not_picked":["Crippling Poison","Tools of the Trade","Slice"],"picked":"SKIP","floor":6.0},{"not_picked":["Blade Dance","Concentrate"],"picked":"Backflip","floor":8.0},{"not_picked":["Heel Hook","Poisoned Stab"],"picked":"Footwork","floor":10.0},{"not_picked":["Choke","Distraction","Poisoned Stab"],"picked":"SKIP","floor":11.0},{"not_picked":["Eviscerate","Finisher"],"picked":"Flechettes","floor":12.0},{"not_picked":["Underhanded Strike","Dagger Spray"],"picked":"Acrobatics","floor":13.0},{"not_picked":["Outmaneuver","Poisoned Stab"],"picked":"Dash","floor":14.0}],"player_experience":156889,"relics_obtained":[{"floor":6.0,"key":"Anchor"},{"floor":9.0,"key":"Pear"}],"event_choices":[{"damage_healed":0.0,"max_hp_gain":0.0,"max_hp_loss":0.0,"gold_gain":0.0,"cards_transformed":["Strike_G"],"event_name":"Living Wall","player_choice":"Change","floor":2.0,"gold_loss":0.0,"damage_taken":0.0,"cards_obtained":["Prepared"]},{"cards_removed":["Strike_G"],"damage_healed":0.0,"max_hp_gain":0.0,"max_hp_loss":0.0,"gold_gain":0.0,"event_name":"Bonfire Elementals","player_choice":"Offered Basic","floor":3.0,"gold_loss":0.0,"damage_taken":0.0},{"cards_removed":["Strike_G"],"damage_healed":0.0,"max_hp_gain":0.0,"max_hp_loss":0.0,"gold_gain":0.0,"event_name":"Golden Wing","player_choice":"Card Removal","floor":5.0,"gold_loss":0.0,"damage_taken":7.0}],"is_beta":false,"boss_relics":[],"items_purged_floors":[],"is_endless":false,"potions_floor_spawned":[8,10,14],"killed_by":"Slime Boss","ascension_level":20}