{"path_per_floor":["M","$","?","M","M","E","R","$","T","M","M","M","R","M","R","B",null,"M","M","?","M","M","T","?"],"character_chosen":"IRONCLAD","items_purchased":["Whirlwind","Entrench"],"gold_per_floor":[114,36,36,55,74,142,142,30,80,99,118,137,137,156,156,281,281,300,319,319,338,357,357,357,357],"floor_reached":25,"campfire_rested":0,"playtime":943,"current_hp_per_floor":[80,80,80,80,80,66,66,66,66,70,74,79,79,69,69,53,80,80,50,50,54,34,34,18,0],"items_purged":["Injury"],"gold":357,"score":207,"play_id":"e7d79eef-7615-46c4-99b4-2ed763ae2f33","local_time":"20180328121834","daily_mods":["Allstar","Uncertain Future","Binary"],"is_prod":false,"is_daily":true,"is_ascension_mode":false,"campfire_upgraded":3,"timestamp":1522210714,"path_taken":["M","$","?","M","M","E","R","?","T","M","M","?","R","M","R","BOSS","M","M","?","M","M","?","?","E"],"build_version":"2018-03-22v2","purchased_purges":1,"victory":false,"master_deck":["Strike_R","Strike_R","Strike_R","Strike_R","Strike_R","Defend_R","Defend_R","Defend_R","Defend_R","Bash","Blind","Apotheosis+1","Flame Barrier","Whirlwind","Pommel Strike+1","Entrench+1","Flex","Warcry","Bloodletting","Body Slam","Carnage","Shrug It Off"],"max_hp_per_floor":[80,80,80,80,80,80,80,80,80,80,80,80,80,80,80,80,80,80,80,80,80,80,80,80,80],"relics":["Burning Blood","Golden Idol","Tiny Chest","Dream Catcher","Question Card","Ice Cream","Enchiridion"],"card_choices":[{"not_picked":["Iron Wave"],"picked":"Flame Barrier","floor":1},{"not_picked":["Headbutt"],"picked":"Pommel Strike","floor":4},{"not_picked":["Fire Breathing"],"picked":"Flex","floor":10},{"not_picked":["Armaments"],"picked":"Warcry","floor":11},{"not_picked":["Twin Strike"],"picked":"Bloodletting","floor":12},{"not_picked":["Pommel Strike","Thunderclap"],"picked":"Body Slam","floor":18},{"not_picked":["Havoc","Disarm"],"picked":"Shrug It Off","floor":21}],"player_experience":326978,"potions_floor_usage":[16,16,21,21,22],"damage_taken":[{"damage":3,"enemies":"Small Slimes","floor":1,"turns":4},{"damage":0,"enemies":"Jaw Worm","floor":4,"turns":4},{"damage":3,"enemies":"2 Louse","floor":5,"turns":3},{"damage":20,"enemies":"3 Sentries","floor":6,"turns":7},{"damage":2,"enemies":"Looter","floor":10,"turns":4},{"damage":2,"enemies":"Exordium Wildlife","floor":11,"turns":3},{"damage":1,"enemies":"2 Fungi Beasts","floor":12,"turns":3},{"damage":16,"enemies":"Blue Slaver","floor":14,"turns":3},{"damage":22,"enemies":"Hexaghost","floor":16,"turns":9},{"damage":0,"enemies":"3 Byrds","floor":18,"turns":7},{"damage":36,"enemies":"2 Thieves","floor":19,"turns":5},{"damage":2,"enemies":"Centurion and Healer","floor":21,"turns":8},{"damage":26,"enemies":"Slaver and Parasite","floor":22,"turns":11},{"damage":18,"enemies":"Gremlin Leader","floor":25,"turns":4}],"event_choices":[{"event_name":"Golden Idol","player_choice":"Take Wound","floor":3,"damage_taken":0},{"event_name":"The Library","player_choice":"Read","floor":20,"damage_taken":0},{"event_name":"Cursed Tome","player_choice":"Obtained Book","floor":24,"damage_taken":0}],"boss_relics":[{"not_picked":["Runic Pyramid","Ectoplasm"],"picked":"Question Card"}],"potions_floor_spawned":[4,5,6,11,12,14,18,19],"seed_played":"-186306444568268159","killed_by":"Gremlin Leader","ascension_level":0,"is_trial":false}