{"gold_per_floor":[109,109,109,34,45,74,92,92,92,92,104,114,114,14,14,14],"floor_reached":16,"playtime":261,"items_purged":["Strike_G","Strike_G"],"score":250,"play_id":"212d8676-5cba-4466-a36b-5dc3342fd763","local_time":"20190808215739","is_ascension_mode":true,"campfire_choices":[{"data":"Calculated Gamble","floor":8.0,"key":"SMITH"},{"data":"Reflex","floor":10.0,"key":"SMITH"},{"data":"Choke","floor":15,"key":"SMITH"}],"neow_cost":"NONE","seed_source_timestamp":549683134343534,"circlet_count":0,"master_deck":["AscendersBane","Strike_G","Strike_G","Defend_G+1","Defend_G+1","Defend_G","Defend_G","Defend_G","Survivor","Neutralize","Calculated Gamble+1","Acrobatics","Choke+1","Reflex+1","Concentrate"],"special_seed":0,"relics":["Ring of the Snake","NeowsBlessing","Gremlin Horn","Ninja Scroll"],"potions_floor_usage":[],"damage_taken":[{"damage":0.0,"enemies":"Small Slimes","floor":1.0,"turns":1.0},{"damage":0.0,"enemies":"Jaw Worm","floor":5.0,"turns":1.0},{"damage":0.0,"enemies":"Lagavulin","floor":6.0,"turns":1.0},{"damage":0.0,"enemies":"2 Louse","floor":7.0,"turns":3.0},{"damage":0.0,"enemies":"2 Fungi Beasts","floor":11.0,"turns":2.0},{"damage":5.0,"enemies":"Blue Slaver","floor":12.0,"turns":2.0},{"damage":43,"enemies":"Slime Boss","floor":16,"turns":8}],"seed_played":"-3998689187914500358","potions_obtained":[{"floor":1.0,"key":"FearPotion"}],"is_trial":false,"path_per_floor":["M","?","?","$","M","E","M","R","T","R","M","M","?","$","R","B"],"character_chosen":"THE_SILENT","items_purchased":[],"campfire_rested":0,"item_purchase_floors":[],"current_hp_per_floor":[59,39,32,32,32,32,32,32,32,32,32,27,49,49,49,6],"gold":14,"neow_bonus":"THREE_ENEMY_KILL","is_prod":false,"is_daily":false,"chose_seed":false,"campfire_upgraded":3,"win_rate":0,"timestamp":1565272659,"path_taken":["M","?","?","$","M","E","M","R","T","R","?","M","?","$","R","BOSS"],"build_version":"2019-07-17","purchased_purges":2,"victory":false,"max_hp_per_floor":[66,66,66,66,66,66,66,66,66,66,66,66,66,66,66,66],"card_choices":[{"not_picked":["Distraction","Deflect"],"picked":"Calculated Gamble","floor":1.0},{"not_picked":["Poisoned Stab","Quick Slash"],"picked":"Acrobatics","floor":5.0},{"not_picked":["Deflect","Cloak And Dagger"],"picked":"Choke","floor":6.0},{"not_picked":["Flying Knee","Blade Dance"],"picked":"Reflex","floor":7.0},{"not_picked":["Skewer","Deflect","Infinite Blades"],"picked":"SKIP","floor":11.0},{"not_picked":["Quick Slash","Dagger Throw"],"picked":"Concentrate","floor":12.0}],"player_experience":1739525,"relics_obtained":[{"floor":6.0,"key":"Gremlin Horn"},{"floor":9.0,"key":"Ninja Scroll"}],"event_choices":[{"damage_healed":0.0,"max_hp_gain":0.0,"max_hp_loss":0.0,"gold_gain":0.0,"event_name":"Shining Light","player_choice":"Entered Light","floor":2.0,"gold_loss":0.0,"damage_taken":20.0,"cards_upgraded":["Defend_G","Defend_G"]},{"cards_removed":["Strike_G"],"damage_healed":0.0,"max_hp_gain":0.0,"max_hp_loss":0.0,"gold_gain":0.0,"event_name":"Golden Wing","player_choice":"Card Removal","floor":3.0,"gold_loss":0.0,"damage_taken":7.0},{"damage_healed":22,"gold_gain":0,"player_choice":"Banana","damage_taken":0,"max_hp_gain":0,"max_hp_loss":0,"event_name":"Big Fish","floor":13,"gold_loss":0}],"is_beta":false,"boss_relics":[],"items_purged_floors":[4,14],"is_endless":false,"potions_floor_spawned":[1],"killed_by":"Slime Boss","ascension_level":20}