{"gold_per_floor":[118,118,1,1,19,19,37,53,105,105,125,158,168,180,180,180],"floor_reached":16,"playtime":432,"items_purged":[],"score":207,"play_id":"d3d8ecbc-83a5-40b7-bb99-77482648a289","local_time":"20190617193857","is_ascension_mode":true,"campfire_choices":[{"data":"Hologram","floor":6.0,"key":"SMITH"},{"data":"Recycle","floor":15,"key":"SMITH"}],"neow_cost":"NONE","seed_source_timestamp":164136071370414,"circlet_count":0,"master_deck":["AscendersBane","Strike_B","Strike_B+1","Strike_B","Defend_B","Defend_B","Defend_B","Defend_B","Zap","Dualcast+1","Ball Lightning","Meteor Strike+1","Glacier","Undo","Hologram+1","Coolheaded","Redo","Recycle+1","Reinforced Body","Ball Lightning"],"special_seed":0,"relics":["Cursed Key","Omamori","Spirit Poop","Whetstone"],"potions_floor_usage":[12],"damage_taken":[{"damage":1.0,"enemies":"Small Slimes","floor":1.0,"turns":3.0},{"damage":2.0,"enemies":"2 Louse","floor":5.0,"turns":4.0},{"damage":0.0,"enemies":"Cultist","floor":7.0,"turns":3.0},{"damage":0.0,"enemies":"Looter","floor":8.0,"turns":3.0},{"damage":0.0,"enemies":"Exordium Thugs","floor":11.0,"turns":3.0},{"damage":18,"enemies":"Gremlin Nob","floor":12,"turns":4},{"damage":16,"enemies":"Gremlin Gang","floor":13,"turns":5},{"damage":0,"enemies":"Large Slime","floor":14,"turns":7},{"damage":11,"enemies":"Hexaghost","floor":16,"turns":9}],"seed_played":"-2866219201142134268","potions_obtained":[{"floor":7.0,"key":"Explosive Potion"},{"floor":8.0,"key":"SkillPotion"},{"floor":14,"key":"Weak Potion"}],"is_trial":false,"path_per_floor":["M","?","$","?","M","R","M","M","T","?","M","E","M","M","R","B"],"character_chosen":"DEFECT","items_purchased":["Glacier","Undo"],"campfire_rested":0,"item_purchase_floors":[3,3],"current_hp_per_floor":[63,63,63,63,61,61,61,61,61,61,61,43,27,27,27,16],"gold":180,"neow_bonus":"BOSS_RELIC","is_prod":false,"is_daily":false,"chose_seed":false,"campfire_upgraded":2,"win_rate":0,"timestamp":1560767937,"path_taken":["M","?","$","?","M","R","M","?","T","?","?","E","?","M","R","BOSS"],"build_version":"2019-01-23","purchased_purges":0,"victory":false,"max_hp_per_floor":[71,71,71,71,71,71,71,71,71,71,71,71,71,71,71,71],"card_choices":[{"not_picked":["Force Field","Go for the Eyes"],"picked":"Ball Lightning","floor":1.0},{"not_picked":["FTL","Rebound"],"picked":"Hologram","floor":5.0},{"not_picked":["Compile Driver","Auto Shields"],"picked":"Coolheaded","floor":7.0},{"not_picked":["Barrage","Conserve Battery"],"picked":"Redo","floor":8.0},{"not_picked":["Beam Cell","Go for the Eyes"],"picked":"Recycle","floor":11.0},{"not_picked":["Compile Driver","Leap"],"picked":"Reinforced Body","floor":12},{"not_picked":["Stack","Barrage","Sweeping Beam"],"picked":"SKIP","floor":13},{"not_picked":["Aggregate","BootSequence"],"picked":"Ball Lightning","floor":14}],"player_experience":603622,"relics_obtained":[{"floor":9.0,"key":"Omamori"},{"floor":12,"key":"Whetstone"}],"event_choices":[{"damage_healed":0.0,"max_hp_gain":0.0,"max_hp_loss":0.0,"gold_gain":0.0,"cards_transformed":["Strike_B"],"event_name":"Living Wall","player_choice":"Change","floor":2.0,"gold_loss":0.0,"damage_taken":0.0,"cards_obtained":["Meteor Strike"]},{"damage_healed":0.0,"max_hp_gain":0.0,"max_hp_loss":0.0,"gold_gain":0.0,"event_name":"Accursed Blacksmith","player_choice":"Forge","floor":4.0,"gold_loss":0.0,"damage_taken":0.0,"cards_upgraded":["Dualcast"]},{"cards_removed":["Injury"],"damage_healed":0.0,"max_hp_gain":0.0,"max_hp_loss":0.0,"gold_gain":0.0,"event_name":"Bonfire Elementals","player_choice":"Offered Curse","floor":10.0,"gold_loss":0.0,"damage_taken":0.0,"relics_obtained":["Spirit Poop"]}],"is_beta":false,"boss_relics":[],"items_purged_floors":[],"is_endless":false,"potions_floor_spawned":[7,8,14],"killed_by":"Hexaghost","ascension_level":20}