{"gold_per_floor":[114,114,39,55,230,230,266,284,307,78,107,134,134,152,152,282,282,298,134,134,134,134,134],"floor_reached":23,"playtime":605,"items_purged":["Strike_R","Strike_R","Strike_R"],"score":265,"play_id":"10ca7b5d-286c-4742-a8e9-fe6d4446ff03","local_time":"20180920134322","is_ascension_mode":true,"campfire_choices":[{"data":"Flex","floor":6,"key":"SMITH"},{"data":"Body Slam","floor":13,"key":"SMITH"},{"data":"True Grit","floor":15,"key":"SMITH"}],"neow_cost":"NONE","seed_source_timestamp":3372986842398,"circlet_count":0,"master_deck":["Strike_R","Strike_R+1","Defend_R","Defend_R","Defend_R","Defend_R","Bash+1","Flex+1","Second Wind","Doubt","Spot Weakness","Body Slam+1","Barricade","True Grit+1","Ghostly Armor","Juggernaut","Feel No Pain","Pain"],"relics":["Burning Blood","NeowsBlessing","Golden Idol","Regal Pillow","Whetstone","Odd Mushroom","Oddly Smooth Stone","Mark of Pain","WarpedTongs"],"potions_floor_usage":[16,21],"damage_taken":[{"damage":0,"enemies":"2 Louse","floor":1,"turns":1},{"damage":0,"enemies":"Small Slimes","floor":4,"turns":1},{"damage":0,"enemies":"Lagavulin","floor":7,"turns":1},{"damage":2,"enemies":"Jaw Worm","floor":8,"turns":3},{"damage":37,"enemies":"The Mushroom Lair","floor":11,"turns":5},{"damage":18,"enemies":"Large Slime","floor":14,"turns":6},{"damage":14,"enemies":"Hexaghost","floor":16,"turns":11},{"damage":17,"enemies":"Shell Parasite","floor":18,"turns":7},{"damage":0,"enemies":"Spheric Guardian","floor":21,"turns":3},{"damage":36,"enemies":"Colosseum Slavers","floor":22,"turns":4},{"damage":46,"enemies":"Slavers","floor":23,"turns":4}],"seed_played":"-8936495872747074073","potions_obtained":[{"floor":4,"key":"SmokeBomb"},{"floor":7,"key":"FearPotion"},{"floor":11,"key":"AttackPotion"}],"is_trial":false,"path_per_floor":["M","?","$","M","?","R","E","M","T","$","?","T","R","M","R","B",null,"M","$","?","M","?"],"character_chosen":"IRONCLAD","items_purchased":["Barricade","True Grit","Feel No Pain"],"campfire_rested":0,"item_purchase_floors":[10,10,19],"current_hp_per_floor":[80,60,60,66,66,66,72,76,76,76,45,45,45,33,33,25,66,55,55,55,61,31,0],"gold":134,"neow_bonus":"THREE_ENEMY_KILL","is_prod":false,"is_daily":false,"chose_seed":false,"campfire_upgraded":3,"win_rate":0,"timestamp":1537422202,"path_taken":["M","?","$","M","?","R","E","?","T","?","?","?","R","M","R","BOSS","M","$","?","M","?","E"],"build_version":"2018-09-06","purchased_purges":3,"victory":false,"max_hp_per_floor":[80,80,80,80,80,80,80,80,80,80,80,80,80,80,80,80,80,80,80,80,80,80,80],"card_choices":[{"not_picked":["Anger","Wild Strike"],"picked":"Flex","floor":1},{"not_picked":["Dropkick","Heavy Blade"],"picked":"Second Wind","floor":4},{"not_picked":["Infernal Blade","True Grit"],"picked":"Spot Weakness","floor":7},{"not_picked":["Hemokinesis","Havoc"],"picked":"Body Slam","floor":8},{"not_picked":["Demon Form","Havoc"],"picked":"Ghostly Armor","floor":11},{"not_picked":["Rampage","Headbutt","Wild Strike"],"picked":"SKIP","floor":14},{"not_picked":["Dark Embrace","Limit Break"],"picked":"Juggernaut","floor":16},{"not_picked":["Rupture","Anger","True Grit+1"],"picked":"SKIP","floor":18}],"player_experience":36348,"relics_obtained":[{"floor":7,"key":"Regal Pillow"},{"floor":9,"key":"Whetstone"},{"floor":11,"key":"Odd Mushroom"},{"floor":12,"key":"Oddly Smooth Stone"}],"event_choices":[{"event_name":"Golden Idol","player_choice":"Take Damage","floor":2,"damage_taken":0},{"event_name":"Liars Game","player_choice":"agreed","floor":5,"damage_taken":0},{"event_name":"Mushrooms","player_choice":"Fought Mushrooms","floor":11,"damage_taken":0},{"event_name":"Accursed Blacksmith","player_choice":"Rummage","floor":20,"damage_taken":0},{"event_name":"Colosseum","player_choice":"Fight","floor":22,"damage_taken":0},{"event_name":"Colosseum","player_choice":"Fled From Nobs","floor":22,"damage_taken":0}],"is_beta":false,"boss_relics":[{"not_picked":["Empty Cage","Busted Crown"],"picked":"Mark of Pain"}],"items_purged_floors":[3,10,19],"is_endless":false,"potions_floor_spawned":[4,7,11,22],"killed_by":"Slavers","ascension_level":5}