{"gold_per_floor":[366,381,39,39,52,52,69,69,69,93,105],"floor_reached":11,"playtime":382,"items_purged":["Normality"],"score":130,"play_id":"0e8ebda5-746a-4bf5-800d-ea94d5c49b67","local_time":"20190716220849","is_ascension_mode":true,"campfire_choices":[{"data":"Neutralize","floor":6,"key":"SMITH"},{"floor":8,"key":"RECALL"}],"neow_cost":"CURSE","seed_source_timestamp":14125312421137,"circlet_count":0,"master_deck":["AscendersBane","Strike_G","Strike_G","Strike_G","Strike_G","Defend_G","Defend_G","Defend_G","Defend_G","Defend_G","Survivor","Neutralize+1","Infinite Blades","Blur","Escape Plan"],"relics":["Ring of the Snake","Kunai","MawBank"],"potions_floor_usage":[11,11],"damage_taken":[{"damage":7,"enemies":"Jaw Worm","floor":1,"turns":6},{"damage":4,"enemies":"Cultist","floor":2,"turns":5},{"damage":0,"enemies":"Small Slimes","floor":5,"turns":5},{"damage":0,"enemies":"Blue Slaver","floor":7,"turns":6},{"damage":3,"enemies":"2 Fungi Beasts","floor":10,"turns":5},{"damage":55,"enemies":"Gremlin Nob","floor":11,"turns":6}],"seed_played":"3350080783211424992","potions_obtained":[{"floor":2,"key":"EssenceOfSteel"},{"floor":7,"key":"Weak Potion"}],"is_trial":false,"path_per_floor":["M","M","$","?","M","R","M","R","T","M","E"],"character_chosen":"THE_SILENT","items_purchased":["Kunai"],"campfire_rested":0,"item_purchase_floors":[3],"current_hp_per_floor":[52,48,48,48,48,48,48,48,48,45,0],"gold":105,"neow_bonus":"TWO_FIFTY_GOLD","is_prod":false,"is_daily":false,"chose_seed":false,"campfire_upgraded":1,"win_rate":0,"timestamp":1563286129,"path_taken":["M","M","$","?","?","R","M","R","T","M","E"],"build_version":"2019-07-05","purchased_purges":1,"victory":false,"max_hp_per_floor":[66,66,66,66,66,66,66,66,66,66,66],"card_choices":[{"not_picked":["Concentrate","Slice"],"picked":"Infinite Blades","floor":1},{"not_picked":["Acrobatics","Outmaneuver","Flying Knee"],"picked":"SKIP","floor":2},{"not_picked":["Underhanded Strike","Outmaneuver"],"picked":"Blur","floor":5},{"not_picked":["Outmaneuver","Dagger Throw"],"picked":"Escape Plan","floor":7},{"not_picked":["Flying Knee","Acrobatics","Quick Slash"],"picked":"SKIP","floor":10}],"player_experience":5734721,"relics_obtained":[{"floor":9,"key":"MawBank"}],"event_choices":[{"cards_removed":["Strike_G"],"damage_healed":0,"gold_gain":0,"player_choice":"Purged","damage_taken":0,"max_hp_gain":0,"max_hp_loss":0,"event_name":"Purifier","floor":4,"gold_loss":0}],"is_beta":false,"boss_relics":[],"items_purged_floors":[3],"is_endless":false,"potions_floor_spawned":[2,7],"killed_by":"Gremlin Nob","ascension_level":20}