{"gold_per_floor":[119,119,132,132,150,150,150,164,245,245,31,66,89,89,89,89],"floor_reached":16,"playtime":462,"items_purged":["Strike_G"],"score":200,"play_id":"cdad9b28-5254-4280-9ab8-4e8a35ffcf38","local_time":"20190309155259","is_ascension_mode":true,"campfire_choices":[{"data":"Deadly Poison","floor":6.0,"key":"SMITH"},{"data":"Neutralize","floor":10.0,"key":"SMITH"},{"data":"Masterful Stab","floor":15,"key":"SMITH"}],"neow_cost":"NONE","seed_source_timestamp":13587561076425,"circlet_count":0,"master_deck":["AscendersBane","Defend_G","Defend_G","Defend_G","Defend_G","Defend_G","Strike_G","Strike_G","Strike_G","Survivor","Neutralize+1","Tactician","Backflip","Deadly Poison+1","Venomology","Masterful Stab+1"],"special_seed":0,"relics":["Ring of the Snake","Smiling Mask","Golden Idol","Tiny Chest","Bronze Scales","Boot"],"potions_floor_usage":[12,13,16],"damage_taken":[{"damage":0.0,"enemies":"Jaw Worm","floor":1.0,"turns":6.0},{"damage":7.0,"enemies":"Cultist","floor":3.0,"turns":5.0},{"damage":0.0,"enemies":"Small Slimes","floor":5.0,"turns":5.0},{"damage":0.0,"enemies":"Looter","floor":8.0,"turns":3.0},{"damage":47,"enemies":"Gremlin Nob","floor":12,"turns":5},{"damage":0,"enemies":"3 Louse","floor":13,"turns":3},{"damage":62,"enemies":"Slime Boss","floor":16,"turns":9}],"seed_played":"-6740649303977112675","potions_obtained":[{"floor":1.0,"key":"Ancient Potion"},{"floor":5.0,"key":"Energy Potion"},{"floor":12,"key":"AttackPotion"}],"is_trial":false,"path_per_floor":["M","?","M","?","M","R","?","M","T","R","$","E","M","?","R","B"],"character_chosen":"THE_SILENT","items_purchased":["Bronze Scales"],"campfire_rested":0,"item_purchase_floors":[11],"current_hp_per_floor":[59,59,52,52,52,52,52,52,52,52,52,5,5,70,70,8],"gold":89,"neow_bonus":"REMOVE_CARD","is_prod":false,"is_daily":false,"chose_seed":false,"campfire_upgraded":3,"win_rate":0,"timestamp":1552117979,"path_taken":["M","?","?","?","M","R","?","M","T","R","$","E","M","?","R","BOSS"],"build_version":"2019-01-23","purchased_purges":1,"victory":false,"max_hp_per_floor":[66,66,66,66,66,66,60,60,60,60,60,60,60,70,70,70],"card_choices":[{"not_picked":["Prepared","Underhanded Strike"],"picked":"Tactician","floor":1.0},{"not_picked":["Tactician","PiercingWail"],"picked":"Backflip","floor":3.0},{"not_picked":["PiercingWail","All Out Attack"],"picked":"Deadly Poison","floor":5.0},{"not_picked":["Dagger Throw","Flechettes"],"picked":"Venomology","floor":8.0},{"not_picked":["Dagger Throw","Backflip"],"picked":"Wraith Form v2","floor":12},{"not_picked":["Prepared","Concentrate"],"picked":"Masterful Stab","floor":13}],"player_experience":3432562,"relics_obtained":[{"floor":9.0,"key":"Tiny Chest"},{"floor":12,"key":"Boot"}],"event_choices":[{"damage_healed":0.0,"max_hp_gain":0.0,"max_hp_loss":0.0,"gold_gain":0.0,"event_name":"WeMeetAgain","player_choice":"Gave Potion","floor":2.0,"gold_loss":0.0,"damage_taken":0.0,"relics_obtained":["Smiling Mask"]},{"damage_healed":0.0,"max_hp_gain":0.0,"max_hp_loss":0.0,"gold_gain":0.0,"event_name":"Scrap Ooze","player_choice":"Fled","floor":4.0,"gold_loss":0.0,"damage_taken":0.0},{"damage_healed":0.0,"max_hp_gain":0.0,"max_hp_loss":6.0,"gold_gain":0.0,"event_name":"Golden Idol","player_choice":"Lose Max HP","floor":7.0,"gold_loss":0.0,"damage_taken":0.0,"relics_obtained":["Golden Idol"]},{"cards_removed":["Wraith Form v2"],"damage_healed":55,"gold_gain":0,"player_choice":"Offered Rare","damage_taken":0,"max_hp_gain":10,"max_hp_loss":0,"event_name":"Bonfire Elementals","floor":14,"gold_loss":0}],"is_beta":false,"boss_relics":[],"items_purged_floors":[11],"is_endless":false,"potions_floor_spawned":[1,5,12],"killed_by":"Slime Boss","ascension_level":20}