{"gold_per_floor":[110,23,36,111,111,111,126,126,126,142,142,142,160,172,172,267,267,287,386,404,423,15,15,48,48,125,125,137,57,57,57,57,159,159,173,14,24,24,35,35,0,0,26,26,37,37,55,82,82,82],"floor_reached":51,"playtime":1352,"items_purged":["Writhe","Consume+1","Consume+1"],"score":885,"play_id":"c7080fa4-cfec-47fe-8576-46042cdd7d8a","local_time":"20190717205155","is_ascension_mode":false,"campfire_choices":[{"data":"Darkness","floor":6.0,"key":"SMITH"},{"data":"Dualcast","floor":8.0,"key":"SMITH"},{"data":"Hologram","floor":12.0,"key":"SMITH"},{"data":"Leap","floor":15.0,"key":"SMITH"},{"data":"Biased Cognition","floor":23,"key":"SMITH"},{"floor":25,"key":"REST"},{"floor":27,"key":"REST"},{"data":"Redo","floor":30,"key":"SMITH"},{"data":"Defend_B","floor":32,"key":"SMITH"},{"data":"Loop","floor":40,"key":"SMITH"},{"data":"Electrodynamics","floor":44,"key":"SMITH"},{"data":"Defend_B","floor":49,"key":"SMITH"}],"neow_cost":"CURSE","seed_source_timestamp":11476528339461,"circlet_count":0,"master_deck":["Defend_B+1","Defend_B+1","Dualcast+1","Leap+1","Darkness+1","Auto Shields+1","Purity+1","Hologram+1","Biased Cognition+1","Undo+1","Redo+1","Electrodynamics+1","Loop+1"],"special_seed":0,"relics":["Cracked Core","The Courier","Astrolabe","ClockworkSouvenir","Pear","DataDisk","Bottled Lightning","Coffee Dripper","Red Mask","Omamori","Bronze Scales"],"potions_floor_usage":[21,21,47,50,50],"damage_taken":[{"damage":0.0,"enemies":"Small Slimes","floor":1.0,"turns":3.0},{"damage":0.0,"enemies":"Jaw Worm","floor":3.0,"turns":3.0},{"damage":0.0,"enemies":"2 Louse","floor":7.0,"turns":2.0},{"damage":0.0,"enemies":"Exordium Wildlife","floor":10.0,"turns":3.0},{"damage":0.0,"enemies":"2 Fungi Beasts","floor":13.0,"turns":4.0},{"damage":12.0,"enemies":"Blue Slaver","floor":14.0,"turns":3.0},{"damage":35.0,"enemies":"Slime Boss","floor":16.0,"turns":6.0},{"damage":0,"enemies":"Spheric Guardian","floor":18,"turns":4},{"damage":0,"enemies":"Shell Parasite","floor":20,"turns":5},{"damage":15,"enemies":"Cultist and Chosen","floor":21,"turns":7},{"damage":74,"enemies":"Gremlin Leader","floor":24,"turns":8},{"damage":0,"enemies":"Snake Plant","floor":28,"turns":3},{"damage":0,"enemies":"Champ","floor":33,"turns":7},{"damage":0,"enemies":"Orb Walker","floor":35,"turns":3},{"damage":0,"enemies":"3 Shapes","floor":37,"turns":3},{"damage":3,"enemies":"Writhing Mass","floor":39,"turns":5},{"damage":7,"enemies":"Sphere and 2 Shapes","floor":45,"turns":5},{"damage":9,"enemies":"Transient","floor":47,"turns":5},{"damage":3,"enemies":"Reptomancer","floor":48,"turns":6},{"damage":13,"enemies":"Donu and Deca","floor":50,"turns":5}],"seed_played":"7927450640366865904","potions_obtained":[{"floor":10.0,"key":"Swift Potion"},{"floor":13.0,"key":"Fire Potion"},{"floor":18,"key":"SkillPotion"},{"floor":33,"key":"Dexterity Potion"},{"floor":37,"key":"Explosive Potion"},{"floor":45,"key":"SkillPotion"},{"floor":47,"key":"Weak Potion"}],"is_trial":false,"path_per_floor":["M","$","M","?","?","R","M","R","T","M","?","R","M","M","R","B",null,"M","?","M","M","$","R","E","R","T","R","M","$","R","?","R","B",null,"M","$","M","?","M","R","?","?","T","R","M","?","M","E","R","B",null],"character_chosen":"DEFECT","items_purchased":["Purity","ClockworkSouvenir","Pear","Loop"],"campfire_rested":2,"item_purchase_floors":[2,22,22,36],"current_hp_per_floor":[75,75,75,64,69,69,69,69,69,69,53,53,53,41,41,6,80,80,80,80,65,75,75,1,28,28,55,55,55,55,55,55,55,90,90,90,90,90,87,87,87,87,87,87,80,80,71,68,68,55],"gold":82,"neow_bonus":"TRANSFORM_TWO_CARDS","is_prod":false,"is_daily":false,"chose_seed":false,"campfire_upgraded":10,"win_rate":0,"timestamp":1563367915,"path_taken":["M","$","M","?","?","R","M","R","T","M","?","R","?","M","R","BOSS","M","?","M","M","$","R","E","R","T","R","M","$","R","?","R","BOSS","M","$","M","?","?","R","?","?","T","R","M","?","M","E","R","BOSS"],"build_version":"2019-07-05","purchased_purges":3,"victory":true,"max_hp_per_floor":[75,75,75,75,80,80,80,80,80,80,80,80,80,80,80,80,80,80,80,80,80,90,90,90,90,90,90,90,90,90,90,90,90,90,90,90,90,90,90,90,90,90,90,90,90,90,90,90,90,90],"card_choices":[{"not_picked":["Compile Driver","Aggregate"],"picked":"Auto Shields","floor":1.0},{"not_picked":["Coolheaded","Barrage","Hologram"],"picked":"SKIP","floor":3.0},{"not_picked":["Double Energy","Steam"],"picked":"Hologram","floor":7.0},{"not_picked":["Tempest","Steam","Rebound"],"picked":"SKIP","floor":10.0},{"not_picked":["Go for the Eyes","Compile Driver","Chaos"],"picked":"SKIP","floor":13.0},{"not_picked":["BootSequence","Stack","Beam Cell"],"picked":"SKIP","floor":14.0},{"not_picked":["Reboot","Machine Learning"],"picked":"Biased Cognition","floor":16.0},{"not_picked":["Rip and Tear","White Noise","Hologram"],"picked":"SKIP","floor":18},{"not_picked":["Beam Cell","Turbo+1","Sweeping Beam"],"picked":"SKIP","floor":20},{"not_picked":["Rebound","Beam Cell","Barrage"],"picked":"SKIP","floor":21},{"not_picked":["Steam Power","Redo","Sweeping Beam"],"picked":"SKIP","floor":24},{"not_picked":["Steam Power","Sweeping Beam"],"picked":"Redo","floor":24},{"not_picked":["Steam Power","Streamline","Scrape"],"picked":"SKIP","floor":28},{"not_picked":["All For One","Biased Cognition"],"picked":"Electrodynamics","floor":33},{"not_picked":["Hologram+1","Rebound+1","Streamline+1"],"picked":"SKIP","floor":35},{"not_picked":["Gash","Beam Cell+1","Genetic Algorithm"],"picked":"SKIP","floor":37},{"not_picked":["Recycle+1","Defragment","Sunder"],"picked":"SKIP","floor":39},{"not_picked":["Defragment","Chaos+1","Rip and Tear+1"],"picked":"SKIP","floor":45},{"not_picked":["Compile Driver","Defragment","Blizzard+1"],"picked":"SKIP","floor":47},{"not_picked":["Chaos+1","Machine Learning","Hologram"],"picked":"SKIP","floor":48}],"player_experience":5769059,"relics_obtained":[{"floor":9.0,"key":"The Courier"},{"floor":24,"key":"DataDisk"},{"floor":26,"key":"Bottled Lightning"},{"floor":43,"key":"Omamori"},{"floor":48,"key":"Bronze Scales"}],"event_choices":[{"damage_healed":0.0,"max_hp_gain":0.0,"max_hp_loss":0.0,"gold_gain":75.0,"event_name":"World of Goop","player_choice":"Gather Gold","floor":4.0,"gold_loss":0.0,"damage_taken":11.0},{"damage_healed":0.0,"max_hp_gain":5.0,"max_hp_loss":0.0,"gold_gain":0.0,"event_name":"Big Fish","player_choice":"Donut","floor":5.0,"gold_loss":0.0,"damage_taken":0.0},{"damage_healed":0.0,"max_hp_gain":0.0,"max_hp_loss":0.0,"gold_gain":0.0,"event_name":"Shining Light","player_choice":"Entered Light","floor":11.0,"gold_loss":0.0,"damage_taken":16.0,"cards_upgraded":["Auto Shields","Strike_B"]},{"damage_healed":0,"gold_gain":99,"player_choice":"Stole From Cult","damage_taken":0,"max_hp_gain":0,"max_hp_loss":0,"event_name":"Nest","floor":19,"gold_loss":0},{"damage_healed":0,"gold_gain":0,"player_choice":"Upgraded","damage_taken":0,"max_hp_gain":0,"max_hp_loss":0,"event_name":"Upgrade Shrine","floor":31,"gold_loss":0,"cards_upgraded":["Purity"]},{"cards_removed":["Defend_B"],"damage_healed":0,"gold_gain":0,"player_choice":"Purged","damage_taken":0,"max_hp_gain":0,"max_hp_loss":0,"event_name":"Purifier","floor":38,"gold_loss":0},{"damage_healed":0,"gold_gain":0,"player_choice":"Paid","damage_taken":0,"relics_obtained":["Red Mask"],"max_hp_gain":0,"max_hp_loss":0,"event_name":"Tomb of Lord Red Mask","floor":41,"gold_loss":35},{"damage_healed":0,"gold_gain":0,"player_choice":"Memory 1","damage_taken":0,"max_hp_gain":0,"max_hp_loss":0,"event_name":"SensoryStone","floor":42,"gold_loss":0},{"cards_removed":["Defend_B"],"damage_healed":0,"gold_gain":0,"player_choice":"Removed Skill","damage_taken":0,"max_hp_gain":0,"max_hp_loss":0,"event_name":"Falling","floor":46,"gold_loss":0}],"is_beta":false,"boss_relics":[{"not_picked":["Eternal Feather","Sozu"],"picked":"Astrolabe"},{"not_picked":["Empty Cage","Fusion Hammer"],"picked":"Coffee Dripper"}],"items_purged_floors":[22,29,36],"is_endless":false,"potions_floor_spawned":[10,13,18,33,37,45,47],"ascension_level":0}