{"gold_per_floor":[117,117,133,147,29,64,76,123,158,170],"floor_reached":10,"playtime":254,"items_purged":["Defend_B"],"score":152,"play_id":"71196b8f-510a-441c-8758-0f2a796e12a1","local_time":"20190511040531","is_ascension_mode":true,"campfire_choices":[{"data":"Dualcast","floor":7,"key":"SMITH"}],"neow_cost":"NONE","seed_source_timestamp":571084684782,"circlet_count":0,"master_deck":["AscendersBane","Strike_B","Strike_B","Strike_B","Defend_B","Defend_B","Defend_B","Zap","Dualcast+1","Cold Snap","Chill","All For One","Rip and Tear","Hologram","Turbo"],"relics":["Cracked Core","MawBank","Happy Flower","Ancient Tea Set"],"potions_floor_usage":[8],"damage_taken":[{"damage":3,"enemies":"2 Louse","floor":1,"turns":3},{"damage":0,"enemies":"Jaw Worm","floor":3,"turns":3},{"damage":7,"enemies":"Small Slimes","floor":4,"turns":4},{"damage":31,"enemies":"Lagavulin","floor":6,"turns":7},{"damage":21,"enemies":"Gremlin Nob","floor":8,"turns":4},{"damage":0,"enemies":"Gremlin Gang","floor":10,"turns":1}],"seed_played":"1004331262921073570","potions_obtained":[{"floor":3,"key":"PowerPotion"}],"is_trial":false,"path_per_floor":["M","?","M","M","$","E","R","E","T","M"],"character_chosen":"DEFECT","items_purchased":["Rip and Tear"],"campfire_rested":0,"item_purchase_floors":[5],"current_hp_per_floor":[68,61,61,54,54,23,23,2,2,2],"gold":170,"neow_bonus":"TEN_PERCENT_HP_BONUS","is_prod":false,"is_daily":false,"chose_seed":false,"campfire_upgraded":1,"win_rate":0,"timestamp":1557518731,"path_taken":["M","?","M","M","?","E","R","E","T","M"],"build_version":"2019-01-23","purchased_purges":1,"victory":false,"max_hp_per_floor":[78,78,78,78,78,78,78,78,78,78],"card_choices":[{"not_picked":["Doom and Gloom","Coolheaded"],"picked":"Cold Snap","floor":1},{"not_picked":["Conserve Battery","Streamline"],"picked":"Chill","floor":3},{"not_picked":["Force Field","Go for the Eyes"],"picked":"All For One","floor":4},{"not_picked":["Leap","Sunder"],"picked":"Hologram","floor":6},{"not_picked":["Barrage","Leap"],"picked":"Turbo","floor":8}],"player_experience":4687455,"relics_obtained":[{"floor":6,"key":"MawBank"},{"floor":8,"key":"Happy Flower"},{"floor":9,"key":"Ancient Tea Set"}],"event_choices":[{"cards_removed":["Strike_B"],"damage_healed":0,"gold_gain":0,"player_choice":"Card Removal","damage_taken":7,"max_hp_gain":0,"max_hp_loss":0,"event_name":"Golden Wing","floor":2,"gold_loss":0}],"is_beta":false,"boss_relics":[],"items_purged_floors":[5],"is_endless":false,"potions_floor_spawned":[3],"killed_by":"Gremlin Gang","ascension_level":20}