{"gold_per_floor":[216,216,291,310,310,310,337,350,400,411,428,462,462,2,2,2],"floor_reached":16,"playtime":427,"items_purged":["Strike_R"],"score":171,"play_id":"b617ef41-91cd-4aef-bee2-5aa14ec44caf","local_time":"20180922000607","is_ascension_mode":true,"campfire_choices":[{"data":"Sword Boomerang","floor":6,"key":"SMITH"},{"data":"Pummel","floor":15,"key":"SMITH"}],"neow_cost":"NONE","seed_source_timestamp":41679867725375,"circlet_count":0,"master_deck":["Strike_R","Strike_R","Strike_R","Strike_R","Defend_R","Defend_R+1","Defend_R+1","Defend_R","Bash","AscendersBane","Sword Boomerang+1","Pummel+1","Thunderclap","Shockwave"],"relics":["Burning Blood","Boot","Juzu Bracelet","Matryoshka","Golden Idol","FossilizedHelix"],"potions_floor_usage":[7,7,16],"damage_taken":[{"damage":17,"enemies":"Small Slimes","floor":1,"turns":4},{"damage":4,"enemies":"Jaw Worm","floor":4,"turns":3},{"damage":39,"enemies":"3 Sentries","floor":7,"turns":12},{"damage":0,"enemies":"2 Louse","floor":8,"turns":2},{"damage":0,"enemies":"Large Slime","floor":10,"turns":4},{"damage":1,"enemies":"Exordium Thugs","floor":11,"turns":4},{"damage":16,"enemies":"Gremlin Nob","floor":12,"turns":3},{"damage":32,"enemies":"Hexaghost","floor":16,"turns":9}],"seed_played":"942008058907208173","potions_obtained":[{"floor":1,"key":"GamblersBrew"},{"floor":4,"key":"Regen Potion"},{"floor":11,"key":"LiquidBronze"}],"is_trial":false,"path_per_floor":["M","?","?","M","?","R","E","M","T","M","M","E","?","$","R"],"character_chosen":"IRONCLAD","items_purchased":["FossilizedHelix","Shockwave"],"campfire_rested":0,"item_purchase_floors":[14,14],"current_hp_per_floor":[61,45,34,36,41,41,23,29,29,35,40,30,30,30,30,0],"gold":2,"neow_bonus":"HUNDRED_GOLD","is_prod":false,"is_daily":false,"chose_seed":false,"campfire_upgraded":2,"win_rate":0,"timestamp":1537545967,"path_taken":["M","?","?","M","?","R","E","?","T","M","M","E","?","$","R","BOSS"],"build_version":"2018-09-20","purchased_purges":1,"victory":false,"max_hp_per_floor":[80,80,80,80,85,85,85,85,85,85,85,85,79,79,79,79],"card_choices":[{"not_picked":["Hemokinesis","Clash","Clothesline"],"picked":"SKIP","floor":1},{"not_picked":["Pommel Strike","Iron Wave"],"picked":"Sword Boomerang","floor":4},{"not_picked":["Sentinel","Perfected Strike","Metallicize"],"picked":"SKIP","floor":7},{"not_picked":["Anger","Warcry"],"picked":"Pummel","floor":8},{"not_picked":["Iron Wave","Entrench","Warcry"],"picked":"SKIP","floor":10},{"not_picked":["Cleave","Impervious"],"picked":"Thunderclap","floor":11},{"not_picked":["Metallicize","Flame Barrier","Rupture"],"picked":"SKIP","floor":12}],"player_experience":80250,"relics_obtained":[{"floor":7,"key":"Boot"},{"floor":9,"key":"Juzu Bracelet"},{"floor":12,"key":"Matryoshka"}],"event_choices":[{"event_name":"Shining Light","player_choice":"Entered Light","floor":2,"damage_taken":0},{"event_name":"World of Goop","player_choice":"Gather Gold","floor":3,"damage_taken":0},{"event_name":"Big Fish","player_choice":"Donut","floor":5,"damage_taken":0},{"event_name":"Golden Idol","player_choice":"Lose Max HP","floor":13,"damage_taken":0}],"is_beta":false,"boss_relics":[],"items_purged_floors":[14],"is_endless":false,"potions_floor_spawned":[1,4,11],"killed_by":"Hexaghost","ascension_level":11}