{"gold_per_floor":[114,114,114,134,151,151,163,163,186,186,219,219,252,266,266,266],"floor_reached":16,"playtime":576,"items_purged":[],"score":209,"play_id":"4489cd76-de36-4ac0-b8b7-6c1e4d81d2ba","local_time":"20181218223947","is_ascension_mode":true,"campfire_choices":[{"data":"Offering","floor":6.0,"key":"SMITH"},{"data":"Metallicize","floor":8.0,"key":"SMITH"},{"floor":12.0,"key":"REST"},{"floor":15.0,"key":"RECALL"}],"neow_cost":"PERCENT_DAMAGE","seed_source_timestamp":38234609093564,"circlet_count":0,"master_deck":["AscendersBane","Strike_R","Strike_R","Strike_R","Strike_R","Strike_R","Defend_R","Defend_R","Defend_R+1","Defend_R","Bash","Offering+1","Metallicize+1","Ghostly Armor+1","Armaments+1","Metallicize+1","Warcry+1","Dual Wield+1","True Grit+1","Offering+1"],"special_seed":0,"relics":["Burning Blood","Toxic Egg 2","Bag of Marbles","Lantern","Dream Catcher","Centennial Puzzle"],"potions_floor_usage":[16,16],"damage_taken":[{"damage":18.0,"enemies":"Jaw Worm","floor":1.0,"turns":3.0},{"damage":4.0,"enemies":"Small Slimes","floor":4.0,"turns":4.0},{"damage":2.0,"enemies":"Cultist","floor":5.0,"turns":4.0},{"damage":8.0,"enemies":"Large Slime","floor":7.0,"turns":9.0},{"damage":18.0,"enemies":"Gremlin Nob","floor":11.0,"turns":4.0},{"damage":6.0,"enemies":"Lagavulin","floor":13.0,"turns":12.0},{"damage":0.0,"enemies":"Looter","floor":14.0,"turns":4.0},{"damage":37,"enemies":"Hexaghost","floor":16,"turns":11}],"seed_played":"5245562417820943813","potions_obtained":[{"floor":1.0,"key":"AttackPotion"},{"floor":5.0,"key":"Explosive Potion"},{"floor":11.0,"key":"SpeedPotion"},{"floor":13.0,"key":"SteroidPotion"}],"is_trial":false,"path_per_floor":["M","?","T","M","M","R","M","R","T","?","E","R","E","M","R","B"],"character_chosen":"IRONCLAD","items_purchased":[],"campfire_rested":1,"item_purchase_floors":[],"current_hp_per_floor":[38,15,15,17,21,21,19,19,19,19,7,29,29,35,35,0],"gold":266,"neow_bonus":"THREE_RARE_CARDS","is_prod":false,"is_daily":false,"chose_seed":false,"campfire_upgraded":2,"win_rate":0,"timestamp":1545143987,"path_taken":["M","?","?","M","M","R","M","R","T","?","E","R","E","?","R","BOSS"],"build_version":"2018-12-13","purchased_purges":0,"victory":false,"max_hp_per_floor":[75,75,75,75,75,75,75,75,75,75,75,75,75,75,75,75],"card_choices":[{"not_picked":["Berserk","Fiend Fire"],"picked":"Offering","floor":0.0},{"not_picked":["Wild Strike","Shrug It Off"],"picked":"Metallicize","floor":1.0},{"not_picked":["Clash","Perfected Strike"],"picked":"Ghostly Armor+1","floor":4.0},{"not_picked":["Perfected Strike","Havoc+1"],"picked":"Armaments+1","floor":5.0},{"not_picked":["Pummel","Body Slam"],"picked":"Metallicize","floor":7.0},{"not_picked":["Seeing Red+1","Rupture"],"picked":"Warcry+1","floor":11.0},{"not_picked":["Headbutt","Iron Wave"],"picked":"Dual Wield+1","floor":12.0},{"not_picked":["Sword Boomerang","Heavy Blade"],"picked":"True Grit+1","floor":13.0},{"not_picked":["Pommel Strike","Clothesline"],"picked":"Offering+1","floor":14.0}],"player_experience":1359570,"relics_obtained":[{"floor":3.0,"key":"Toxic Egg 2"},{"floor":9.0,"key":"Bag of Marbles"},{"floor":11.0,"key":"Dream Catcher"},{"floor":13.0,"key":"Centennial Puzzle"}],"event_choices":[{"damage_healed":0.0,"max_hp_gain":0.0,"max_hp_loss":0.0,"gold_gain":0.0,"event_name":"Shining Light","player_choice":"Entered Light","floor":2.0,"gold_loss":0.0,"damage_taken":23.0,"cards_upgraded":["Defend_R","Metallicize"]},{"damage_healed":0.0,"max_hp_gain":0.0,"max_hp_loss":0.0,"gold_gain":0.0,"event_name":"WeMeetAgain","player_choice":"Gave Potion","floor":10.0,"gold_loss":0.0,"damage_taken":0.0,"relics_obtained":["Lantern"]}],"is_beta":false,"boss_relics":[],"items_purged_floors":[],"is_endless":false,"potions_floor_spawned":[1,5,11,13],"killed_by":"Hexaghost","ascension_level":18}