{"gold_per_floor":[114,114,128,28,40,67,67,84,106,106,114,114,114,125,125,187,187,198,13,13,21,30,30,30],"floor_reached":24,"playtime":1051,"items_purged":["Strike_R"],"score":446,"play_id":"71c04b57-3b1e-4674-a31c-bd9ba1fe3b2c","local_time":"20190130234441","is_ascension_mode":true,"campfire_choices":[{"data":"True Grit","floor":7.0,"key":"SMITH"},{"data":"Bash","floor":10.0,"key":"SMITH"},{"data":"Wild Strike","floor":12.0,"key":"SMITH"},{"data":"Power Through","floor":15.0,"key":"SMITH"},{"data":"Fiend Fire","floor":23,"key":"SMITH"}],"neow_cost":"NONE","seed_source_timestamp":42783365376205,"circlet_count":0,"master_deck":["AscendersBane","Strike_R","Strike_R","Strike_R","Strike_R","Defend_R","Defend_R","Defend_R+1","Defend_R+1","Bash+1","Evolve","Wild Strike+1","True Grit+1","Power Through+1","Impervious","Fiend Fire+1","Injury","Uppercut+1","Dropkick+1"],"special_seed":0,"relics":["Burning Blood","AscMod:CursedFlame","AscMod:MegaStarOfAscension","AscMod:CursedBank","NeowsBlessing","Dream Catcher","Centennial Puzzle","Coffee Dripper","theJungle:Creamberry","Art of War"],"potions_floor_usage":[],"damage_taken":[{"damage":0.0,"enemies":"Small Slimes","floor":1.0,"turns":1.0},{"damage":0.0,"enemies":"Cultist","floor":3.0,"turns":1.0},{"damage":0.0,"enemies":"Jaw Worm","floor":5.0,"turns":1.0},{"damage":32.0,"enemies":"Gremlin Nob","floor":6.0,"turns":4.0},{"damage":10.0,"enemies":"Blue Slaver","floor":8.0,"turns":6.0},{"damage":7.0,"enemies":"Red Slaver","floor":11.0,"turns":6.0},{"damage":0.0,"enemies":"Looter","floor":14.0,"turns":4.0},{"damage":2.0,"enemies":"The Guardian","floor":16.0,"turns":14.0},{"damage":5,"enemies":"theJungle:MUSHROOMGANG","floor":18,"turns":8},{"damage":16,"enemies":"theJungle:5_Spyders","floor":21,"turns":8},{"damage":30,"enemies":"theJungle:JungleHuntersEncounter","floor":22,"turns":6},{"damage":5,"enemies":"theJungle:2_Phrogs","floor":24,"turns":1}],"seed_played":"-73901732349207675","potions_obtained":[{"floor":2.0,"key":"EssenceOfSteel"},{"floor":2.0,"key":"EntropicBrew"},{"floor":16.0,"key":"Dexterity Potion"}],"is_trial":false,"path_per_floor":["M","?","M","$","M","E","R","M","T","R","M","R","?","M","R","B",null,"M","?","?","M","M","R","E"],"character_chosen":"IRONCLAD","items_purchased":[],"campfire_rested":0,"item_purchase_floors":[],"current_hp_per_floor":[73,73,75,75,75,48,48,43,43,43,41,41,18,23,23,26,56,56,56,56,45,20,20,15],"gold":30,"neow_bonus":"THREE_ENEMY_KILL","is_prod":false,"is_daily":false,"chose_seed":false,"campfire_upgraded":5,"win_rate":0,"timestamp":1548863081,"path_taken":["M","?","M","$","?","E","R","M","T","R","M","R","?","M","R","BOSS","M","?","?","M","?","R","E"],"build_version":"2019-01-23","purchased_purges":1,"victory":false,"max_hp_per_floor":[75,75,75,75,75,75,75,75,75,75,75,75,75,75,75,75,75,75,75,75,75,75,75,75],"card_choices":[{"not_picked":["Clash","Headbutt","Fire Breathing"],"picked":"SKIP","floor":1.0},{"not_picked":["Twin Strike","Warcry"],"picked":"Evolve","floor":3.0},{"not_picked":["Fire Breathing","Havoc"],"picked":"Wild Strike","floor":5.0},{"not_picked":["Havoc","Whirlwind"],"picked":"True Grit","floor":6.0},{"not_picked":["Iron Wave","Flame Barrier"],"picked":"Power Through","floor":8.0},{"not_picked":["Headbutt","Body Slam","Warcry"],"picked":"SKIP","floor":11.0},{"not_picked":["Dual Wield","Clash"],"picked":"Impervious","floor":14.0},{"not_picked":["Dark Embrace","Impervious"],"picked":"Fiend Fire","floor":16.0},{"not_picked":["Pummel","Heavy Blade","Havoc"],"picked":"SKIP","floor":18},{"not_picked":["Heavy Blade","Clothesline"],"picked":"Uppercut+1","floor":21},{"not_picked":["Rage+1","Bloodletting+1"],"picked":"Dropkick+1","floor":22}],"player_experience":2418392,"relics_obtained":[{"floor":6.0,"key":"Dream Catcher"},{"floor":9.0,"key":"Centennial Puzzle"}],"event_choices":[{"damage_healed":0.0,"max_hp_gain":0.0,"max_hp_loss":0.0,"gold_gain":0.0,"event_name":"Lab","player_choice":"Got Potions","floor":2.0,"gold_loss":0.0,"damage_taken":0.0},{"damage_healed":0.0,"max_hp_gain":0.0,"max_hp_loss":0.0,"gold_gain":0.0,"event_name":"Shining Light","player_choice":"Entered Light","floor":13.0,"gold_loss":0.0,"damage_taken":23.0,"cards_upgraded":["Defend_R","Defend_R"]},{"damage_healed":0,"gold_gain":0,"player_choice":"Gave Potion","damage_taken":0,"relics_obtained":["Art of War"],"max_hp_gain":0,"max_hp_loss":0,"event_name":"WeMeetAgain","floor":20,"gold_loss":0}],"is_beta":false,"boss_relics":[{"not_picked":["Pandora\u0027s Box","Busted Crown"],"picked":"Coffee Dripper"}],"items_purged_floors":[4],"is_endless":false,"potions_floor_spawned":[3,6,14,16],"killed_by":"theJungle:2_Phrogs","ascension_level":25}