{"gold_per_floor":[118,43,9,109,59,93,108,119,146,183,195,222,234,258,270,378,390,415,447,459,396,420,432,460,472],"floor_reached":25,"playtime":775,"items_purged":["Shame"],"score":266,"play_id":"7cd68d85-4e43-4e09-89f3-a6d757a48080","local_time":"20180920133307","is_ascension_mode":true,"campfire_choices":[{"data":"Flex","floor":11,"key":"SMITH"},{"data":"Hemokinesis","floor":13,"key":"SMITH"},{"floor":15,"key":"REST"},{"floor":23,"key":"REST"}],"neow_cost":"CURSE","seed_source_timestamp":2567379955910,"circlet_count":0,"master_deck":["Strike_R","Strike_R","Defend_R","Defend_R","Defend_R","Bash","Hemokinesis+1","Blood for Blood","Shrug It Off","Flex+1","Impervious","Combust","Limit Break","Ghostly Armor+1","Limit Break"],"special_seed":0,"relics":["Burning Blood","Mango","Boot","MawBank","Gremlin Horn","Empty Cage"],"potions_floor_usage":[16,16,24],"damage_taken":[{"damage":16,"enemies":"Cultist","floor":1,"turns":4},{"damage":39,"enemies":"Lagavulin","floor":6,"turns":6},{"damage":3,"enemies":"Small Slimes","floor":7,"turns":3},{"damage":9,"enemies":"2 Louse","floor":8,"turns":2},{"damage":33,"enemies":"3 Sentries","floor":10,"turns":10},{"damage":5,"enemies":"2 Fungi Beasts","floor":12,"turns":3},{"damage":11,"enemies":"Blue Slaver","floor":14,"turns":5},{"damage":24,"enemies":"The Guardian","floor":16,"turns":10},{"damage":26,"enemies":"Spheric Guardian","floor":18,"turns":4},{"damage":38,"enemies":"Shell Parasite","floor":19,"turns":8},{"damage":23,"enemies":"3 Cultists","floor":22,"turns":5},{"damage":30,"enemies":"Cultist and Chosen","floor":24,"turns":7},{"damage":0,"enemies":"Centurion and Healer","floor":25,"turns":1}],"seed_played":"-7411423024268255879","potions_obtained":[{"floor":6,"key":"PowerPotion"},{"floor":7,"key":"SteroidPotion"},{"floor":8,"key":"SkillPotion"},{"floor":16,"key":"Strength Potion"},{"floor":18,"key":"LiquidBronze"},{"floor":24,"key":"Block Potion"}],"is_trial":false,"path_per_floor":["M","$","$","?","?","E","M","M","T","E","R","M","R","M","R","B",null,"M","M","?","?","M","R","M"],"character_chosen":"IRONCLAD","items_purchased":["Blood for Blood"],"campfire_rested":2,"item_purchase_floors":[3],"current_hp_per_floor":[84,84,84,84,84,51,54,51,51,24,24,25,25,20,48,30,78,58,26,26,26,9,37,13,13],"gold":472,"neow_bonus":"ONE_RARE_RELIC","is_prod":false,"is_daily":false,"chose_seed":false,"campfire_upgraded":2,"win_rate":0,"timestamp":1537421587,"path_taken":["M","?","$","?","?","E","M","M","T","E","R","M","R","?","R","BOSS","M","M","?","?","M","R","M","?"],"build_version":"2018-09-06","purchased_purges":1,"victory":false,"max_hp_per_floor":[94,94,94,94,94,94,94,94,94,94,94,94,94,94,94,94,94,94,94,94,94,94,94,94,94],"card_choices":[{"not_picked":["Bloodletting","Havoc"],"picked":"Hemokinesis","floor":1},{"not_picked":["Anger","Entrench","Pommel Strike"],"picked":"SKIP","floor":6},{"not_picked":["Searing Blow","Headbutt","Entrench"],"picked":"SKIP","floor":7},{"not_picked":["Perfected Strike","Rampage"],"picked":"Shrug It Off","floor":8},{"not_picked":["Sword Boomerang","Metallicize"],"picked":"Flex","floor":10},{"not_picked":["Dropkick","Rage"],"picked":"Impervious","floor":12},{"not_picked":["Clothesline","Perfected Strike"],"picked":"Combust","floor":14},{"not_picked":["Impervious","Double Tap"],"picked":"Limit Break","floor":16},{"not_picked":["Corruption","Twin Strike","Sword Boomerang"],"picked":"SKIP","floor":18},{"not_picked":["Headbutt","Rage"],"picked":"Ghostly Armor+1","floor":19},{"not_picked":["Carnage+1","Power Through","Clothesline"],"picked":"SKIP","floor":22},{"not_picked":["Hemokinesis+1","Anger+1","Headbutt"],"picked":"SKIP","floor":24}],"player_experience":35573,"relics_obtained":[{"floor":6,"key":"Boot"},{"floor":9,"key":"MawBank"},{"floor":10,"key":"Gremlin Horn"}],"event_choices":[{"event_name":"Golden Shrine","player_choice":"Pray","floor":4,"damage_taken":0},{"event_name":"The Cleric","player_choice":"Card Removal","floor":5,"damage_taken":0},{"event_name":"Duplicator","player_choice":"One dupe","floor":20,"damage_taken":0},{"event_name":"Beggar","player_choice":"Gave Gold","floor":21,"damage_taken":0}],"is_beta":false,"boss_relics":[{"not_picked":["White Beast Statue","Lizard Tail"],"picked":"Empty Cage"}],"items_purged_floors":[2],"is_endless":false,"potions_floor_spawned":[6,7,8,16,18,24],"killed_by":"Centurion and Healer","ascension_level":5}