{"gold_per_floor":[112,130,55,55,55,55,72,100,127,156,172,72,91,91,91,91],"floor_reached":16,"playtime":388,"items_purged":["Doubt","Strike_R"],"score":204,"play_id":"e252e277-e82e-4ca9-a14c-b6454140be96","local_time":"20180923143509","is_ascension_mode":true,"campfire_choices":[{"data":"Flex","floor":6,"key":"SMITH"},{"floor":15,"key":"REST"}],"neow_cost":"CURSE","seed_source_timestamp":180263613712935,"circlet_count":0,"master_deck":["Strike_R","Strike_R","Strike_R","Strike_R","Defend_R","Defend_R","Defend_R","Defend_R","Bash","AscendersBane","Flex+1","Cleave","Thunderclap","Sword Boomerang"],"relics":["Burning Blood","Nunchaku","Vajra","Anchor","Lantern","Bottled Lightning"],"potions_floor_usage":[8,10,16,16],"damage_taken":[{"damage":6,"enemies":"Cultist","floor":1,"turns":3},{"damage":8,"enemies":"2 Louse","floor":2,"turns":3},{"damage":9,"enemies":"Jaw Worm","floor":7,"turns":3},{"damage":30,"enemies":"3 Sentries","floor":8,"turns":8},{"damage":30,"enemies":"Lagavulin","floor":10,"turns":5},{"damage":0,"enemies":"3 Louse","floor":11,"turns":2},{"damage":12,"enemies":"Exordium Thugs","floor":13,"turns":4},{"damage":37,"enemies":"The Guardian","floor":16,"turns":4}],"seed_played":"-7246220899582241478","potions_obtained":[{"floor":4,"key":"FearPotion"},{"floor":4,"key":"LiquidBronze"},{"floor":10,"key":"SkillPotion"},{"floor":11,"key":"AttackPotion"}],"is_trial":false,"path_per_floor":["M","M","$","?","$","R","M","E","T","E","M","$","M","T","R"],"character_chosen":"IRONCLAD","items_purchased":[],"campfire_rested":1,"item_purchase_floors":[],"current_hp_per_floor":[68,66,66,66,66,66,63,39,39,15,21,21,15,15,37,0],"gold":91,"neow_bonus":"ONE_RARE_RELIC","is_prod":false,"is_daily":false,"chose_seed":false,"campfire_upgraded":1,"win_rate":0,"timestamp":1537684509,"path_taken":["M","?","$","?","$","R","M","E","T","E","?","$","M","?","R","BOSS"],"build_version":"2018-09-20","purchased_purges":2,"victory":false,"max_hp_per_floor":[75,75,75,75,75,75,75,75,75,75,75,75,75,75,75,75],"card_choices":[{"not_picked":["Body Slam","Pommel Strike"],"picked":"Flex","floor":1},{"not_picked":["Rampage","Hemokinesis"],"picked":"Cleave","floor":2},{"not_picked":["Armaments","Heavy Blade","Dual Wield"],"picked":"SKIP","floor":7},{"not_picked":["Ghostly Armor","Metallicize"],"picked":"Thunderclap","floor":8},{"not_picked":["Dual Wield","Power Through","Sentinel"],"picked":"SKIP","floor":10},{"not_picked":["Clash","Twin Strike"],"picked":"Sword Boomerang","floor":11},{"not_picked":["Pommel Strike","Cleave","Combust"],"picked":"SKIP","floor":13}],"player_experience":101605,"relics_obtained":[{"floor":8,"key":"Vajra"},{"floor":9,"key":"Anchor"},{"floor":10,"key":"Lantern"},{"floor":14,"key":"Bottled Lightning"}],"event_choices":[{"event_name":"The Lab","player_choice":"Got Potions","floor":4,"damage_taken":0}],"is_beta":false,"boss_relics":[],"items_purged_floors":[3,12],"is_endless":false,"potions_floor_spawned":[7,10,11],"killed_by":"The Guardian","ascension_level":17}