{"gold_per_floor":[114,114,114,124,137,137,169,169,219,231,251,251,31,50,50,154,154,173,186,186,205,205,205,238,238,238,238,338,373,387,403,403,498,498,508,508,508,608,177,177,190,190,190,190,190,202,220,220,220,220],"floor_reached":51,"playtime":1092,"items_purged":["Searing Blow","Strike_R"],"score":760,"play_id":"e05a044b-26b2-4898-bef4-df3cc9ed1010","local_time":"20190804030429","is_ascension_mode":false,"campfire_choices":[{"data":"Inflame","floor":6.0,"key":"SMITH"},{"data":"Uppercut","floor":8.0,"key":"SMITH"},{"data":"Bash","floor":12.0,"key":"SMITH"},{"data":"Immolate","floor":15.0,"key":"SMITH"},{"data":"Bash","floor":23.0,"key":"SMITH"},{"data":"Offering","floor":25.0,"key":"SMITH"},{"data":"Cleave","floor":27.0,"key":"SMITH"},{"floor":32.0,"key":"REST"},{"data":"Inflame","floor":40.0,"key":"SMITH"},{"floor":44,"key":"REST"},{"data":"Berserk","floor":49,"key":"SMITH"}],"neow_cost":"NONE","seed_source_timestamp":6455349939163,"circlet_count":0,"master_deck":["Strike_R","Strike_R","Strike_R","Defend_R","Defend_R+1","Defend_R+1","Defend_R","Bash+1","Flex+1","Uppercut+1","Thunderclap","Bash+1","Cleave+1","Inflame+1","Thunderclap","Immolate+1","Immolate+1","Offering+1","Sword Boomerang+1","Intimidate+1","Heavy Blade+1","Inflame+1","Headbutt","Berserk+1"],"special_seed":0,"relics":["Burning Blood","NeowsBlessing","PreservedInsect","War Paint","Busted Crown","Dream Catcher","Red Skull","Turnip","Paper Frog","Omamori","Runic Dome","Bird Faced Urn","Membership Card","Regal Pillow","Strawberry","Bottled Tornado"],"potions_floor_usage":[50,50],"damage_taken":[{"damage":0.0,"enemies":"Jaw Worm","floor":1.0,"turns":1.0},{"damage":0.0,"enemies":"Small Slimes","floor":4.0,"turns":1.0},{"damage":0.0,"enemies":"Cultist","floor":5.0,"turns":1.0},{"damage":45.0,"enemies":"Lagavulin","floor":7.0,"turns":7.0},{"damage":3.0,"enemies":"Blue Slaver","floor":10.0,"turns":3.0},{"damage":6.0,"enemies":"Red Slaver","floor":11.0,"turns":3.0},{"damage":1.0,"enemies":"3 Louse","floor":14.0,"turns":3.0},{"damage":31.0,"enemies":"Hexaghost","floor":16.0,"turns":9.0},{"damage":6.0,"enemies":"Spheric Guardian","floor":18.0,"turns":3.0},{"damage":5.0,"enemies":"Chosen","floor":19.0,"turns":3.0},{"damage":0.0,"enemies":"Snake Plant","floor":21.0,"turns":3.0},{"damage":6.0,"enemies":"Gremlin Leader","floor":24.0,"turns":2.0},{"damage":6.0,"enemies":"Colosseum Slavers","floor":28.0,"turns":1.0},{"damage":6.0,"enemies":"Colosseum Nobs","floor":28.0,"turns":1.0},{"damage":18.0,"enemies":"Book of Stabbing","floor":29.0,"turns":3.0},{"damage":12.0,"enemies":"Centurion and Healer","floor":30.0,"turns":3.0},{"damage":10.0,"enemies":"Cultist and Chosen","floor":31.0,"turns":3.0},{"damage":23.0,"enemies":"Automaton","floor":33.0,"turns":5.0},{"damage":10.0,"enemies":"3 Shapes","floor":35.0,"turns":3.0},{"damage":0.0,"enemies":"Mind Bloom Boss Battle","floor":38.0,"turns":3.0},{"damage":25.0,"enemies":"3 Darklings","floor":41.0,"turns":3.0},{"damage":12,"enemies":"Jaw Worm Horde","floor":46,"turns":2},{"damage":16,"enemies":"Spire Growth","floor":47,"turns":3},{"damage":90,"enemies":"Donu and Deca","floor":50,"turns":6}],"seed_played":"3092675170621232994","potions_obtained":[{"floor":1.0,"key":"Explosive Potion"},{"floor":5.0,"key":"SkillPotion"},{"floor":7.0,"key":"Weak Potion"},{"floor":18.0,"key":"Energy Potion"},{"floor":19.0,"key":"Swift Potion"},{"floor":24.0,"key":"Regen Potion"},{"floor":31.0,"key":"Explosive Potion"},{"floor":35.0,"key":"Ancient Potion"},{"floor":46,"key":"Dexterity Potion"}],"is_trial":false,"path_per_floor":["M","?","?","M","M","R","E","R","T","M","M","R","$","M","R","B",null,"M","M","?","M","?","R","E","R","T","R","?","E","M","M","R","B",null,"M","?","?","?","$","R","M","?","T","R","?","M","M","?","R","B",null],"character_chosen":"IRONCLAD","items_purchased":["Immolate","Membership Card","Inflame","Regal Pillow","Strawberry"],"campfire_rested":2,"item_purchase_floors":[13,39,39,39,39],"current_hp_per_floor":[80,80,80,80,80,80,41,41,41,44,44,44,44,49,49,24,80,80,80,80,80,65,65,65,65,65,65,65,53,47,43,68,51,85,81,81,81,81,88,88,69,69,69,88,88,82,76,76,76,11],"gold":220,"neow_bonus":"THREE_ENEMY_KILL","is_prod":false,"is_daily":false,"chose_seed":false,"campfire_upgraded":9,"win_rate":0,"timestamp":1564909469,"path_taken":["M","?","?","M","M","R","E","R","T","M","?","R","$","M","R","BOSS","M","M","?","?","?","R","E","R","T","R","?","E","M","M","R","BOSS","M","?","?","?","?","R","?","?","T","R","?","M","?","?","R","BOSS"],"build_version":"2019-07-17","purchased_purges":2,"victory":true,"max_hp_per_floor":[80,80,80,80,80,80,80,80,80,80,80,80,80,80,80,80,80,80,80,80,80,85,85,85,85,85,85,85,85,85,85,85,85,85,85,85,81,81,88,88,88,88,88,88,88,88,88,88,88,88],"card_choices":[{"not_picked":["Power Through","Havoc"],"picked":"Flex","floor":1.0},{"not_picked":["Clash","Headbutt"],"picked":"Cleave","floor":4.0},{"not_picked":["Shrug It Off","Bloodletting"],"picked":"Inflame","floor":5.0},{"not_picked":["Searing Blow","Rage","Sever Soul"],"picked":"SKIP","floor":7.0},{"not_picked":["Rage","Sever Soul"],"picked":"Searing Blow","floor":7.0},{"not_picked":["Searing Blow","Heavy Blade"],"picked":"Thunderclap","floor":10.0},{"not_picked":["Dual Wield","Havoc","Searing Blow"],"picked":"SKIP","floor":11.0},{"not_picked":["Shrug It Off","Heavy Blade"],"picked":"Immolate","floor":14.0},{"not_picked":["Brutality","Reaper"],"picked":"Offering","floor":16.0},{"not_picked":[],"picked":"Sword Boomerang+1","floor":18.0},{"not_picked":["Evolve+1"],"picked":"SKIP","floor":19.0},{"not_picked":["Iron Wave"],"picked":"SKIP","floor":21.0},{"not_picked":["Warcry"],"picked":"SKIP","floor":24.0},{"not_picked":[],"picked":"Intimidate+1","floor":28.0},{"not_picked":[],"picked":"Heavy Blade+1","floor":29.0},{"not_picked":["Pommel Strike"],"picked":"SKIP","floor":30.0},{"not_picked":["Flex"],"picked":"SKIP","floor":31.0},{"not_picked":["Anger+1"],"picked":"SKIP","floor":35.0},{"not_picked":["True Grit"],"picked":"SKIP","floor":41.0},{"not_picked":[],"picked":"Headbutt","floor":44},{"not_picked":["Havoc"],"picked":"SKIP","floor":46},{"not_picked":["Body Slam+1"],"picked":"SKIP","floor":47}],"player_experience":1615755,"relics_obtained":[{"floor":7.0,"key":"PreservedInsect"},{"floor":9.0,"key":"War Paint"},{"floor":24.0,"key":"Dream Catcher"},{"floor":26.0,"key":"Red Skull"},{"floor":28.0,"key":"Turnip"},{"floor":28.0,"key":"Paper Frog"},{"floor":29.0,"key":"Omamori"},{"floor":38.0,"key":"Bird Faced Urn"},{"floor":43,"key":"Bottled Tornado"}],"event_choices":[{"damage_healed":0.0,"max_hp_gain":0.0,"max_hp_loss":0.0,"gold_gain":0.0,"event_name":"Living Wall","player_choice":"Grow","floor":2.0,"gold_loss":0.0,"damage_taken":0.0,"cards_upgraded":["Flex"]},{"damage_healed":0.0,"max_hp_gain":0.0,"max_hp_loss":0.0,"gold_gain":0.0,"event_name":"Match and Keep!","player_choice":"3 cards matched","floor":3.0,"gold_loss":0.0,"damage_taken":0.0,"cards_obtained":["Uppercut","Thunderclap","Bash"]},{"damage_healed":0.0,"max_hp_gain":0.0,"max_hp_loss":0.0,"gold_gain":0.0,"event_name":"Accursed Blacksmith","player_choice":"Forge","floor":20.0,"gold_loss":0.0,"damage_taken":0.0,"cards_upgraded":["Immolate"]},{"damage_healed":0.0,"max_hp_gain":5.0,"max_hp_loss":0.0,"gold_gain":0.0,"event_name":"Forgotten Altar","player_choice":"Shed Blood","floor":22.0,"gold_loss":0.0,"damage_taken":20.0},{"damage_healed":0.0,"max_hp_gain":0.0,"max_hp_loss":0.0,"gold_gain":0.0,"event_name":"Colosseum","player_choice":"Fight","floor":28.0,"gold_loss":0.0,"damage_taken":0.0},{"damage_healed":0.0,"max_hp_gain":0.0,"max_hp_loss":0.0,"gold_gain":0.0,"event_name":"Colosseum","player_choice":"Fought Nobs","floor":28.0,"gold_loss":0.0,"damage_taken":0.0},{"damage_healed":0.0,"max_hp_gain":0.0,"max_hp_loss":0.0,"gold_gain":0.0,"event_name":"Tomb of Lord Red Mask","player_choice":"Ignored","floor":36.0,"gold_loss":0.0,"damage_taken":0.0},{"damage_healed":0.0,"max_hp_gain":0.0,"max_hp_loss":4.0,"gold_gain":0.0,"event_name":"Winding Halls","player_choice":"Max HP","floor":37.0,"gold_loss":0.0,"damage_taken":0.0},{"damage_healed":0.0,"max_hp_gain":0.0,"max_hp_loss":0.0,"gold_gain":0.0,"event_name":"MindBloom","player_choice":"Fight","floor":38.0,"gold_loss":0.0,"damage_taken":0.0},{"damage_healed":0,"gold_gain":0,"player_choice":"Ignored","damage_taken":0,"max_hp_gain":0,"max_hp_loss":0,"event_name":"Mysterious Sphere","floor":42,"gold_loss":0},{"damage_healed":0,"gold_gain":0,"player_choice":"Bought 0 Potions","damage_taken":0,"max_hp_gain":0,"max_hp_loss":0,"event_name":"The Woman in Blue","floor":45,"gold_loss":0},{"damage_healed":0,"gold_gain":0,"cards_transformed":["Strike_R"],"player_choice":"Transformed","damage_taken":0,"max_hp_gain":0,"max_hp_loss":0,"event_name":"Transmorgrifier","floor":48,"gold_loss":0,"cards_obtained":["Berserk"]}],"is_beta":false,"boss_relics":[{"not_picked":["Black Blood","Runic Cube"],"picked":"Busted Crown"},{"not_picked":["Mark of Pain","Astrolabe"],"picked":"Runic Dome"}],"items_purged_floors":[13,39],"is_endless":false,"potions_floor_spawned":[1,5,7,18,19,24,31,35,46],"ascension_level":0}