{"gold_per_floor":[17,92,109,125,125,125,151,151,151,151,9,24,44,57,57,153,153,165,27,38,51,51,51,62,73,73,73,73,73,88,88,88,186,186,197,1196,1213,1213,1285,1285,1297,1297,1297,1311,1324,1339,544,561,561,561],"floor_reached":51,"playtime":1951,"items_purged":["Strike_B","Defend_B","Normality"],"score":1112,"play_id":"f5c3ca18-3f40-45f5-a3bf-4a698a67a16c","local_time":"20181011134400","is_ascension_mode":true,"campfire_choices":[{"data":"Streamline","floor":6,"key":"SMITH"},{"data":"Zap","floor":8,"key":"SMITH"},{"data":"Dualcast","floor":10,"key":"SMITH"},{"data":"Loop","floor":15,"key":"SMITH"},{"data":"Self Repair","floor":23,"key":"SMITH"},{"data":"White Noise","floor":32,"key":"SMITH"},{"data":"Undo","floor":40,"key":"SMITH"},{"data":"Defragment","floor":42,"key":"SMITH"},{"data":"Defragment","floor":49,"key":"SMITH"}],"neow_cost":"NO_GOLD","seed_source_timestamp":6732425201944,"circlet_count":0,"master_deck":["Defend_B","Zap+1","Dualcast+1","AscendersBane","Streamline+1","Undo+1","BootSequence","Glacier","Loop+1","White Noise+1","Gash+1","All For One+1","Electrodynamics","Capacitor+1","Self Repair+1","Coolheaded+1","Streamline+1","Auto Shields+1","All For One+1","Compile Driver+1","Creative AI+1","BootSequence+1","Defragment+1","Loop+1","Gash+1","Normality","Defragment+1","Defragment+1","Defragment+1","Conserve Battery+1","Biased Cognition","Loop"],"relics":["Cracked Core","Molten Egg 2","Cables","Coffee Dripper","Calipers","Astrolabe","Bottled Lightning","Meat on the Bone","Dodecahedron","Lee\u0027s Waffle"],"potions_floor_usage":[12,16,16,33,33,44,45,46,50],"damage_taken":[{"damage":0,"enemies":"Small Slimes","floor":1,"turns":3},{"damage":7,"enemies":"Jaw Worm","floor":3,"turns":3},{"damage":2,"enemies":"2 Louse","floor":4,"turns":2},{"damage":25,"enemies":"3 Sentries","floor":7,"turns":7},{"damage":5,"enemies":"Gremlin Gang","floor":12,"turns":4},{"damage":0,"enemies":"Large Slime","floor":13,"turns":5},{"damage":0,"enemies":"Looter","floor":14,"turns":2},{"damage":14,"enemies":"The Guardian","floor":16,"turns":7},{"damage":13,"enemies":"Shell Parasite","floor":18,"turns":5},{"damage":0,"enemies":"Spheric Guardian","floor":20,"turns":3},{"damage":21,"enemies":"Snecko","floor":21,"turns":5},{"damage":19,"enemies":"Shelled Parasite and Fungi","floor":24,"turns":6},{"damage":7,"enemies":"Centurion and Healer","floor":25,"turns":6},{"damage":20,"enemies":"Colosseum Slavers","floor":27,"turns":4},{"damage":17,"enemies":"Cultist and Chosen","floor":30,"turns":6},{"damage":4,"enemies":"Champ","floor":33,"turns":8},{"damage":0,"enemies":"3 Shapes","floor":35,"turns":4},{"damage":34,"enemies":"Orb Walker","floor":37,"turns":5},{"damage":26,"enemies":"Sphere and 2 Shapes","floor":41,"turns":6},{"damage":13,"enemies":"3 Darklings","floor":44,"turns":4},{"damage":0,"enemies":"Reptomancer","floor":45,"turns":6},{"damage":6,"enemies":"4 Shapes","floor":46,"turns":4},{"damage":0,"enemies":"Maw","floor":48,"turns":7},{"damage":0,"enemies":"Time Eater","floor":50,"turns":19}],"seed_played":"-1740399156032995554","potions_obtained":[{"floor":3,"key":"FocusPotion"},{"floor":5,"key":"PowerPotion"},{"floor":13,"key":"Explosive Potion"},{"floor":20,"key":"FocusPotion"},{"floor":25,"key":"FocusPotion"},{"floor":33,"key":"SpeedPotion"},{"floor":41,"key":"GamblersBrew"},{"floor":44,"key":"FocusPotion"},{"floor":45,"key":"Energy Potion"},{"floor":48,"key":"Block Potion"}],"is_trial":false,"path_per_floor":["M","?","M","M","?","R","E","R","T","R","$","M","M","M","R","B",null,"M","$","M","M","$","R","M","M","T","?","?","?","M","?","R","B",null,"M","?","M","?","T","R","M","R","T","M","M","M","$","M","R","B"],"character_chosen":"DEFECT","items_purchased":["Loop","Self Repair","Dodecahedron","Lee\u0027s Waffle","Biased Cognition","Explosive Potion"],"campfire_rested":0,"item_purchase_floors":[11,19,47,47,47,47],"current_hp_per_floor":[68,57,50,48,48,48,23,23,23,23,23,18,18,18,18,4,57,44,44,51,37,37,37,38,41,41,31,31,31,24,10,10,16,64,74,74,50,50,50,50,24,24,24,23,45,51,87,87,87,87],"gold":561,"neow_bonus":"REMOVE_TWO","is_prod":false,"is_daily":false,"chose_seed":false,"campfire_upgraded":9,"win_rate":0,"timestamp":1539236640,"path_taken":["M","?","M","M","?","R","E","R","T","R","?","?","M","M","R","BOSS","M","$","M","M","$","R","M","M","T","?","?","?","M","?","R","BOSS","M","?","?","?","?","R","M","R","T","?","M","M","$","M","R","BOSS"],"build_version":"2018-10-04v2","purchased_purges":3,"victory":true,"max_hp_per_floor":[75,75,75,75,75,75,75,75,75,75,75,75,75,75,75,75,75,75,75,75,75,75,75,75,75,75,75,75,75,75,80,80,80,80,80,80,80,80,80,80,80,80,80,80,80,80,87,87,87,87],"card_choices":[{"not_picked":["Stack","Redo"],"picked":"Streamline","floor":1},{"not_picked":["Chaos","Stack"],"picked":"Undo","floor":3},{"not_picked":["FTL","Heatsinks"],"picked":"BootSequence","floor":4},{"not_picked":["Stack","Cold Snap"],"picked":"Glacier","floor":7},{"not_picked":["Conserve Battery","Steam"],"picked":"White Noise","floor":12},{"not_picked":["Compile Driver+1","Sweeping Beam+1"],"picked":"Gash+1","floor":13},{"not_picked":["Streamline+1","Leap"],"picked":"All For One+1","floor":14},{"not_picked":["Buffer","Seek"],"picked":"Electrodynamics","floor":16},{"not_picked":["FTL+1","Coolheaded"],"picked":"Capacitor+1","floor":18},{"not_picked":["Leap","Sweeping Beam+1"],"picked":"Coolheaded+1","floor":20},{"not_picked":["Barrage+1","Steam"],"picked":"Streamline+1","floor":21},{"not_picked":["Redo","Turbo","Compile Driver+1"],"picked":"SKIP","floor":24},{"not_picked":["Genetic Algorithm","Hello World"],"picked":"Auto Shields+1","floor":25},{"not_picked":["Double Energy","Chaos"],"picked":"Compile Driver+1","floor":30},{"not_picked":["Machine Learning","Amplify"],"picked":"Creative AI","floor":33},{"not_picked":["FTL+1","Static Discharge+1"],"picked":"Gash+1","floor":35},{"not_picked":["Static Discharge+1","Storm+1"],"picked":"Defragment+1","floor":37},{"not_picked":["Ball Lightning+1","Cold Snap+1"],"picked":"Defragment","floor":41},{"not_picked":["Hologram+1","Double Energy"],"picked":"Defragment","floor":44},{"not_picked":["Reprogram+1","Streamline+1"],"picked":"Conserve Battery+1","floor":45},{"not_picked":["Cold Snap+1","Beam Cell+1","Steam"],"picked":"SKIP","floor":46},{"not_picked":["Leap","Reinforced Body"],"picked":"Loop","floor":48}],"player_experience":102635,"relics_obtained":[{"floor":7,"key":"Molten Egg 2"},{"floor":9,"key":"Cables"},{"floor":26,"key":"Calipers"},{"floor":39,"key":"Bottled Lightning"},{"floor":43,"key":"Meat on the Bone"}],"event_choices":[{"event_name":"World of Goop","player_choice":"Gather Gold","floor":2,"damage_taken":0},{"event_name":"The Lab","player_choice":"Got Potions","floor":5,"damage_taken":0},{"event_name":"Colosseum","player_choice":"Fight","floor":27,"damage_taken":0},{"event_name":"Colosseum","player_choice":"Fled From Nobs","floor":27,"damage_taken":0},{"event_name":"Vampires","player_choice":"Ignored","floor":28,"damage_taken":0},{"event_name":"Duplicator","player_choice":"One dupe","floor":29,"damage_taken":0},{"event_name":"Forgotten Altar","player_choice":"Shed Blood","floor":31,"damage_taken":0},{"event_name":"MindBloom","player_choice":"Gold","floor":36,"damage_taken":0},{"event_name":"Accursed Blacksmith","player_choice":"Forge","floor":38,"damage_taken":0}],"is_beta":false,"boss_relics":[{"not_picked":["Orrery","FrozenCore"],"picked":"Coffee Dripper"},{"not_picked":["Runic Dome","White Beast Statue"],"picked":"Astrolabe"}],"items_purged_floors":[11,19,47],"is_endless":false,"potions_floor_spawned":[3,7,13,14,20,25,33,41,44,45,48],"ascension_level":11}