{"gold_per_floor":[114,39,51,51,74,74,74,74,74,149,149,149,167,167,167,260,260,279,304,403,49,73,73,88,104,104,119,119,119,119,135,135,209,209,226,101,101,101,101,101,118,118,118,118,133,148,148,148,148,148],"floor_reached":50,"playtime":1155,"items_purged":["Normality","Strike_R","Strike_R"],"score":791,"play_id":"2ad4da35-60a7-461a-8e75-e02e37a723aa","local_time":"20181012205337","is_ascension_mode":true,"campfire_choices":[{"data":"Searing Blow","floor":6,"key":"SMITH"},{"data":"Searing Blow+1","floor":8,"key":"SMITH"},{"data":"Searing Blow+2","floor":12,"key":"SMITH"},{"data":"Searing Blow+4","floor":15,"key":"SMITH"},{"data":"Searing Blow+5","floor":23,"key":"SMITH"},{"data":"Searing Blow+6","floor":29,"key":"SMITH"},{"data":"Searing Blow+7","floor":32,"key":"SMITH"},{"data":"Searing Blow+8","floor":40,"key":"SMITH"},{"data":"Searing Blow+9","floor":42,"key":"SMITH"},{"data":"Searing Blow+10","floor":44,"key":"SMITH"},{"data":"Searing Blow+11","floor":47,"key":"SMITH"},{"data":"Searing Blow+12","floor":49,"key":"SMITH"}],"neow_cost":"CURSE","seed_source_timestamp":4024443390299,"circlet_count":0,"master_deck":["Strike_R+1","Strike_R","Strike_R","Defend_R","Defend_R","Defend_R","Defend_R","Bash","AscendersBane","Limit Break","Searing Blow+13","Clash+1","Impervious","Clash","J.A.X.","Reaper","Disarm"],"relics":["Burning Blood","Bloody Idol","Mummified Hand","Coffee Dripper","Gremlin Horn","Paper Frog","Cursed Key"],"potions_floor_usage":[11,16,25,27,33,41,50,50],"damage_taken":[{"damage":0,"enemies":"Small Slimes","floor":1,"turns":3},{"damage":1,"enemies":"2 Louse","floor":3,"turns":5},{"damage":8,"enemies":"Jaw Worm","floor":5,"turns":6},{"damage":0,"enemies":"3 Sentries","floor":11,"turns":1},{"damage":0,"enemies":"Large Slime","floor":13,"turns":4},{"damage":36,"enemies":"Slime Boss","floor":16,"turns":9},{"damage":12,"enemies":"2 Thieves","floor":18,"turns":4},{"damage":0,"enemies":"Chosen","floor":19,"turns":3},{"damage":5,"enemies":"Centurion and Healer","floor":22,"turns":5},{"damage":10,"enemies":"Snecko","floor":24,"turns":3},{"damage":7,"enemies":"Chosen and Byrds","floor":25,"turns":4},{"damage":17,"enemies":"Shelled Parasite and Fungi","floor":27,"turns":5},{"damage":3,"enemies":"3 Cultists","floor":31,"turns":4},{"damage":51,"enemies":"Collector","floor":33,"turns":7},{"damage":18,"enemies":"3 Darklings","floor":35,"turns":5},{"damage":3,"enemies":"3 Shapes","floor":41,"turns":5},{"damage":12,"enemies":"Maw","floor":45,"turns":6},{"damage":11,"enemies":"Reptomancer","floor":46,"turns":2},{"damage":81,"enemies":"Time Eater","floor":50,"turns":5}],"seed_played":"-5420112758635426637","potions_obtained":[{"floor":1,"key":"SpeedPotion"},{"floor":5,"key":"SmokeBomb"},{"floor":13,"key":"Swift Potion"},{"floor":22,"key":"Regen Potion"},{"floor":25,"key":"Weak Potion"},{"floor":31,"key":"SkillPotion"},{"floor":33,"key":"Weak Potion"},{"floor":41,"key":"FearPotion"}],"is_trial":false,"path_per_floor":["M","$","M","?","M","R","?","R","T","?","E","R","M","?","R","B",null,"M","M","?","$","M","R","M","M","T","M","?","R","?","M","R","B",null,"M","$","?","?","$","R","M","R","T","R","M","M","R","T","R"],"character_chosen":"IRONCLAD","items_purchased":["Gremlin Horn"],"campfire_rested":0,"item_purchase_floors":[21],"current_hp_per_floor":[74,74,75,69,67,67,72,72,72,61,67,67,73,58,58,28,63,57,63,63,63,64,64,60,68,68,57,57,57,57,65,65,25,62,59,59,59,59,59,59,71,71,71,71,70,70,70,70,70,0],"gold":148,"neow_bonus":"THREE_RARE_CARDS","is_prod":false,"is_daily":false,"chose_seed":false,"campfire_upgraded":12,"win_rate":0,"timestamp":1539348817,"path_taken":["M","$","M","?","M","R","?","R","T","?","E","R","M","?","R","BOSS","M","M","?","$","M","R","M","M","T","M","?","R","?","M","R","BOSS","M","$","?","?","$","R","M","R","T","R","M","M","R","?","R","BOSS"],"build_version":"2018-10-11","purchased_purges":3,"victory":false,"max_hp_per_floor":[75,75,75,69,69,69,74,74,74,74,74,74,74,74,74,74,74,74,74,74,74,74,74,74,74,74,74,74,74,74,74,74,74,74,74,74,74,74,74,74,74,74,74,74,74,74,74,74,74,74],"card_choices":[{"not_picked":["Demon Form","Feed"],"picked":"Limit Break","floor":0},{"not_picked":["Pummel","Pommel Strike","Clothesline"],"picked":"SKIP","floor":1},{"not_picked":["Pommel Strike","Perfected Strike","Wild Strike"],"picked":"SKIP","floor":3},{"not_picked":["Disarm","Sword Boomerang"],"picked":"Searing Blow","floor":5},{"not_picked":["Power Through","Havoc","Iron Wave"],"picked":"SKIP","floor":13},{"not_picked":["Flex","Clothesline","Heavy Blade"],"picked":"SKIP","floor":18},{"not_picked":["Headbutt","Shockwave"],"picked":"Clash+1","floor":19},{"not_picked":["Twin Strike","Pommel Strike"],"picked":"Impervious","floor":22},{"not_picked":["Rage","Headbutt"],"picked":"Clash","floor":24},{"not_picked":["Body Slam","Immolate","Shrug It Off"],"picked":"SKIP","floor":25},{"not_picked":["True Grit","Iron Wave","Power Through"],"picked":"SKIP","floor":27},{"not_picked":["Pommel Strike","Bloodletting","Pummel"],"picked":"SKIP","floor":31},{"not_picked":["Impervious","Exhume"],"picked":"Reaper","floor":33},{"not_picked":["Battle Trance","True Grit"],"picked":"Disarm","floor":35},{"not_picked":["Metallicize","Reckless Charge","Pommel Strike"],"picked":"SKIP","floor":41},{"not_picked":["Body Slam","Warcry","Evolve"],"picked":"SKIP","floor":45},{"not_picked":["Sword Boomerang+1","Cleave","Heavy Blade"],"picked":"SKIP","floor":46}],"player_experience":129061,"relics_obtained":[{"floor":9,"key":"Mummified Hand"},{"floor":26,"key":"Paper Frog"}],"event_choices":[{"event_name":"Golden Idol","player_choice":"Lose Max HP","floor":4,"damage_taken":0},{"event_name":"Big Fish","player_choice":"Donut","floor":7,"damage_taken":0},{"event_name":"World of Goop","player_choice":"Gather Gold","floor":10,"damage_taken":0},{"event_name":"Shining Light","player_choice":"Entered Light","floor":14,"damage_taken":0},{"event_name":"Nest","player_choice":"Stole From Cult","floor":20,"damage_taken":0},{"event_name":"Forgotten Altar","player_choice":"Gave Idol","floor":28,"damage_taken":0},{"event_name":"Drug Dealer","player_choice":"Got JAX","floor":30,"damage_taken":0},{"event_name":"SensoryStone","player_choice":"Memory 1","floor":37,"damage_taken":0},{"event_name":"Tomb of Lord Red Mask","player_choice":"Ignored","floor":38,"damage_taken":0}],"is_beta":false,"boss_relics":[{"not_picked":["Eternal Feather","Calling Bell"],"picked":"Coffee Dripper"},{"not_picked":["Lizard Tail","Fusion Hammer"],"picked":"Cursed Key"}],"items_purged_floors":[2,21,36],"is_endless":false,"potions_floor_spawned":[1,5,13,22,25,31,33,41],"killed_by":"Time Eater","ascension_level":14}