{"gold_per_floor":[115,135,148,163,163,197,212,212,260,260,271,271,271,286,286,388,388,400,418,418,418,418,418,438,438,438,438,438,118,118,134,134,232,232,252,262,262,162,12,12,39,39,65,82,112,128,128,145,145,145,145,145,99,132,132],"floor_reached":56,"playtime":1872,"items_purged":["Strike_G","Strike_G","Defend_G"],"score":1337,"play_id":"58066a19-e2e6-4beb-a9fb-aaed89217cda","local_time":"20181110223711","is_ascension_mode":false,"campfire_choices":[{"data":"Deadly Poison","floor":8,"key":"SMITH"},{"data":"Tools of the Trade","floor":10,"key":"SMITH"},{"data":"Neutralize","floor":13,"key":"SMITH"},{"data":"A Thousand Cuts","floor":15,"key":"SMITH"},{"data":"A Thousand Cuts","floor":23,"key":"SMITH"},{"data":"Prepared","floor":25,"key":"SMITH"},{"floor":27,"key":"RECALL"},{"data":"Well Laid Plans","floor":30,"key":"SMITH"},{"data":"Ghostly","floor":32,"key":"SMITH"},{"data":"Ghostly","floor":40,"key":"SMITH"},{"data":"Ghostly","floor":42,"key":"SMITH"},{"data":"Ghostly","floor":47,"key":"SMITH"},{"data":"Acrobatics","floor":49,"key":"SMITH"},{"data":"Ghostly","floor":52,"key":"SMITH"}],"neow_cost":"NONE","seed_source_timestamp":10522963625101,"circlet_count":0,"master_deck":["Defend_G","Defend_G","Defend_G","Defend_G","Survivor","Neutralize+1","Masterful Stab","Quick Slash","Noxious Fumes","Deadly Poison+1","Tools of the Trade+1","Heel Hook","Well Laid Plans+1","A Thousand Cuts+1","A Thousand Cuts+1","Flying Knee+1","Catalyst+1","Acrobatics+1","Prepared+1","Quick Slash","Deflect+1","Ghostly+1","Ghostly+1","Ghostly+1","Ghostly+1","Ghostly+1","Expertise+1","Prepared+1","Blur+1","Backflip","Infinite Blades+1","Cloak And Dagger+1","Prepared+1","Acrobatics"],"relics":["Ring of the Snake","NeowsBlessing","Gambling Chip","Snake Skull","GremlinMask","Sozu","Enchiridion","Pantograph","Philosopher\u0027s Stone","Kunai","Ancient Tea Set","Omamori","Bag of Preparation"],"potions_floor_usage":[55,55,55],"damage_taken":[{"damage":0,"enemies":"2 Louse","floor":1,"turns":1},{"damage":0,"enemies":"Cultist","floor":2,"turns":1},{"damage":0,"enemies":"Small Slimes","floor":3,"turns":1},{"damage":2,"enemies":"Exordium Wildlife","floor":4,"turns":4},{"damage":28,"enemies":"Gremlin Nob","floor":6,"turns":4},{"damage":4,"enemies":"2 Fungi Beasts","floor":7,"turns":3},{"damage":0,"enemies":"3 Louse","floor":11,"turns":2},{"damage":0,"enemies":"Exordium Wildlife","floor":14,"turns":2},{"damage":14,"enemies":"The Guardian","floor":16,"turns":7},{"damage":5,"enemies":"3 Byrds","floor":18,"turns":3},{"damage":0,"enemies":"Chosen","floor":19,"turns":3},{"damage":0,"enemies":"Sentry and Sphere","floor":24,"turns":3},{"damage":3,"enemies":"Snake Plant","floor":31,"turns":3},{"damage":29,"enemies":"Collector","floor":33,"turns":7},{"damage":0,"enemies":"3 Shapes","floor":35,"turns":4},{"damage":0,"enemies":"Orb Walker","floor":36,"turns":4},{"damage":0,"enemies":"Nemesis","floor":41,"turns":5},{"damage":0,"enemies":"Jaw Worm Horde","floor":44,"turns":3},{"damage":0,"enemies":"Reptomancer","floor":45,"turns":5},{"damage":0,"enemies":"Writhing Mass","floor":46,"turns":4},{"damage":2,"enemies":"3 Darklings","floor":48,"turns":4},{"damage":0,"enemies":"Awakened One","floor":50,"turns":9},{"damage":1,"enemies":"Shield and Spear","floor":54,"turns":6},{"damage":7,"enemies":"The Heart","floor":55,"turns":10}],"seed_played":"-7189929651167962885","potions_obtained":[{"floor":2,"key":"Dexterity Potion"},{"floor":3,"key":"Ancient Potion"},{"floor":4,"key":"Fire Potion"},{"floor":16,"key":"Fire Potion"}],"is_trial":false,"path_per_floor":["M","M","M","M","?","E","M","R","T","R","M","?","R","M","R","B",null,"M","M","?","?","?","R","M","R","T","R","?","$","R","M","R","B",null,"M","M","?","$","$","R","E","R","T","M","E","M","R","M","R","B",null,"R","$","E","B",null],"character_chosen":"THE_SILENT","items_purchased":["Pantograph","Backflip","Acrobatics"],"campfire_rested":0,"item_purchase_floors":[29,39,53],"current_hp_per_floor":[70,70,70,68,68,40,36,36,36,36,36,36,36,36,36,22,70,65,65,49,49,49,49,49,49,49,49,35,35,35,32,32,6,35,35,35,35,35,35,35,35,35,35,35,35,35,35,33,33,35,35,35,35,34,28],"gold":132,"neow_bonus":"THREE_ENEMY_KILL","is_prod":false,"is_daily":false,"chose_seed":false,"campfire_upgraded":13,"win_rate":0,"timestamp":1541860631,"path_taken":["M","M","M","M","?","E","?","R","T","R","M","?","R","?","R","BOSS","M","M","?","?","?","R","M","R","T","R","?","$","R","M","R","BOSS","M","M","?","?","$","R","E","R","T","M","E","M","R","M","R","BOSS","R","$","E","BOSS"],"build_version":"2018-11-08","purchased_purges":3,"victory":true,"max_hp_per_floor":[70,70,70,70,70,70,70,70,70,70,70,70,70,70,70,70,70,70,70,70,70,70,70,70,70,70,70,35,35,35,35,35,35,35,35,35,35,35,35,35,35,35,35,35,35,35,35,35,35,35,35,35,35,35,35],"card_choices":[{"not_picked":["Sucker Punch","Outmaneuver"],"picked":"Masterful Stab","floor":1},{"not_picked":["Prepared","Blade Dance"],"picked":"Quick Slash","floor":2},{"not_picked":["Deadly Poison","Bouncing Flask"],"picked":"Noxious Fumes","floor":3},{"not_picked":["Flechettes","Underhanded Strike"],"picked":"Deadly Poison","floor":4},{"not_picked":["Predator","Deflect"],"picked":"Tools of the Trade","floor":6},{"not_picked":["Dagger Spray","PiercingWail"],"picked":"Heel Hook","floor":7},{"not_picked":["Dodge and Roll","Concentrate"],"picked":"Well Laid Plans","floor":11},{"not_picked":["Cloak And Dagger","Underhanded Strike"],"picked":"A Thousand Cuts","floor":14},{"not_picked":["Glass Knife","Unload"],"picked":"A Thousand Cuts","floor":16},{"not_picked":["Deadly Poison","Riddle With Holes","Flying Knee+1"],"picked":"SKIP","floor":18},{"not_picked":["Deadly Poison","Riddle With Holes"],"picked":"Flying Knee+1","floor":18},{"not_picked":["Quick Slash","Flying Knee+1"],"picked":"Catalyst+1","floor":19},{"not_picked":["Dagger Spray","Prepared"],"picked":"Deflect+1","floor":24},{"not_picked":["Dodge and Roll","Deflect"],"picked":"Expertise+1","floor":31},{"not_picked":["Riddle With Holes","All Out Attack+1"],"picked":"Prepared+1","floor":35},{"not_picked":["Flechettes","Caltrops+1"],"picked":"Blur+1","floor":36},{"not_picked":["Concentrate","Eviscerate"],"picked":"Infinite Blades+1","floor":41},{"not_picked":["Dagger Throw","Poisoned Stab"],"picked":"Cloak And Dagger+1","floor":44},{"not_picked":["Dodge and Roll+1","Well Laid Plans","Prepared"],"picked":"SKIP","floor":45},{"not_picked":["Riddle With Holes","Corpse Explosion","Underhanded Strike+1"],"picked":"SKIP","floor":46},{"not_picked":["Caltrops","Dagger Spray"],"picked":"Prepared+1","floor":48},{"not_picked":["Endless Agony","Acrobatics","A Thousand Cuts"],"picked":"SKIP","floor":54}],"player_experience":1013705,"relics_obtained":[{"floor":6,"key":"Gambling Chip"},{"floor":9,"key":"Snake Skull"},{"floor":20,"key":"Enchiridion"},{"floor":41,"key":"Kunai"},{"floor":43,"key":"Ancient Tea Set"},{"floor":45,"key":"Omamori"},{"floor":54,"key":"Bag of Preparation"}],"event_choices":[{"damage_healed":0,"gold_gain":0,"player_choice":"Bought 0 Potions","damage_taken":0,"max_hp_gain":0,"max_hp_loss":0,"event_name":"The Woman in Blue","floor":5,"gold_loss":0},{"damage_healed":0,"gold_gain":0,"player_choice":"Trade","damage_taken":0,"relics_obtained":["GremlinMask"],"max_hp_gain":0,"max_hp_loss":0,"event_name":"FaceTrader","floor":12,"gold_loss":0},{"damage_healed":0,"gold_gain":0,"player_choice":"Obtained Book","damage_taken":16,"max_hp_gain":0,"max_hp_loss":0,"event_name":"Cursed Tome","floor":20,"gold_loss":0},{"damage_healed":0,"gold_gain":0,"player_choice":"Read","damage_taken":0,"max_hp_gain":0,"max_hp_loss":0,"event_name":"The Library","floor":21,"gold_loss":0,"cards_obtained":["Acrobatics"]},{"damage_healed":0,"gold_gain":0,"cards_transformed":["Strike_G","Strike_G"],"player_choice":"Became Test Subject","damage_taken":0,"max_hp_gain":0,"max_hp_loss":0,"event_name":"Drug Dealer","floor":22,"gold_loss":0,"cards_obtained":["Prepared","Quick Slash"]},{"damage_healed":0,"gold_gain":0,"player_choice":"Became a Ghost","damage_taken":0,"max_hp_gain":0,"max_hp_loss":35,"event_name":"Ghosts","floor":28,"gold_loss":0,"cards_obtained":["Ghostly","Ghostly","Ghostly","Ghostly","Ghostly"]},{"cards_removed":["Strike_G"],"damage_healed":0,"gold_gain":0,"player_choice":"Purged","damage_taken":0,"max_hp_gain":0,"max_hp_loss":0,"event_name":"Purifier","floor":37,"gold_loss":0}],"is_beta":true,"boss_relics":[{"not_picked":["Black Star","WristBlade"],"picked":"Sozu"},{"not_picked":["Runic Pyramid","Astrolabe"],"picked":"Philosopher\u0027s Stone"}],"items_purged_floors":[29,38,39],"is_endless":false,"potions_floor_spawned":[2,3,4,16,18,24,31,44,46,48],"ascension_level":0}