{"gold_per_floor":[12,12,24,36,36,36,53,53,80,80,155,169,169,182,182,275,275,291,291,291,122,122,122,455,455,455,475,475,486,500,9,9,86,86,102,102,102,115,126,189,189,207,207,225,225,236,269,144,144,144,144,144,144,144,173,173],"floor_reached":57,"playtime":3391,"items_purged":["Strike_G","Defend_G+1","Expertise"],"score":3169,"play_id":"f1f87c28-eb52-435d-9e61-d45e2b551954","local_time":"20190730105935","is_ascension_mode":true,"campfire_choices":[{"data":"Noxious Fumes","floor":6.0,"key":"SMITH"},{"data":"Well Laid Plans","floor":13.0,"key":"SMITH"},{"data":"Calculated Gamble","floor":15.0,"key":"SMITH"},{"data":"Deep Breath","floor":23.0,"key":"SMITH"},{"data":"Catalyst","floor":28.0,"key":"SMITH"},{"data":"Concentrate","floor":32.0,"key":"SMITH"},{"data":"Acrobatics","floor":41.0,"key":"SMITH"},{"floor":49.0,"key":"RECALL"},{"data":"Corpse Explosion","floor":53.0,"key":"SMITH"}],"neow_cost":"NO_GOLD","seed_source_timestamp":0,"circlet_count":0,"master_deck":["AscendersBane","Defend_G+1","Defend_G+1","Survivor","Noxious Fumes+1","Calculated Gamble+1","Well Laid Plans+1","Escape Plan","Corpse Explosion+1","Concentrate+1","Blur","Deep Breath+1","Catalyst+1","Backflip+1","Adrenaline","Deep Breath+1","Acrobatics+1","Reflex+1"],"special_seed":0,"relics":["Ring of the Snake","Blood Vial","Bloody Idol","Oddly Smooth Stone","Philosopher\u0027s Stone","Old Coin","Juzu Bracelet","ClockworkSouvenir","Empty Cage","Tiny Chest","Tough Bandages","Ninja Scroll","Strawberry"],"potions_floor_usage":[56,56],"damage_taken":[{"damage":0.0,"enemies":"2 Louse","floor":1.0,"turns":3.0},{"damage":4.0,"enemies":"Small Slimes","floor":3.0,"turns":4.0},{"damage":4.0,"enemies":"Jaw Worm","floor":4.0,"turns":6.0},{"damage":1.0,"enemies":"2 Fungi Beasts","floor":7.0,"turns":4.0},{"damage":11.0,"enemies":"Exordium Wildlife","floor":12.0,"turns":6.0},{"damage":0.0,"enemies":"Looter","floor":14.0,"turns":4.0},{"damage":0.0,"enemies":"The Guardian","floor":16.0,"turns":13.0},{"damage":26.0,"enemies":"3 Byrds","floor":18.0,"turns":4.0},{"damage":4.0,"enemies":"Gremlin Leader","floor":24.0,"turns":8.0},{"damage":0.0,"enemies":"Chosen","floor":27.0,"turns":6.0},{"damage":6.0,"enemies":"Centurion and Healer","floor":29.0,"turns":5.0},{"damage":3.0,"enemies":"Chosen and Byrds","floor":30.0,"turns":5.0},{"damage":8.0,"enemies":"Champ","floor":33.0,"turns":12.0},{"damage":0.0,"enemies":"3 Shapes","floor":35.0,"turns":5.0},{"damage":5.0,"enemies":"3 Darklings","floor":38.0,"turns":4.0},{"damage":0.0,"enemies":"Writhing Mass","floor":39.0,"turns":4.0},{"damage":0.0,"enemies":"Giant Head","floor":40.0,"turns":7.0},{"damage":0.0,"enemies":"Transient","floor":42.0,"turns":6.0},{"damage":0.0,"enemies":"3 Darklings","floor":44.0,"turns":2.0},{"damage":0.0,"enemies":"Maw","floor":46.0,"turns":4.0},{"damage":17.0,"enemies":"Nemesis","floor":47.0,"turns":7.0},{"damage":0.0,"enemies":"Donu and Deca","floor":50.0,"turns":4.0},{"damage":0.0,"enemies":"Awakened One","floor":51.0,"turns":8.0},{"damage":0.0,"enemies":"Shield and Spear","floor":55.0,"turns":3.0},{"damage":7,"enemies":"The Heart","floor":56,"turns":11}],"seed_played":"1099966588074175345","potions_obtained":[{"floor":3.0,"key":"Fruit Juice"},{"floor":7.0,"key":"Swift Potion"},{"floor":12.0,"key":"SteroidPotion"},{"floor":18.0,"key":"Ancient Potion"},{"floor":27.0,"key":"GamblersBrew"},{"floor":35.0,"key":"Strength Potion"},{"floor":47.0,"key":"LiquidBronze"}],"is_trial":false,"path_per_floor":["M","?","M","M","?","R","M","?","T","?","?","M","R","M","R","B",null,"M","?","?","$","?","R","E","?","T","M","R","M","M","$","R","B",null,"M","?","$","M","M","E","R","M","T","M","?","M","E","$","R","B","B",null,"R","$","E","B",null],"character_chosen":"THE_SILENT","items_purchased":["Deep Breath","Juzu Bracelet","ClockworkSouvenir"],"campfire_rested":0,"item_purchase_floors":[21,31,31],"current_hp_per_floor":[59,59,60,56,51,51,52,52,52,52,41,32,32,34,34,36,57,33,33,33,33,33,33,41,41,41,48,48,49,53,53,53,52,61,64,64,64,64,64,64,64,64,64,64,64,64,52,52,52,54,56,62,62,62,71,64],"gold":173,"neow_bonus":"REMOVE_TWO","is_prod":false,"is_daily":false,"chose_seed":false,"campfire_upgraded":8,"win_rate":0,"timestamp":1564451975,"path_taken":["M","?","M","M","?","R","M","?","T","?","?","M","R","?","R","BOSS","M","?","?","$","?","R","E","?","T","M","R","?","M","$","R","BOSS","M","?","$","M","M","E","R","M","T","M","?","M","E","$","R","BOSS","BOSS","R","$","E","BOSS"],"build_version":"2019-07-17","purchased_purges":3,"victory":true,"max_hp_per_floor":[66,66,71,71,71,71,71,64,64,64,64,64,64,64,64,64,64,64,64,64,64,64,64,64,64,64,64,64,64,64,64,64,64,64,64,64,64,64,64,64,64,64,64,64,64,64,64,64,64,64,64,64,64,64,71,71],"card_choices":[{"not_picked":["Quick Slash","PiercingWail"],"picked":"Noxious Fumes","floor":1.0},{"not_picked":["Distraction","Predator"],"picked":"Calculated Gamble","floor":3.0},{"not_picked":["Dagger Spray","Quick Slash","Underhanded Strike"],"picked":"SKIP","floor":4.0},{"not_picked":["Poisoned Stab","Endless Agony"],"picked":"Well Laid Plans","floor":7.0},{"not_picked":["Dodge and Roll","Slice","Cloak And Dagger"],"picked":"SKIP","floor":12.0},{"not_picked":["Deflect","Calculated Gamble"],"picked":"Escape Plan","floor":14.0},{"not_picked":["Doppelganger","Unload"],"picked":"Corpse Explosion","floor":16.0},{"not_picked":["Heel Hook","Crippling Poison","Quick Slash"],"picked":"SKIP","floor":18.0},{"not_picked":["Deflect","Prepared+1","Blade Dance"],"picked":"SKIP","floor":24.0},{"not_picked":["Sucker Punch","Underhanded Strike"],"picked":"Catalyst","floor":27.0},{"not_picked":["Dodge and Roll","Dash"],"picked":"Backflip+1","floor":29.0},{"not_picked":["Flying Knee","Concentrate","Prepared"],"picked":"SKIP","floor":30.0},{"not_picked":["A Thousand Cuts","After Image"],"picked":"Adrenaline","floor":33.0},{"not_picked":["Quick Slash+1","Bane","Underhanded Strike"],"picked":"SKIP","floor":35.0},{"not_picked":["Leg Sweep+1","Dash"],"picked":"Expertise","floor":38.0},{"not_picked":["Eviscerate","Heel Hook+1","Escape Plan"],"picked":"SKIP","floor":39.0},{"not_picked":["Crippling Poison","Infinite Blades"],"picked":"Acrobatics","floor":40.0},{"not_picked":["Underhanded Strike","Dagger Throw","Blade Dance+1"],"picked":"SKIP","floor":42.0},{"not_picked":["Dagger Spray","Caltrops"],"picked":"Reflex+1","floor":44.0},{"not_picked":["Acrobatics+1","Caltrops","Flying Knee"],"picked":"SKIP","floor":46.0},{"not_picked":["Acrobatics","Backflip+1","Corpse Explosion"],"picked":"SKIP","floor":47.0},{"not_picked":["Poisoned Stab","PiercingWail","Backflip"],"picked":"SKIP","floor":55.0}],"player_experience":681514,"relics_obtained":[{"floor":9.0,"key":"Oddly Smooth Stone"},{"floor":24.0,"key":"Old Coin"},{"floor":40.0,"key":"Tiny Chest"},{"floor":43.0,"key":"Tough Bandages"},{"floor":47.0,"key":"Ninja Scroll"},{"floor":55.0,"key":"Strawberry"}],"event_choices":[{"damage_healed":0.0,"max_hp_gain":0.0,"max_hp_loss":0.0,"gold_gain":0.0,"cards_transformed":["Strike_G"],"event_name":"Living Wall","player_choice":"Change","floor":2.0,"gold_loss":0.0,"damage_taken":0.0,"cards_obtained":["Endless Agony"]},{"damage_healed":0.0,"max_hp_gain":0.0,"max_hp_loss":0.0,"gold_gain":0.0,"event_name":"Scrap Ooze","player_choice":"Success","floor":5.0,"gold_loss":0.0,"damage_taken":5.0,"relics_obtained":["Blood Vial"]},{"damage_healed":0.0,"max_hp_gain":0.0,"max_hp_loss":7.0,"gold_gain":0.0,"event_name":"Golden Idol","player_choice":"Lose Max HP","floor":8.0,"gold_loss":0.0,"damage_taken":0.0,"relics_obtained":["Golden Idol"]},{"damage_healed":0.0,"max_hp_gain":0.0,"max_hp_loss":0.0,"gold_gain":0.0,"event_name":"Liars Game","player_choice":"Ignored","floor":10.0,"gold_loss":0.0,"damage_taken":0.0},{"damage_healed":0.0,"max_hp_gain":0.0,"max_hp_loss":0.0,"gold_gain":75.0,"event_name":"World of Goop","player_choice":"Gather Gold","floor":11.0,"gold_loss":0.0,"damage_taken":11.0},{"damage_healed":0.0,"max_hp_gain":0.0,"max_hp_loss":0.0,"gold_gain":0.0,"cards_transformed":["Strike_G","Strike_G"],"event_name":"Drug Dealer","player_choice":"Became Test Subject","floor":19.0,"gold_loss":0.0,"damage_taken":0.0,"cards_obtained":["Concentrate","Blur"]},{"damage_healed":0.0,"max_hp_gain":0.0,"max_hp_loss":0.0,"gold_gain":0.0,"event_name":"Cursed Tome","player_choice":"Ignored","floor":20.0,"gold_loss":0.0,"damage_taken":0.0},{"damage_healed":0.0,"max_hp_gain":0.0,"max_hp_loss":0.0,"gold_gain":0.0,"event_name":"Forgotten Altar","player_choice":"Gave Idol","floor":22.0,"relics_lost":["Golden Idol"],"gold_loss":0.0,"damage_taken":0.0,"relics_obtained":["Bloody Idol"]},{"damage_healed":0.0,"max_hp_gain":0.0,"max_hp_loss":0.0,"gold_gain":0.0,"event_name":"Back to Basics","player_choice":"Simplicity","floor":25.0,"gold_loss":0.0,"damage_taken":0.0,"cards_upgraded":["Defend_G","Defend_G","Defend_G","Defend_G"]},{"damage_healed":0.0,"max_hp_gain":0.0,"max_hp_loss":0.0,"gold_gain":0.0,"event_name":"Duplicator","player_choice":"Copied","floor":36.0,"gold_loss":0.0,"damage_taken":0.0,"cards_obtained":["Deep Breath"]},{"cards_removed":["Neutralize"],"damage_healed":0.0,"max_hp_gain":0.0,"max_hp_loss":0.0,"gold_gain":0.0,"event_name":"Falling","player_choice":"Removed Attack","floor":45.0,"gold_loss":0.0,"damage_taken":0.0}],"is_beta":false,"boss_relics":[{"not_picked":["Calling Bell","Velvet Choker"],"picked":"Philosopher\u0027s Stone"},{"not_picked":["Eternal Feather","Runic Dome"],"picked":"Empty Cage"}],"items_purged_floors":[21,31,48],"is_endless":false,"potions_floor_spawned":[3,7,12,18,27,35,38,44,47],"ascension_level":20}