{"gold_per_floor":[118,118,136,147,159,193,193,219,219,24,58,0,0,28,28,99,99,109,109,129,142,142,142,142],"floor_reached":24,"playtime":1289,"items_purged":["Strike_G"],"score":498,"play_id":"bb602152-6a0d-4cf3-9d8d-22a7e3767ecc","local_time":"20190407195137","is_ascension_mode":true,"campfire_choices":[{"data":"Discovery","floor":7.0,"key":"SMITH"},{"floor":13.0,"key":"REST"},{"data":"Neutralize","floor":15.0,"key":"SMITH"},{"data":"Acrobatics","floor":23,"key":"SMITH"}],"neow_cost":"PERCENT_DAMAGE","seed_source_timestamp":24522120139933,"circlet_count":0,"master_deck":["AscendersBane","Defend_G","Defend_G","Defend_G","Defend_G","Defend_G","Strike_G","Strike_G","Strike_G","Survivor","Neutralize+1","Panacea","Discovery+1","Calculated Gamble","Heel Hook","Deadly Poison","Dagger Throw","Tools of the Trade","Masterful Stab+1","Footwork","Tactician","Infinite Blades","Adrenaline","Infinite Blades","Noxious Fumes","Dash+1","Footwork","PiercingWail","Expertise","Acrobatics+1","Tactician"],"special_seed":0,"relics":["Ring of the Snake","Molten Egg 2","Juzu Bracelet","Mummified Hand","Calipers","Oddly Smooth Stone","Orrery"],"potions_floor_usage":[],"damage_taken":[{"damage":0.0,"enemies":"2 Louse","floor":1.0,"turns":2.0},{"damage":0.0,"enemies":"Small Slimes","floor":3.0,"turns":2.0},{"damage":0.0,"enemies":"Cultist","floor":4.0,"turns":4.0},{"damage":1.0,"enemies":"Looter","floor":5.0,"turns":4.0},{"damage":19.0,"enemies":"3 Sentries","floor":6.0,"turns":5.0},{"damage":10.0,"enemies":"Lagavulin","floor":8.0,"turns":6.0},{"damage":11.0,"enemies":"Gremlin Nob","floor":11.0,"turns":4.0},{"damage":0.0,"enemies":"Lagavulin","floor":14.0,"turns":7.0},{"damage":28.0,"enemies":"Slime Boss","floor":16.0,"turns":8.0},{"damage":0.0,"enemies":"Spheric Guardian","floor":18.0,"turns":5.0},{"damage":11,"enemies":"Shell Parasite","floor":20,"turns":5},{"damage":6,"enemies":"Cultist and Chosen","floor":21,"turns":6},{"damage":14,"enemies":"Gremlin Leader","floor":24,"turns":4}],"seed_played":"-4830327532467627402","potions_obtained":[{"floor":3.0,"key":"Strength Potion"},{"floor":4.0,"key":"Regen Potion"},{"floor":6.0,"key":"AttackPotion"},{"floor":11.0,"key":"Poison Potion"},{"floor":20,"key":"LiquidBronze"}],"is_trial":false,"path_per_floor":["M","?","M","M","M","E","R","E","T","$","E","?","R","E","R","B",null,"M","?","M","M","?","R","E"],"character_chosen":"THE_SILENT","items_purchased":["Footwork","GhostInAJar"],"campfire_rested":1,"item_purchase_floors":[10,10],"current_hp_per_floor":[44,37,37,37,36,32,32,22,22,22,11,11,30,30,30,2,50,50,50,39,33,15,15,1],"gold":142,"neow_bonus":"RANDOM_COLORLESS_2","is_prod":false,"is_daily":false,"chose_seed":false,"campfire_upgraded":3,"win_rate":0,"timestamp":1554637897,"path_taken":["M","?","M","M","M","E","R","E","T","$","E","?","R","E","R","BOSS","M","?","M","M","?","R","E"],"build_version":"2019-01-23","purchased_purges":1,"victory":false,"max_hp_per_floor":[66,66,66,66,66,66,66,66,66,66,66,66,66,66,66,66,66,66,66,66,66,71,71,71],"card_choices":[{"not_picked":["Reflex","Dagger Throw"],"picked":"Calculated Gamble","floor":1.0},{"not_picked":["Bane","Slice"],"picked":"Heel Hook","floor":3.0},{"not_picked":["Skewer","Slice"],"picked":"Deadly Poison","floor":4.0},{"not_picked":["Deadly Poison","Backflip"],"picked":"Dagger Throw","floor":5.0},{"not_picked":["Sucker Punch","Deadly Poison"],"picked":"Tools of the Trade","floor":6.0},{"not_picked":["Caltrops","Dagger Spray+1"],"picked":"Masterful Stab+1","floor":8.0},{"not_picked":["Endless Agony+1","Slice+1"],"picked":"Tactician","floor":11.0},{"not_picked":["Flechettes+1","Backstab+1"],"picked":"Infinite Blades","floor":14.0},{"not_picked":["Storm of Steel","Phantasmal Killer"],"picked":"Adrenaline","floor":16.0},{"not_picked":["Underhanded Strike+1","Blade Dance"],"picked":"Infinite Blades","floor":17.0},{"not_picked":["Deadly Poison","Acrobatics"],"picked":"Noxious Fumes","floor":17.0},{"not_picked":["Finisher+1","Eviscerate+1"],"picked":"Dash+1","floor":17.0},{"not_picked":["Acrobatics","Dodge and Roll"],"picked":"Footwork","floor":17.0},{"not_picked":["Dodge and Roll","Bane+1"],"picked":"PiercingWail","floor":17.0},{"not_picked":["Noxious Fumes","Bane+1"],"picked":"Expertise","floor":18.0},{"not_picked":["Dagger Throw+1","Sucker Punch+1"],"picked":"Acrobatics","floor":20},{"not_picked":["Footwork","Underhanded Strike+1"],"picked":"Tactician","floor":21}],"player_experience":4132479,"relics_obtained":[{"floor":6.0,"key":"Molten Egg 2"},{"floor":8.0,"key":"Juzu Bracelet"},{"floor":9.0,"key":"Mummified Hand"},{"floor":11.0,"key":"Calipers"},{"floor":14.0,"key":"Oddly Smooth Stone"}],"event_choices":[{"cards_removed":["Strike_G"],"damage_healed":0.0,"max_hp_gain":0.0,"max_hp_loss":0.0,"gold_gain":0.0,"event_name":"Golden Wing","player_choice":"Card Removal","floor":2.0,"gold_loss":0.0,"damage_taken":7.0},{"damage_healed":0.0,"max_hp_gain":0.0,"max_hp_loss":0.0,"gold_gain":0.0,"event_name":"World of Goop","player_choice":"Left Gold","floor":12.0,"gold_loss":58.0,"damage_taken":0.0},{"damage_healed":0,"gold_gain":0,"player_choice":"Ignored","damage_taken":0,"max_hp_gain":0,"max_hp_loss":0,"event_name":"The Mausoleum","floor":19,"gold_loss":0},{"damage_healed":0,"gold_gain":0,"player_choice":"Shed Blood","damage_taken":23,"max_hp_gain":5,"max_hp_loss":0,"event_name":"Forgotten Altar","floor":22,"gold_loss":0}],"is_beta":false,"boss_relics":[{"not_picked":["Snecko Eye","WristBlade"],"picked":"Orrery"}],"items_purged_floors":[10],"is_endless":false,"potions_floor_spawned":[3,4,6,11,20],"killed_by":"Gremlin Leader","ascension_level":20}