{"gold_per_floor":[359,127,127,27,27,66,66,66,66,90,90,111,130,151,151,279,279,299,299,398,416,291,291,321,321,321,349,349,363,383,158,158,256,256,269,94,108,163,236,236,336,351,376,388,388,4,4,34,34,34],"floor_reached":51,"playtime":5043,"items_purged":["Strike_B","Strike_B","Strike_B+1","Strike_B+1","Defend_B","Doubt"],"score":814,"play_id":"b8e049f5-3eea-4767-8afe-a944b02315d4","local_time":"20190619200508","is_ascension_mode":false,"campfire_choices":[{"data":"Darkness","floor":8.0,"key":"SMITH"},{"data":"Redo","floor":11.0,"key":"SMITH"},{"data":"Loop","floor":15.0,"key":"SMITH"},{"data":"Multi-Cast","floor":23.0,"key":"SMITH"},{"data":"Genetic Algorithm","floor":25.0,"key":"SMITH"},{"data":"Zap","floor":32.0,"key":"SMITH"},{"data":"Defend_B","floor":40.0,"key":"SMITH"},{"data":"Defend_B","floor":45.0,"key":"SMITH"},{"floor":49.0,"key":"RECALL"}],"neow_cost":"TEN_PERCENT_HP_LOSS","seed_source_timestamp":31938441592362,"circlet_count":0,"master_deck":["Defend_B+1","Defend_B+1","Defend_B+1","Zap+1","Dualcast+1","Compile Driver+1","Darkness+1","Genetic Algorithm+1","Redo+1","Loop+1","Multi-Cast+1","Skim+1","Double Energy+1","Reboot+1","Reinforced Body+1","Parasite","Purity+1"],"special_seed":0,"relics":["Cracked Core","Bloody Idol","Whetstone","Letter Opener","Blood Vial","Busted Crown","Toxic Egg 2","Anchor","Red Mask","Bag of Preparation","Cursed Key","Pocketwatch","Dodecahedron","Centennial Puzzle","Mark of the Bloom","Ornamental Fan"],"potions_floor_usage":[50,50,50],"damage_taken":[{"damage":6.0,"enemies":"Jaw Worm","floor":1.0,"turns":4.0},{"damage":8.0,"enemies":"Lagavulin","floor":6.0,"turns":5.0},{"damage":0.0,"enemies":"Small Slimes","floor":12.0,"turns":2.0},{"damage":0.0,"enemies":"2 Louse","floor":13.0,"turns":1.0},{"damage":0.0,"enemies":"2 Fungi Beasts","floor":14.0,"turns":2.0},{"damage":20.0,"enemies":"Slime Boss","floor":16.0,"turns":7.0},{"damage":1.0,"enemies":"2 Thieves","floor":18.0,"turns":3.0},{"damage":0.0,"enemies":"3 Byrds","floor":21.0,"turns":3.0},{"damage":17.0,"enemies":"Slavers","floor":24.0,"turns":3.0},{"damage":3.0,"enemies":"Masked Bandits","floor":27.0,"turns":3.0},{"damage":0.0,"enemies":"Cultist and Chosen","floor":29.0,"turns":4.0},{"damage":0.0,"enemies":"Centurion and Healer","floor":30.0,"turns":3.0},{"damage":2.0,"enemies":"Champ","floor":33.0,"turns":4.0},{"damage":1.0,"enemies":"3 Darklings","floor":35.0,"turns":3.0},{"damage":0.0,"enemies":"3 Shapes","floor":37.0,"turns":1.0},{"damage":0.0,"enemies":"2 Orb Walkers","floor":38.0,"turns":3.0},{"damage":0.0,"enemies":"Spire Growth","floor":42.0,"turns":2.0},{"damage":0.0,"enemies":"3 Darklings","floor":44.0,"turns":1.0},{"damage":0.0,"enemies":"Nemesis","floor":48.0,"turns":3.0},{"damage":15,"enemies":"Awakened One","floor":50,"turns":4}],"seed_played":"-785051410394573300","potions_obtained":[{"floor":6.0,"key":"EntropicBrew"},{"floor":16.0,"key":"Explosive Potion"},{"floor":18.0,"key":"GamblersBrew"},{"floor":30.0,"key":"Fire Potion"},{"floor":33.0,"key":"GamblersBrew"},{"floor":38.0,"key":"Dexterity Potion"}],"is_trial":false,"path_per_floor":["M","$","?","$","?","E","?","R","T","T","R","M","M","M","R","B",null,"M","?","?","M","$","R","E","R","T","?","T","M","M","$","R","B",null,"M","$","M","?","T","R","?","M","T","M","R","$","?","E","R","B",null],"character_chosen":"DEFECT","items_purchased":["Darkness","Genetic Algorithm","Double Energy+1","Purity+1","Swift Potion","Weak Potion"],"campfire_rested":0,"item_purchase_floors":[2,2,31,46,46,46],"current_hp_per_floor":[62,62,48,48,48,40,40,40,40,40,40,42,44,46,46,28,63,62,62,63,63,63,63,51,51,51,55,55,62,63,63,63,63,63,63,63,63,63,63,63,63,63,63,63,63,63,63,63,63,48],"gold":34,"neow_bonus":"TWO_FIFTY_GOLD","is_prod":false,"is_daily":false,"chose_seed":false,"campfire_upgraded":8,"win_rate":0,"timestamp":1560945908,"path_taken":["M","$","?","$","?","E","?","R","T","?","R","M","M","M","R","BOSS","M","?","?","M","?","R","E","R","T","?","?","?","M","$","R","BOSS","M","$","M","?","?","R","?","?","T","M","R","$","?","E","R","BOSS"],"build_version":"2019-01-23","purchased_purges":6,"victory":true,"max_hp_per_floor":[68,68,68,68,63,63,63,63,63,63,63,63,63,63,63,63,63,63,63,63,63,63,63,63,63,63,63,63,63,63,63,63,63,63,63,63,63,63,63,63,63,63,63,63,63,63,63,63,63,63],"card_choices":[{"not_picked":["Sweeping Beam","Reprogram"],"picked":"Compile Driver","floor":1.0},{"not_picked":["Hyperbeam","Undo"],"picked":"Redo","floor":6.0},{"not_picked":["Reprogram","Streamline","Barrage"],"picked":"SKIP","floor":12.0},{"not_picked":["Conserve Battery","Barrage","Gash"],"picked":"SKIP","floor":13.0},{"not_picked":["Beam Cell","Reprogram"],"picked":"Loop","floor":14.0},{"not_picked":["Electrodynamics","Seek"],"picked":"Multi-Cast","floor":16.0},{"not_picked":["Consume"],"picked":"SKIP","floor":18.0},{"not_picked":[],"picked":"Skim+1","floor":21.0},{"not_picked":["Gash+1"],"picked":"SKIP","floor":24.0},{"not_picked":["Compile Driver"],"picked":"SKIP","floor":29.0},{"not_picked":["Beam Cell"],"picked":"SKIP","floor":30.0},{"not_picked":[],"picked":"Reboot+1","floor":33.0},{"not_picked":["Fusion+1"],"picked":"SKIP","floor":35.0},{"not_picked":["Stack+1"],"picked":"SKIP","floor":37.0},{"not_picked":[],"picked":"Reinforced Body+1","floor":38.0},{"not_picked":["Turbo+1"],"picked":"SKIP","floor":42.0},{"not_picked":["Compile Driver"],"picked":"SKIP","floor":44.0},{"not_picked":["Darkness+1"],"picked":"SKIP","floor":48.0}],"player_experience":5467020,"relics_obtained":[{"floor":6.0,"key":"Whetstone"},{"floor":9.0,"key":"Letter Opener"},{"floor":10.0,"key":"Blood Vial"},{"floor":24.0,"key":"Toxic Egg 2"},{"floor":26.0,"key":"Anchor"},{"floor":27.0,"key":"Red Mask"},{"floor":28.0,"key":"Bag of Preparation"},{"floor":38.0,"key":"Pocketwatch"},{"floor":39.0,"key":"Dodecahedron"},{"floor":43.0,"key":"Centennial Puzzle"},{"floor":48.0,"key":"Ornamental Fan"}],"event_choices":[{"damage_healed":0.0,"max_hp_gain":0.0,"max_hp_loss":0.0,"gold_gain":0.0,"event_name":"Shining Light","player_choice":"Entered Light","floor":3.0,"gold_loss":0.0,"damage_taken":14.0,"cards_upgraded":["Dualcast","Compile Driver"]},{"damage_healed":0.0,"max_hp_gain":0.0,"max_hp_loss":5.0,"gold_gain":0.0,"event_name":"Golden Idol","player_choice":"Lose Max HP","floor":5.0,"gold_loss":0.0,"damage_taken":0.0,"relics_obtained":["Golden Idol"]},{"damage_healed":0.0,"max_hp_gain":0.0,"max_hp_loss":0.0,"gold_gain":0.0,"event_name":"Liars Game","player_choice":"Ignored","floor":7.0,"gold_loss":0.0,"damage_taken":0.0},{"damage_healed":0.0,"max_hp_gain":0.0,"max_hp_loss":0.0,"gold_gain":0.0,"event_name":"Forgotten Altar","player_choice":"Gave Idol","floor":19.0,"relics_lost":["Golden Idol"],"gold_loss":0.0,"damage_taken":0.0,"relics_obtained":["Bloody Idol"]},{"damage_healed":0.0,"max_hp_gain":0.0,"max_hp_loss":0.0,"gold_gain":99.0,"event_name":"Nest","player_choice":"Stole From Cult","floor":20.0,"gold_loss":0.0,"damage_taken":0.0},{"damage_healed":0.0,"max_hp_gain":0.0,"max_hp_loss":0.0,"gold_gain":0.0,"event_name":"Masked Bandits","player_choice":"Fought Bandits","floor":27.0,"gold_loss":0.0,"damage_taken":0.0},{"damage_healed":0.0,"max_hp_gain":0.0,"max_hp_loss":0.0,"gold_gain":0.0,"event_name":"Mysterious Sphere","player_choice":"Fight","floor":38.0,"gold_loss":0.0,"damage_taken":0.0},{"damage_healed":0.0,"max_hp_gain":0.0,"max_hp_loss":0.0,"gold_gain":100.0,"event_name":"Golden Shrine","player_choice":"Pray","floor":41.0,"gold_loss":0.0,"damage_taken":0.0},{"damage_healed":0.0,"max_hp_gain":0.0,"max_hp_loss":0.0,"gold_gain":0.0,"event_name":"MindBloom","player_choice":"Upgrade","floor":47.0,"gold_loss":0.0,"damage_taken":0.0,"cards_upgraded":["Defend_B"],"relics_obtained":["Mark of the Bloom"]}],"is_beta":false,"boss_relics":[{"not_picked":["Eternal Feather","White Beast Statue"],"picked":"Busted Crown"},{"not_picked":["Astrolabe","Lizard Tail"],"picked":"Cursed Key"}],"items_purged_floors":[2,4,22,31,36,46],"is_endless":false,"potions_floor_spawned":[6,16,18,30,33,38,48],"ascension_level":0}