{"gold_per_floor":[116,116,35,48,48,48,66,66,66,98,98,116,136,170,170,275,275,294,294,310,324,324,324,324,343,369,369,389,18,18,33,33,133,133,153,53,71,1,17,17,17,17,17,17,17,29,43,343,343,343],"floor_reached":51,"playtime":1410,"items_purged":["Defend_G","Strike_G"],"score":782,"play_id":"167d5f0e-73c0-4d79-85ec-517bdfe266ac","local_time":"20181020184855","is_ascension_mode":false,"campfire_choices":[{"data":"Neutralize","floor":6.0,"key":"SMITH"},{"data":"Catalyst","floor":8.0,"key":"SMITH"},{"data":"Night Terror","floor":11.0,"key":"SMITH"},{"data":"Deadly Poison","floor":15.0,"key":"SMITH"},{"data":"Wraith Form v2","floor":23.0,"key":"SMITH"},{"data":"Well Laid Plans","floor":27.0,"key":"SMITH"},{"data":"Deadly Poison","floor":30.0,"key":"SMITH"},{"data":"Malaise","floor":32.0,"key":"SMITH"},{"data":"Well Laid Plans","floor":40.0,"key":"SMITH"},{"data":"Night Terror","floor":42.0,"key":"SMITH"},{"data":"Corpse Explosion","floor":44.0,"key":"SMITH"},{"floor":49,"key":"REST"}],"neow_cost":"TEN_PERCENT_HP_LOSS","seed_source_timestamp":29586876567868,"circlet_count":0,"master_deck":["Defend_G","Survivor","Catalyst+1","Dagger Spray","Night Terror+1","Deadly Poison+1","Escape Plan","Corpse Explosion+1","Wraith Form v2+1","Deadly Poison+1","Well Laid Plans+1","Envenom","Backflip+1","Backflip+1","Malaise+1","Night Terror+1","Well Laid Plans+1","Backflip+1","Backflip","Backflip"],"special_seed":0,"relics":["Ring of the Snake","PreservedInsect","Ancient Tea Set","Runic Dome","Nloth\u0027s Gift","Vajra","WingedGreaves","Empty Cage","Regal Pillow","Tough Bandages"],"potions_floor_usage":[],"damage_taken":[{"damage":0.0,"enemies":"Jaw Worm","floor":1.0,"turns":4.0},{"damage":0.0,"enemies":"2 Louse","floor":4.0,"turns":3.0},{"damage":0.0,"enemies":"Small Slimes","floor":7.0,"turns":4.0},{"damage":0.0,"enemies":"Gremlin Nob","floor":10.0,"turns":3.0},{"damage":20.0,"enemies":"Exordium Thugs","floor":12.0,"turns":7.0},{"damage":2.0,"enemies":"Looter","floor":13.0,"turns":2.0},{"damage":22.0,"enemies":"3 Sentries","floor":14.0,"turns":6.0},{"damage":3.0,"enemies":"Hexaghost","floor":16.0,"turns":5.0},{"damage":2.0,"enemies":"2 Thieves","floor":18.0,"turns":3.0},{"damage":8.0,"enemies":"Shell Parasite","floor":20.0,"turns":4.0},{"damage":0.0,"enemies":"Snake Plant","floor":21.0,"turns":4.0},{"damage":10.0,"enemies":"Centurion and Healer","floor":25.0,"turns":3.0},{"damage":1.0,"enemies":"Snecko","floor":28.0,"turns":4.0},{"damage":0.0,"enemies":"Shelled Parasite and Fungi","floor":31.0,"turns":2.0},{"damage":0.0,"enemies":"Champ","floor":33.0,"turns":3.0},{"damage":1.0,"enemies":"Orb Walker","floor":35.0,"turns":4.0},{"damage":14.0,"enemies":"3 Darklings","floor":37.0,"turns":3.0},{"damage":0.0,"enemies":"4 Shapes","floor":39.0,"turns":1.0},{"damage":0.0,"enemies":"Mind Bloom Boss Battle","floor":45.0,"turns":3.0},{"damage":0.0,"enemies":"Sphere and 2 Shapes","floor":46.0,"turns":5.0},{"damage":0,"enemies":"Spire Growth","floor":47,"turns":2},{"damage":44,"enemies":"Awakened One","floor":50,"turns":11}],"seed_played":"3745057791672219468","potions_obtained":[{"floor":4.0,"key":"SteroidPotion"},{"floor":10.0,"key":"SteroidPotion"},{"floor":12.0,"key":"Explosive Potion"},{"floor":20.0,"key":"SkillPotion"},{"floor":33.0,"key":"Ancient Potion"},{"floor":39.0,"key":"SteroidPotion"},{"floor":45.0,"key":"Ancient Potion"}],"is_trial":false,"path_per_floor":["M","?","$","M","$","R","M","R","T","E","R","M","M","E","R","B",null,"M","?","M","M","?","R","?","M","T","R","M","$","R","M","R","B",null,"M","$","M","$","M","R","?","R","T","R","?","M","M","?","R","B"],"character_chosen":"THE_SILENT","items_purchased":["Catalyst","WingedGreaves","Well Laid Plans"],"campfire_rested":1,"item_purchase_floors":[3,29,38],"current_hp_per_floor":[63,63,63,63,63,63,63,63,63,63,63,43,41,19,19,16,63,61,61,53,53,53,53,53,43,43,43,42,42,42,42,42,42,63,62,62,48,48,48,48,48,48,48,48,48,48,48,48,63,19],"gold":343,"neow_bonus":"REMOVE_TWO","is_prod":false,"is_daily":false,"chose_seed":false,"campfire_upgraded":11,"win_rate":0,"timestamp":1540032535,"path_taken":["M","?","$","M","$","R","M","R","T","E","R","M","M","E","R","BOSS","M","?","M","M","?","R","?","M","T","R","?","$","R","M","R","BOSS","M","$","M","$","M","R","?","R","T","R","?","M","?","?","R","BOSS"],"build_version":"2018-10-18","purchased_purges":2,"victory":true,"max_hp_per_floor":[63,63,63,63,63,63,63,63,63,63,63,63,63,63,63,63,63,63,63,63,63,63,63,63,63,63,63,63,63,63,63,63,63,63,63,63,63,63,63,63,63,63,63,63,63,63,63,63,63,63],"card_choices":[{"not_picked":["Dodge and Roll","Endless Agony","PiercingWail"],"picked":"SKIP","floor":1.0},{"not_picked":["Quick Slash","Blade Dance","Skewer"],"picked":"SKIP","floor":4.0},{"not_picked":["PiercingWail","Dodge and Roll"],"picked":"Dagger Spray","floor":7.0},{"not_picked":["Riddle With Holes","Expertise"],"picked":"Night Terror","floor":10.0},{"not_picked":["Crippling Poison","Bane"],"picked":"Deadly Poison","floor":12.0},{"not_picked":["Deflect","Prepared"],"picked":"Escape Plan","floor":13.0},{"not_picked":["Cloak And Dagger","Terror"],"picked":"Corpse Explosion","floor":14.0},{"not_picked":["After Image","A Thousand Cuts"],"picked":"Wraith Form v2","floor":16.0},{"not_picked":["Blade Dance","Skewer","Finisher"],"picked":"SKIP","floor":18.0},{"not_picked":["Terror+1","A Thousand Cuts","Reflex"],"picked":"SKIP","floor":20.0},{"not_picked":["Bane","Blade Dance"],"picked":"Deadly Poison","floor":21.0},{"not_picked":["Dagger Spray","Poisoned Stab+1"],"picked":"Backflip+1","floor":25.0},{"not_picked":["Infinite Blades","Dagger Spray"],"picked":"Backflip+1","floor":28.0},{"not_picked":["Underhanded Strike","Escape Plan+1"],"picked":"Malaise","floor":31.0},{"not_picked":["Die Die Die","Burst"],"picked":"Night Terror","floor":33.0},{"not_picked":["Blade Dance","Masterful Stab+1","Acrobatics"],"picked":"SKIP","floor":35.0},{"not_picked":["Cloak And Dagger","Die Die Die","Dagger Spray+1"],"picked":"SKIP","floor":37.0},{"not_picked":["Deflect","Underhanded Strike","Dagger Throw"],"picked":"SKIP","floor":39.0},{"not_picked":["Deflect","Underhanded Strike","Dagger Throw"],"picked":"SKIP","floor":39.0},{"not_picked":["Deadly Poison+1","Calculated Gamble+1"],"picked":"Backflip+1","floor":45.0},{"not_picked":["Slice+1","Unload"],"picked":"Backflip","floor":46.0},{"not_picked":["Dodge and Roll","Bane"],"picked":"Backflip","floor":47}],"player_experience":412586,"relics_obtained":[{"floor":9.0,"key":"PreservedInsect"},{"floor":10.0,"key":"Darkstone Periapt"},{"floor":14.0,"key":"Ancient Tea Set"},{"floor":26.0,"key":"Vajra"},{"floor":43.0,"key":"Regal Pillow"},{"floor":45.0,"key":"Tough Bandages"}],"event_choices":[{"cards_removed":["Strike_G"],"damage_healed":0.0,"max_hp_gain":0.0,"max_hp_loss":0.0,"gold_gain":0.0,"event_name":"Living Wall","player_choice":"Forget","floor":2.0,"gold_loss":0.0,"damage_taken":0.0},{"damage_healed":0.0,"max_hp_gain":0.0,"max_hp_loss":0.0,"gold_gain":0.0,"event_name":"N\u0027loth","player_choice":"Traded Relic","floor":19.0,"relics_lost":["Darkstone Periapt"],"gold_loss":0.0,"damage_taken":0.0,"relics_obtained":["Nloth\u0027s Gift"]},{"damage_healed":0.0,"max_hp_gain":0.0,"max_hp_loss":0.0,"gold_gain":0.0,"cards_transformed":["Defend_G","Strike_G"],"event_name":"Drug Dealer","player_choice":"Became Test Subject","floor":22.0,"gold_loss":0.0,"damage_taken":0.0,"cards_obtained":["Well Laid Plans","Envenom"]},{"damage_healed":0.0,"max_hp_gain":0.0,"max_hp_loss":0.0,"gold_gain":0.0,"event_name":"Vampires","player_choice":"Ignored","floor":24.0,"gold_loss":0.0,"damage_taken":0.0},{"cards_removed":["Neutralize"],"damage_healed":0.0,"max_hp_gain":0.0,"max_hp_loss":0.0,"gold_gain":0.0,"event_name":"Falling","player_choice":"Removed Attack","floor":41.0,"gold_loss":0.0,"damage_taken":0.0},{"damage_healed":0.0,"max_hp_gain":0.0,"max_hp_loss":0.0,"gold_gain":0.0,"event_name":"MindBloom","player_choice":"Fight","floor":45.0,"gold_loss":0.0,"damage_taken":0.0},{"damage_healed":0,"gold_gain":300,"player_choice":"Gold","damage_taken":0,"max_hp_gain":0,"max_hp_loss":0,"event_name":"Wheel of Change","floor":48,"gold_loss":0}],"is_beta":false,"boss_relics":[{"not_picked":["Eternal Feather","Ring of the Serpent"],"picked":"Runic Dome"},{"not_picked":["Calling Bell","Astrolabe"],"picked":"Empty Cage"}],"items_purged_floors":[29,36],"is_endless":false,"potions_floor_spawned":[4,10,12,20,21,33,39,45,46],"ascension_level":0}