{"gold_per_floor":[118,134,211,211,151,151,151,151,151,169,181,200,230,244,244,244],"floor_reached":16,"playtime":382,"items_purged":["Strike_R"],"score":184,"play_id":"7c050602-5bc4-4fe1-8c65-0131b2b44c39","local_time":"20181219225310","is_ascension_mode":true,"campfire_choices":[{"data":"True Grit","floor":6.0,"key":"SMITH"},{"data":"Bash","floor":8.0,"key":"SMITH"},{"data":"Inflame","floor":15,"key":"SMITH"}],"neow_cost":"PERCENT_DAMAGE","seed_source_timestamp":9273830512491,"circlet_count":0,"master_deck":["AscendersBane","Strike_R","Strike_R","Defend_R","Defend_R","Defend_R","Bash+1","True Grit+1","Inflame+1","Second Wind"],"special_seed":0,"relics":["Burning Blood","The Courier"],"potions_floor_usage":[16],"damage_taken":[{"damage":18.0,"enemies":"Cultist","floor":1.0,"turns":5.0},{"damage":4.0,"enemies":"Jaw Worm","floor":2.0,"turns":5.0},{"damage":8.0,"enemies":"Small Slimes","floor":10.0,"turns":5.0},{"damage":9.0,"enemies":"3 Louse","floor":11.0,"turns":5.0},{"damage":10.0,"enemies":"Large Slime","floor":12.0,"turns":6.0},{"damage":17,"enemies":"Exordium Thugs","floor":14,"turns":5},{"damage":33,"enemies":"Hexaghost","floor":16,"turns":8}],"seed_played":"-2268456444579131259","potions_obtained":[{"floor":1.0,"key":"Dexterity Potion"},{"floor":11.0,"key":"LiquidBronze"}],"is_trial":false,"path_per_floor":["M","M","T","?","$","R","?","R","T","M","M","M","?","M","R","B"],"character_chosen":"IRONCLAD","items_purchased":[],"campfire_rested":0,"item_purchase_floors":[],"current_hp_per_floor":[38,40,40,45,45,45,45,45,45,43,40,36,36,25,25,0],"gold":244,"neow_bonus":"REMOVE_TWO","is_prod":false,"is_daily":false,"chose_seed":false,"campfire_upgraded":3,"win_rate":0,"timestamp":1545231190,"path_taken":["M","M","?","?","$","R","?","R","T","M","M","?","?","M","R","BOSS"],"build_version":"2018-12-13","purchased_purges":1,"victory":false,"max_hp_per_floor":[75,75,75,80,80,80,80,80,80,80,80,80,80,80,80,80],"card_choices":[{"not_picked":["Intimidate","Iron Wave","Flex"],"picked":"SKIP","floor":1.0},{"not_picked":["Heavy Blade","Fire Breathing"],"picked":"True Grit","floor":2.0},{"not_picked":["Wild Strike","Body Slam","Clothesline"],"picked":"SKIP","floor":10.0},{"not_picked":["Flex","Iron Wave"],"picked":"Inflame","floor":11.0},{"not_picked":["Anger","Ghostly Armor","Iron Wave"],"picked":"SKIP","floor":12.0},{"not_picked":["Twin Strike","Pommel Strike"],"picked":"Second Wind","floor":14}],"player_experience":1392798,"relics_obtained":[{"floor":3.0,"key":"The Courier"}],"event_choices":[{"damage_healed":0.0,"max_hp_gain":5.0,"max_hp_loss":0.0,"gold_gain":0.0,"event_name":"Big Fish","player_choice":"Donut","floor":4.0,"gold_loss":0.0,"damage_taken":0.0},{"cards_removed":["Defend_R"],"damage_healed":0.0,"max_hp_gain":0.0,"max_hp_loss":0.0,"gold_gain":0.0,"event_name":"Bonfire Elementals","player_choice":"Offered Basic","floor":7.0,"gold_loss":0.0,"damage_taken":0.0},{"damage_healed":0,"gold_gain":30,"player_choice":"Searched \u00271\u0027 times","damage_taken":0,"max_hp_gain":0,"max_hp_loss":0,"event_name":"Dead Adventurer","floor":13,"gold_loss":0}],"is_beta":false,"boss_relics":[],"items_purged_floors":[5],"is_endless":false,"potions_floor_spawned":[1,11],"killed_by":"Hexaghost","ascension_level":20}