{"gold_per_floor":[118,43,61,61,61,90,90,125,125,125,50,50,79,97,97,176,176,189,189,201,201,227,227,227,227,274,274],"floor_reached":27,"playtime":684,"items_purged":["Strike_B"],"score":500,"play_id":"e2a76189-2241-4424-9bf3-ba1bcb8b7999","local_time":"20190122141436","is_ascension_mode":true,"campfire_choices":[{"data":"Darkness","floor":7.0,"key":"SMITH"},{"data":"Hologram","floor":12.0,"key":"SMITH"},{"data":"Dualcast","floor":15.0,"key":"SMITH"},{"data":"Buffer","floor":23,"key":"SMITH"},{"data":"Coolheaded","floor":25,"key":"SMITH"}],"neow_cost":"NONE","seed_source_timestamp":13694988728725,"circlet_count":0,"master_deck":["AscendersBane","Strike_B","Strike_B","Defend_B","Defend_B","Defend_B","Defend_B","Zap","Dualcast+1","Hologram+1","Genetic Algorithm","Darkness+1","Recycle","Buffer+1","Coolheaded+1"],"special_seed":0,"relics":["Cracked Core","NeowsBlessing","Emotion Chip","Juzu Bracelet","Singing Bowl","Dream Catcher","Coffee Dripper","Ancient Tea Set","Potion Belt"],"potions_floor_usage":[],"damage_taken":[{"damage":0.0,"enemies":"Jaw Worm","floor":1.0,"turns":1.0},{"damage":0.0,"enemies":"Small Slimes","floor":3.0,"turns":1.0},{"damage":0.0,"enemies":"Gremlin Nob","floor":6.0,"turns":1.0},{"damage":20.0,"enemies":"Lagavulin","floor":8.0,"turns":6.0},{"damage":22.0,"enemies":"3 Sentries","floor":13.0,"turns":5.0},{"damage":0.0,"enemies":"2 Louse","floor":14.0,"turns":3.0},{"damage":27.0,"enemies":"Slime Boss","floor":16.0,"turns":7.0},{"damage":0.0,"enemies":"Chosen","floor":18.0,"turns":5.0},{"damage":11.0,"enemies":"Spheric Guardian","floor":20.0,"turns":4.0},{"damage":4,"enemies":"Book of Stabbing","floor":27,"turns":4}],"seed_played":"-484146650328821299","potions_obtained":[{"floor":3.0,"key":"FearPotion"},{"floor":8.0,"key":"Swift Potion"},{"floor":14.0,"key":"SpeedPotion"},{"floor":18.0,"key":"FocusPotion"},{"floor":20.0,"key":"Fire Potion"}],"is_trial":false,"path_per_floor":["M","$","M","?","$","E","R","E","T","?","?","R","E","M","R","B",null,"M","?","M","?","T","R","?","R","T","E"],"character_chosen":"DEFECT","items_purchased":[],"campfire_rested":0,"item_purchase_floors":[],"current_hp_per_floor":[64,64,64,64,64,64,64,44,44,61,61,61,39,41,41,14,56,58,58,49,49,49,49,49,49,49,45],"gold":274,"neow_bonus":"THREE_ENEMY_KILL","is_prod":false,"is_daily":false,"chose_seed":false,"campfire_upgraded":5,"win_rate":0,"timestamp":1548137676,"path_taken":["M","$","M","?","$","E","R","E","T","?","?","R","E","M","R","BOSS","M","?","M","?","?","R","?","R","T","E"],"build_version":"2019-01-17v2","purchased_purges":1,"victory":false,"max_hp_per_floor":[71,71,71,71,71,71,71,71,71,71,68,68,68,70,70,70,70,72,72,74,74,74,74,74,74,74,74],"card_choices":[{"not_picked":["Turbo","Coolheaded"],"picked":"Hologram","floor":1.0},{"not_picked":["Steam","Streamline"],"picked":"Genetic Algorithm","floor":3.0},{"not_picked":["Fusion","Go for the Eyes"],"picked":"Darkness","floor":6.0},{"not_picked":["Blizzard","Compile Driver","Cold Snap"],"picked":"SKIP","floor":8.0},{"not_picked":["Rebound","Machine Learning"],"picked":"Recycle","floor":13.0},{"not_picked":["Undo","Storm","Steam"],"picked":"Singing Bowl","floor":14.0},{"not_picked":["Thunder Strike","Fission"],"picked":"Buffer","floor":16.0},{"not_picked":["Hologram","Steam","Reprogram"],"picked":"Singing Bowl","floor":18.0},{"not_picked":["Beam Cell","Storm","Reboot"],"picked":"Singing Bowl","floor":20.0}],"player_experience":2132576,"relics_obtained":[{"floor":6.0,"key":"Emotion Chip"},{"floor":8.0,"key":"Juzu Bracelet"},{"floor":9.0,"key":"Singing Bowl"},{"floor":13.0,"key":"Dream Catcher"},{"floor":22,"key":"Ancient Tea Set"}],"event_choices":[{"cards_removed":["Strike_B"],"damage_healed":0.0,"max_hp_gain":0.0,"max_hp_loss":0.0,"gold_gain":0.0,"event_name":"Living Wall","player_choice":"Forget","floor":4.0,"gold_loss":0.0,"damage_taken":0.0},{"damage_healed":17.0,"max_hp_gain":0.0,"max_hp_loss":0.0,"gold_gain":0.0,"event_name":"Mushrooms","player_choice":"Healed and dodged fight","floor":10.0,"gold_loss":0.0,"damage_taken":0.0,"cards_obtained":["Parasite"]},{"cards_removed":["Parasite"],"damage_healed":0.0,"max_hp_gain":0.0,"max_hp_loss":0.0,"gold_gain":0.0,"event_name":"The Cleric","player_choice":"Card Removal","floor":11.0,"gold_loss":75.0,"damage_taken":0.0},{"damage_healed":0.0,"max_hp_gain":0.0,"max_hp_loss":0.0,"gold_gain":0.0,"event_name":"The Library","player_choice":"Read","floor":19.0,"gold_loss":0.0,"damage_taken":0.0,"cards_obtained":["Coolheaded"]},{"damage_healed":0,"gold_gain":0,"player_choice":"Ignored","damage_taken":0,"max_hp_gain":0,"max_hp_loss":0,"event_name":"Cursed Tome","floor":21,"gold_loss":0},{"damage_healed":0,"gold_gain":0,"player_choice":"Gave Potion","damage_taken":0,"relics_obtained":["Potion Belt"],"max_hp_gain":0,"max_hp_loss":0,"event_name":"WeMeetAgain","floor":24,"gold_loss":0}],"is_beta":false,"boss_relics":[{"not_picked":["Nuclear Battery","Fusion Hammer"],"picked":"Coffee Dripper"}],"items_purged_floors":[2],"is_endless":false,"potions_floor_spawned":[3,8,14,18,20],"killed_by":"Book of Stabbing","ascension_level":20}