{"gold_per_floor":[117,42,60,60,60,88,105,123,176,189,189,201,201,229,229,326,326,343,358,258,258,272,299,299,333,333,333,344,361,410,439,451,568,580,607,633,134,147,161,191,191,221,269,269,282,282,282,300,300,300,300,300,9,43,43],"floor_reached":56,"playtime":1377,"items_purged":["Strike_R","Defend_R","Defend_R","Strike_R"],"score":1541,"play_id":"098e1d4b-d837-40a9-99f9-5a2b0cbdafae","local_time":"20181210210948","is_ascension_mode":false,"campfire_choices":[{"data":"Sword Boomerang","floor":11,"key":"SMITH"},{"data":"Spot Weakness","floor":13,"key":"SMITH"},{"data":"Feed","floor":15,"key":"SMITH"},{"data":"Limit Break","floor":24,"key":"SMITH"},{"data":"Offering","floor":27,"key":"SMITH"},{"data":"Flex","floor":32,"key":"SMITH"},{"floor":41,"key":"RECALL"},{"data":"Evolve","floor":44,"key":"SMITH"},{"data":"Purity","floor":46,"key":"SMITH"},{"data":"Exhume","floor":49,"key":"SMITH"},{"data":"Berserk","floor":52,"key":"SMITH"}],"neow_cost":"TEN_PERCENT_HP_LOSS","seed_source_timestamp":10463575359989,"circlet_count":0,"master_deck":["Strike_R","Bash","Immolate","Sunder+1","Sword Boomerang+1","Offering+1","Feed+1","Limit Break+1","Reaper+1","Thunderclap+1","Bloodletting+1","Berserk+1","Flex+1","Impervious","Exhume+1","Purity+1","Evolve+1","Inflame"],"relics":["Burning Blood","Mummified Hand","Lantern","Oddly Smooth Stone","Astrolabe","Nilry\u0027s Codex","StoneCalendar","Ornamental Fan","MawBank","Busted Crown","Pen Nib","Bag of Preparation","Magic Flower","Boot","Happy Flower"],"potions_floor_usage":[23,42,50,53,55,55],"damage_taken":[{"damage":0,"enemies":"2 Louse","floor":1,"turns":1},{"damage":3,"enemies":"Small Slimes","floor":3,"turns":2},{"damage":31,"enemies":"Lagavulin","floor":6,"turns":5},{"damage":1,"enemies":"Cultist","floor":7,"turns":3},{"damage":10,"enemies":"Looter","floor":8,"turns":2},{"damage":0,"enemies":"Exordium Thugs","floor":10,"turns":2},{"damage":0,"enemies":"Gremlin Gang","floor":12,"turns":2},{"damage":6,"enemies":"Gremlin Nob","floor":14,"turns":2},{"damage":6,"enemies":"Slime Boss","floor":16,"turns":3},{"damage":19,"enemies":"Shell Parasite","floor":18,"turns":2},{"damage":13,"enemies":"Chosen","floor":19,"turns":3},{"damage":31,"enemies":"Snake Plant","floor":22,"turns":4},{"damage":15,"enemies":"Slavers","floor":23,"turns":1},{"damage":33,"enemies":"Book of Stabbing","floor":25,"turns":3},{"damage":18,"enemies":"3 Cultists","floor":28,"turns":4},{"damage":13,"enemies":"Centurion and Healer","floor":29,"turns":2},{"damage":59,"enemies":"Snake Plant","floor":31,"turns":4},{"damage":64,"enemies":"Champ","floor":33,"turns":7},{"damage":14,"enemies":"Orb Walker","floor":35,"turns":2},{"damage":15,"enemies":"3 Shapes","floor":36,"turns":2},{"damage":9,"enemies":"Sphere and 2 Shapes","floor":38,"turns":3},{"damage":0,"enemies":"3 Darklings","floor":39,"turns":2},{"damage":125,"enemies":"Nemesis","floor":40,"turns":5},{"damage":37,"enemies":"Giant Head","floor":42,"turns":3},{"damage":15,"enemies":"4 Shapes","floor":45,"turns":1},{"damage":3,"enemies":"Sphere and 2 Shapes","floor":48,"turns":1},{"damage":94,"enemies":"Awakened One","floor":50,"turns":5},{"damage":18,"enemies":"Shield and Spear","floor":54,"turns":2},{"damage":114,"enemies":"The Heart","floor":55,"turns":5}],"seed_played":"4226165849834997413","potions_obtained":[{"floor":3,"key":"EntropicBrew"},{"floor":6,"key":"SkillPotion"},{"floor":7,"key":"Ancient Potion"},{"floor":23,"key":"SpeedPotion"},{"floor":31,"key":"SteroidPotion"},{"floor":42,"key":"Regen Potion"}],"is_trial":false,"path_per_floor":["M","$","M","?","?","E","M","M","T","M","R","M","R","E","R","B",null,"M","M","$","?","M","E","R","E","T","R","M","M","T","M","R","B",null,"M","M","$","M","M","E","R","E","T","R","M","R","?","M","R","B",null,"R","$","E","B",null],"character_chosen":"IRONCLAD","items_purchased":["Exhume","Purity","Pen Nib","Inflame","Fruit Juice"],"campfire_rested":0,"item_purchase_floors":[37,37,37,53,53],"current_hp_per_floor":[72,72,72,72,72,47,52,48,48,54,54,60,60,60,60,64,76,67,71,71,55,47,92,92,94,94,94,94,104,104,68,68,42,112,115,111,111,116,126,41,41,137,137,137,131,131,131,137,137,58,144,144,149,153,73],"gold":43,"neow_bonus":"THREE_RARE_CARDS","is_prod":false,"is_daily":false,"chose_seed":false,"campfire_upgraded":10,"win_rate":0,"timestamp":1544447388,"path_taken":["M","$","M","?","?","E","?","M","T","M","R","M","R","E","R","BOSS","M","M","$","?","M","E","R","E","T","R","M","M","?","M","R","BOSS","M","M","$","M","M","E","R","E","T","R","?","R","?","M","R","BOSS","R","$","E","BOSS"],"build_version":"2018-12-06","purchased_purges":4,"victory":true,"max_hp_per_floor":[72,72,72,72,72,72,72,72,72,72,72,72,72,72,72,76,76,80,84,84,84,88,92,92,96,96,96,100,104,104,108,108,112,112,116,120,120,128,132,136,136,140,140,140,140,140,140,140,140,144,144,144,149,153,153],"card_choices":[{"not_picked":["Exhume","Berserk"],"picked":"Immolate","floor":0},{"not_picked":["Havoc","Pommel Strike","Pummel"],"picked":"SKIP","floor":1},{"not_picked":["Feel No Pain","Headbutt"],"picked":"Spot Weakness","floor":3},{"not_picked":["Cleave","Iron Wave"],"picked":"Sword Boomerang","floor":6},{"not_picked":["Battle Trance","Flex","Searing Blow"],"picked":"SKIP","floor":7},{"not_picked":["Dropkick","Clothesline","Juggernaut"],"picked":"SKIP","floor":8},{"not_picked":["Cleave","Twin Strike","Body Slam"],"picked":"SKIP","floor":10},{"not_picked":["Flex","Clash"],"picked":"Offering","floor":12},{"not_picked":["Seeing Red","Second Wind"],"picked":"Feed","floor":14},{"not_picked":["Juggernaut","Bludgeon"],"picked":"Limit Break","floor":16},{"not_picked":["True Grit","Wild Strike","Perfected Strike"],"picked":"SKIP","floor":18},{"not_picked":["Headbutt","Pommel Strike","Heavy Blade"],"picked":"SKIP","floor":19},{"not_picked":["Perfected Strike","Warcry","Clash"],"picked":"SKIP","floor":22},{"not_picked":["Headbutt","Anger+1","Ghostly Armor"],"picked":"SKIP","floor":23},{"not_picked":["True Grit","Infernal Blade+1"],"picked":"Berserk","floor":25},{"not_picked":["Feel No Pain+1","Entrench","Thunderclap"],"picked":"SKIP","floor":28},{"not_picked":["Sever Soul","Power Through+1","Flex"],"picked":"SKIP","floor":29},{"not_picked":["Sever Soul","Power Through+1"],"picked":"Flex","floor":29},{"not_picked":["Pommel Strike","Perfected Strike","Heavy Blade"],"picked":"SKIP","floor":31},{"not_picked":["Fiend Fire","Dark Embrace"],"picked":"Impervious","floor":33},{"not_picked":["Perfected Strike+1"],"picked":"SKIP","floor":35},{"not_picked":["Warcry"],"picked":"SKIP","floor":36},{"not_picked":[],"picked":"Evolve","floor":38},{"not_picked":["Clash+1"],"picked":"SKIP","floor":39},{"not_picked":["Heavy Blade"],"picked":"SKIP","floor":40},{"not_picked":["Rupture"],"picked":"SKIP","floor":42},{"not_picked":["Havoc"],"picked":"SKIP","floor":45},{"not_picked":["Body Slam+1"],"picked":"SKIP","floor":48},{"not_picked":["Dropkick+1"],"picked":"SKIP","floor":54}],"player_experience":1201978,"relics_obtained":[{"floor":6,"key":"Mummified Hand"},{"floor":9,"key":"Lantern"},{"floor":14,"key":"Oddly Smooth Stone"},{"floor":21,"key":"Nilry\u0027s Codex"},{"floor":23,"key":"StoneCalendar"},{"floor":25,"key":"Ornamental Fan"},{"floor":30,"key":"MawBank"},{"floor":40,"key":"Bag of Preparation"},{"floor":42,"key":"Magic Flower"},{"floor":43,"key":"Boot"},{"floor":54,"key":"Happy Flower"}],"event_choices":[{"damage_healed":0,"gold_gain":0,"cards_transformed":["Strike_R"],"player_choice":"Change","damage_taken":0,"max_hp_gain":0,"max_hp_loss":0,"event_name":"Living Wall","floor":4,"gold_loss":0,"cards_obtained":["Demon Form"]},{"cards_removed":["Demon Form"],"damage_healed":0,"gold_gain":0,"player_choice":"Took Card","damage_taken":0,"max_hp_gain":0,"max_hp_loss":0,"event_name":"NoteForYourself","floor":5,"gold_loss":0,"cards_obtained":["Sunder"]},{"damage_healed":0,"gold_gain":0,"player_choice":"Obtained Book","damage_taken":16,"max_hp_gain":0,"max_hp_loss":0,"event_name":"Cursed Tome","floor":21,"gold_loss":0},{"cards_removed":["Spot Weakness"],"damage_healed":0,"gold_gain":0,"player_choice":"Removed Skill","damage_taken":0,"max_hp_gain":0,"max_hp_loss":0,"event_name":"Falling","floor":47,"gold_loss":0}],"is_beta":false,"boss_relics":[{"not_picked":["Calling Bell","Pandora\u0027s Box"],"picked":"Astrolabe"},{"not_picked":["Orrery","Eternal Feather"],"picked":"Busted Crown"}],"items_purged_floors":[2,20,37,53],"is_endless":false,"potions_floor_spawned":[3,6,7,12,16,18,23,28,31,42,45],"ascension_level":0}