{"gold_per_floor":[116,46,46,59,72,72,4,29,54,54,66,66,94,110,110,110],"floor_reached":16,"playtime":381,"items_purged":[],"score":182,"play_id":"66729742-c68b-4bf2-8040-f88572e2b970","local_time":"20181003233414","is_ascension_mode":true,"campfire_choices":[{"data":"Noxious Fumes","floor":6,"key":"SMITH"},{"floor":10,"key":"REST"},{"data":"Bouncing Flask","floor":15,"key":"SMITH"}],"neow_cost":"NONE","seed_source_timestamp":121595815201083,"circlet_count":0,"master_deck":["Defend_G","Defend_G+1","Defend_G","Defend_G+1","Defend_G","Strike_G","Strike_G","Strike_G","Strike_G","Strike_G","Survivor","Neutralize","AscendersBane","Noxious Fumes+1","Noxious Fumes","Backflip","Bouncing Flask+1"],"special_seed":0,"relics":["Busted Crown","Juzu Bracelet","Bag of Preparation","Pocketwatch","War Paint"],"potions_floor_usage":[8,13],"damage_taken":[{"damage":0,"enemies":"Small Slimes","floor":1,"turns":4},{"damage":0,"enemies":"2 Louse","floor":4,"turns":3},{"damage":8,"enemies":"Cultist","floor":5,"turns":6},{"damage":52,"enemies":"Gremlin Nob","floor":8,"turns":5},{"damage":4,"enemies":"Red Slaver","floor":11,"turns":5},{"damage":5,"enemies":"Lagavulin","floor":13,"turns":7},{"damage":0,"enemies":"Blue Slaver","floor":14,"turns":3},{"damage":14,"enemies":"The Guardian","floor":16,"turns":2}],"seed_played":"6368064187835546430","potions_obtained":[{"floor":5,"key":"GamblersBrew"},{"floor":11,"key":"FearPotion"}],"is_trial":false,"path_per_floor":["M","$","?","M","M","R","$","E","T","R","M","?","E","M","R"],"character_chosen":"THE_SILENT","items_purchased":["Noxious Fumes","Noxious Fumes"],"campfire_rested":1,"item_purchase_floors":[2,7],"current_hp_per_floor":[63,63,68,68,60,60,60,8,8,30,26,19,14,14,14,0],"gold":110,"neow_bonus":"BOSS_RELIC","is_prod":false,"is_daily":false,"chose_seed":false,"campfire_upgraded":2,"win_rate":0,"timestamp":1538580854,"path_taken":["M","$","?","?","M","R","?","E","T","R","M","?","E","M","R","BOSS"],"build_version":"2018-09-27","purchased_purges":0,"victory":false,"max_hp_per_floor":[70,70,75,75,75,75,75,75,75,75,75,75,75,75,75,75],"card_choices":[{"not_picked":["Sucker Punch"],"picked":"SKIP","floor":1},{"not_picked":["Outmaneuver"],"picked":"SKIP","floor":4},{"not_picked":["Prepared"],"picked":"SKIP","floor":5},{"not_picked":["Infinite Blades"],"picked":"SKIP","floor":8},{"not_picked":[],"picked":"Backflip","floor":11},{"not_picked":[],"picked":"Bouncing Flask","floor":13},{"not_picked":["Dagger Throw"],"picked":"SKIP","floor":14}],"player_experience":181585,"relics_obtained":[{"floor":8,"key":"Juzu Bracelet"},{"floor":9,"key":"Bag of Preparation"},{"floor":13,"key":"War Paint"}],"event_choices":[{"event_name":"Big Fish","player_choice":"Donut","floor":3,"damage_taken":0},{"event_name":"Scrap Ooze","player_choice":"success","floor":12,"damage_taken":7}],"is_beta":false,"boss_relics":[],"items_purged_floors":[],"is_endless":false,"potions_floor_spawned":[5,11],"killed_by":"The Guardian","ascension_level":13}