{"gold_per_floor":[113,131,56,56,76,76,106,106,129,129,29,29,52,65,65,156,156,176,176],"floor_reached":19,"playtime":615,"items_purged":["Strike_G","Strike_G"],"score":334,"play_id":"f156dfcb-9985-4227-8771-a4f41cbf466a","local_time":"20190210124724","is_ascension_mode":true,"campfire_choices":[{"data":"Neutralize","floor":6,"key":"SMITH"},{"data":"Dash","floor":10,"key":"SMITH"},{"data":"Expertise","floor":12,"key":"SMITH"},{"data":"Predator","floor":15,"key":"SMITH"}],"neow_cost":"NONE","seed_source_timestamp":14860065653697,"circlet_count":0,"master_deck":["AscendersBane","Defend_G","Defend_G+1","Defend_G","Defend_G","Defend_G","Strike_G","Strike_G","Strike_G","Survivor+1","Neutralize+1","Expertise+1","Leg Sweep","Dash+1","Choke","Predator+1","Night Terror"],"relics":["Velvet Choker","Centennial Puzzle","Turnip","Golden Idol","War Paint","Snecko Eye"],"potions_floor_usage":[7,16,16],"damage_taken":[{"damage":0,"enemies":"Small Slimes","floor":1,"turns":4},{"damage":0,"enemies":"2 Louse","floor":2,"turns":2},{"damage":0,"enemies":"Jaw Worm","floor":5,"turns":6},{"damage":8,"enemies":"Lagavulin","floor":7,"turns":8},{"damage":0,"enemies":"2 Fungi Beasts","floor":13,"turns":3},{"damage":1,"enemies":"Exordium Thugs","floor":14,"turns":4},{"damage":23,"enemies":"Hexaghost","floor":16,"turns":12},{"damage":3,"enemies":"Spheric Guardian","floor":18,"turns":5},{"damage":0,"enemies":"Masked Bandits","floor":19,"turns":1}],"seed_played":"3117223080571210259","potions_obtained":[{"floor":1,"key":"Poison Potion"},{"floor":2,"key":"Strength Potion"},{"floor":14,"key":"GamblersBrew"}],"is_trial":false,"path_per_floor":["M","M","$","?","M","R","E","?","T","R","$","R","M","M","R","B",null,"M","?"],"character_chosen":"THE_SILENT","items_purchased":[],"campfire_rested":0,"item_purchase_floors":[],"current_hp_per_floor":[59,59,59,54,54,54,46,46,46,46,46,46,46,45,45,22,51,48,48],"gold":176,"neow_bonus":"BOSS_RELIC","is_prod":false,"is_daily":false,"chose_seed":false,"campfire_upgraded":4,"win_rate":0,"timestamp":1549774044,"path_taken":["M","M","$","?","M","R","E","?","T","R","$","R","M","M","R","BOSS","M","?"],"build_version":"2019-01-23","purchased_purges":2,"victory":false,"max_hp_per_floor":[66,66,66,66,66,66,66,60,60,60,60,60,60,60,60,60,60,60,60],"card_choices":[{"not_picked":["Infinite Blades","Underhanded Strike"],"picked":"Expertise","floor":1},{"not_picked":["Predator","Masterful Stab"],"picked":"Leg Sweep","floor":2},{"not_picked":["Deflect","Bane"],"picked":"Dash","floor":5},{"not_picked":["Blade Dance","Reflex"],"picked":"Choke","floor":7},{"not_picked":["All Out Attack","Outmaneuver"],"picked":"Predator","floor":13},{"not_picked":["PiercingWail","Bane","Dagger Throw"],"picked":"SKIP","floor":14},{"not_picked":["Phantasmal Killer","Bullet Time"],"picked":"Night Terror","floor":16},{"not_picked":["Bane","Poisoned Stab","Concentrate"],"picked":"SKIP","floor":18}],"player_experience":2568396,"relics_obtained":[{"floor":7,"key":"Turnip"},{"floor":9,"key":"War Paint"}],"event_choices":[{"damage_healed":0,"gold_gain":0,"player_choice":"Success","damage_taken":5,"relics_obtained":["Centennial Puzzle"],"max_hp_gain":0,"max_hp_loss":0,"event_name":"Scrap Ooze","floor":4,"gold_loss":0},{"damage_healed":0,"gold_gain":0,"player_choice":"Lose Max HP","damage_taken":0,"relics_obtained":["Golden Idol"],"max_hp_gain":0,"max_hp_loss":6,"event_name":"Golden Idol","floor":8,"gold_loss":0},{"damage_healed":0,"gold_gain":0,"player_choice":"Fought Bandits","damage_taken":0,"max_hp_gain":0,"max_hp_loss":0,"event_name":"Masked Bandits","floor":19,"gold_loss":0}],"is_beta":false,"boss_relics":[{"not_picked":["White Beast Statue","Lizard Tail"],"picked":"Snecko Eye"}],"items_purged_floors":[3,11],"is_endless":false,"potions_floor_spawned":[1,2,14],"killed_by":"Masked Bandits","ascension_level":20}