{"path_per_floor":["M","?","M","M","M","R","E","M","T","R","?","M","E","M","R","B",null,"M","?","M","M","M","E","R","M","T","E","M","M","?","E","R","B",null,"M","?","$","M","M","E","$","R","T","M","R","E","M","E","R","B"],"character_chosen":"THE_SILENT","items_purchased":["Infinite Blades","Toxic Egg 2","Shuriken","Mummified Hand","Escape Plan+1"],"gold_per_floor":[114,114,129,144,159,159,189,204,204,204,204,223,261,280,280,405,405,424,424,443,462,481,519,519,538,538,606,625,644,672,710,710,835,835,854,1076,755,774,793,831,264,264,264,283,283,321,340,378,378,378],"floor_reached":51,"campfire_rested":2,"playtime":3325,"item_purchase_floors":[37,37,41,41,41],"current_hp_per_floor":[70,75,75,75,75,75,64,63,63,63,45,45,19,5,70,67,70,70,70,70,70,70,43,43,38,38,24,21,19,2,2,65,65,65,50,50,50,50,50,50,50,50,50,50,50,50,50,52,52,65],"items_purged":[],"gold":378,"score":1063,"play_id":"76157c5d-ef64-4ccb-b624-1d953b5aa0e2","local_time":"20180606115012","daily_mods":["Allstar","Binary","Night Terrors"],"is_prod":false,"is_daily":true,"chose_seed":false,"is_ascension_mode":false,"campfire_upgraded":6,"win_rate":0,"timestamp":1528257012,"campfire_choices":[{"data":"Apotheosis","floor":6,"key":"SMITH"},{"data":"Burst","floor":10,"key":"SMITH"},{"floor":15,"key":"REST"},{"data":"Magnetism","floor":24,"key":"SMITH"},{"floor":32,"key":"REST"},{"data":"Infinite Blades","floor":42,"key":"SMITH"},{"data":"A Thousand Cuts","floor":45,"key":"SMITH"},{"data":"Well Laid Plans","floor":49,"key":"SMITH"}],"path_taken":["M","?","M","M","?","R","E","M","T","R","?","?","E","M","R","BOSS","M","?","M","M","?","E","R","M","T","E","M","M","?","E","R","BOSS","M","?","$","M","M","E","$","R","T","M","R","E","M","E","R","BOSS"],"build_version":"2018-06-04v2","seed_source_timestamp":0,"purchased_purges":0,"victory":true,"master_deck":["Defend_G","Defend_G","Defend_G","Defend_G","Strike_G","Strike_G","Strike_G","Strike_G","Survivor","Neutralize","Secret Technique","Apotheosis+1","Magnetism+1","Good Instincts","Blind","Dagger Spray","Flying Knee","Well Laid Plans+1","Heel Hook","Burst+1","Acrobatics","Adrenaline","Parasite","Parasite","Adrenaline","Quick Slash","Flying Knee","Endless Agony","A Thousand Cuts+1","Injury","Skewer+1","Flying Knee+1","Escape Plan+1","Infinite Blades+1","Calculated Gamble+1","Dagger Throw","Escape Plan+1","Reflex+1","Heel Hook+1","Deflect+1","Prepared+1"],"max_hp_per_floor":[70,75,75,75,75,75,75,75,75,75,75,75,75,75,70,70,70,70,70,70,70,70,70,70,70,70,70,70,70,70,70,65,65,65,65,65,65,65,65,65,65,65,65,65,65,65,65,65,65,65],"relics":["Ring of the Snake","Pantograph","Letter Opener","Golden Idol","Happy Flower","Calling Bell","Lantern","Paper Crane","Dead Branch","Smiling Mask","Tiny Chest","Red Mask","Bag of Preparation","Astrolabe","Toxic Egg 2","Mercury Hourglass","Shuriken","Mummified Hand","Gremlin Horn","Blood Vial","Tingsha"],"card_choices":[{"not_picked":["Dodge and Roll"],"picked":"Dagger Spray","floor":1},{"not_picked":["Quick Slash"],"picked":"Flying Knee","floor":3},{"not_picked":["Malaise"],"picked":"Well Laid Plans","floor":4},{"not_picked":["Outmaneuver"],"picked":"Heel Hook","floor":5},{"not_picked":["Deadly Poison"],"picked":"Burst","floor":7},{"not_picked":["Acrobatics","Noxious Fumes"],"picked":"SKIP","floor":8},{"not_picked":["Acrobatics","Slice"],"picked":"SKIP","floor":12},{"not_picked":["Slice"],"picked":"Acrobatics","floor":12},{"not_picked":["Setup","Underhanded Strike"],"picked":"SKIP","floor":13},{"not_picked":["Outmaneuver","Dagger Spray"],"picked":"SKIP","floor":14},{"not_picked":["Burst"],"picked":"Adrenaline","floor":16},{"not_picked":["Blade Dance","Concentrate"],"picked":"SKIP","floor":18},{"not_picked":["PiercingWail","Deadly Poison"],"picked":"SKIP","floor":20},{"not_picked":["Acrobatics"],"picked":"Quick Slash","floor":21},{"not_picked":["Quick Slash+1"],"picked":"Flying Knee","floor":22},{"not_picked":["Dodge and Roll","Deflect"],"picked":"SKIP","floor":23},{"not_picked":["Caltrops+1","Acrobatics"],"picked":"SKIP","floor":25},{"not_picked":["Corpse Explosion"],"picked":"Endless Agony","floor":27},{"not_picked":["Dagger Spray","Outmaneuver"],"picked":"SKIP","floor":28},{"not_picked":["Catalyst","Bouncing Flask"],"picked":"SKIP","floor":29},{"not_picked":["Outmaneuver","Masterful Stab"],"picked":"SKIP","floor":31},{"not_picked":["Phantasmal Killer"],"picked":"A Thousand Cuts","floor":33},{"not_picked":["Flechettes"],"picked":"Escape Plan+1","floor":35},{"not_picked":["Riddle With Holes"],"picked":"Calculated Gamble+1","floor":38},{"not_picked":["Slice"],"picked":"Dagger Throw","floor":39},{"not_picked":["Bane","Backflip+1"],"picked":"SKIP","floor":40},{"not_picked":["Sucker Punch+1"],"picked":"Reflex+1","floor":44},{"not_picked":["Underhanded Strike"],"picked":"Heel Hook+1","floor":46},{"not_picked":["Grand Finale"],"picked":"Deflect+1","floor":47},{"not_picked":["Flying Knee+1"],"picked":"Prepared+1","floor":48}],"player_experience":534641,"potions_floor_usage":[20,20,23,29,31,38,46,50,50],"damage_taken":[{"damage":0,"enemies":"2 Louse","floor":1,"turns":4},{"damage":0,"enemies":"Small Slimes","floor":3,"turns":3},{"damage":0,"enemies":"Cultist","floor":4,"turns":3},{"damage":0,"enemies":"Exordium Wildlife","floor":5,"turns":5},{"damage":11,"enemies":"3 Sentries","floor":7,"turns":10},{"damage":1,"enemies":"Large Slime","floor":8,"turns":6},{"damage":0,"enemies":"Red Slaver","floor":12,"turns":3},{"damage":26,"enemies":"Gremlin Nob","floor":13,"turns":4},{"damage":14,"enemies":"Gremlin Gang","floor":14,"turns":4},{"damage":3,"enemies":"Hexaghost","floor":16,"turns":11},{"damage":0,"enemies":"Shell Parasite","floor":18,"turns":6},{"damage":0,"enemies":"2 Thieves","floor":20,"turns":2},{"damage":0,"enemies":"Cultist and Chosen","floor":21,"turns":4},{"damage":0,"enemies":"Centurion and Healer","floor":22,"turns":5},{"damage":27,"enemies":"Gremlin Leader","floor":23,"turns":5},{"damage":5,"enemies":"Slaver and Parasite","floor":25,"turns":5},{"damage":14,"enemies":"Book of Stabbing","floor":27,"turns":5},{"damage":3,"enemies":"Snake Plant","floor":28,"turns":5},{"damage":2,"enemies":"Chosen and Byrds","floor":29,"turns":4},{"damage":17,"floor":30,"turns":4},{"damage":0,"enemies":"Slavers","floor":31,"turns":1},{"damage":0,"enemies":"Champ","floor":33,"turns":10},{"damage":15,"enemies":"3 Darklings","floor":35,"turns":4},{"damage":0,"enemies":"Orb Walker","floor":38,"turns":3},{"damage":0,"enemies":"Sphere and 2 Shapes","floor":39,"turns":2},{"damage":0,"enemies":"Giant Head","floor":40,"turns":5},{"damage":0,"enemies":"Maw","floor":44,"turns":4},{"damage":0,"enemies":"Nemesis","floor":46,"turns":3},{"damage":2,"enemies":"4 Shapes","floor":47,"turns":2},{"damage":0,"enemies":"Giant Head","floor":48,"turns":4},{"damage":0,"enemies":"Donu and Deca","floor":50,"turns":4}],"relics_obtained":[{"floor":7,"key":"Pantograph"},{"floor":9,"key":"Letter Opener"},{"floor":13,"key":"Happy Flower"},{"floor":17,"key":"Lantern"},{"floor":17,"key":"Paper Crane"},{"floor":17,"key":"Dead Branch"},{"floor":26,"key":"Smiling Mask"},{"floor":27,"key":"Tiny Chest"},{"floor":30,"key":"Red Mask"},{"floor":31,"key":"Bag of Preparation"},{"floor":40,"key":"Mercury Hourglass"},{"floor":43,"key":"Gremlin Horn"},{"floor":46,"key":"Blood Vial"},{"floor":48,"key":"Tingsha"}],"event_choices":[{"event_name":"Big Fish","player_choice":"Donut","floor":2,"damage_taken":0},{"event_name":"Golden Idol","player_choice":"Take Damage","floor":11,"damage_taken":0},{"event_name":"Duplicator","player_choice":"One dupe","floor":19,"damage_taken":0},{"event_name":"Masked Bandits","player_choice":"Fought over 644 gold","floor":30,"damage_taken":0},{"event_name":"Tomb of Lord Red Mask","player_choice":"Wore Mask","floor":36,"damage_taken":0}],"boss_relics":[{"not_picked":["Velvet Choker","Runic Dome"],"picked":"Calling Bell"},{"not_picked":["Busted Crown","Black Star"],"picked":"Astrolabe"}],"items_purged_floors":[],"potions_floor_spawned":[4,5,13,14,16,20,27,28,29,30,31,35,40,44,46,48],"seed_played":"-7143404662059475798","ascension_level":0,"potions_obtained":[{"floor":4,"key":"Ancient Potion"},{"floor":5,"key":"GhostInAJar"},{"floor":13,"key":"GamblersBrew"},{"floor":14,"key":"Swift Potion"},{"floor":20,"key":"Poison Potion"},{"floor":27,"key":"FearPotion"},{"floor":28,"key":"SteroidPotion"},{"floor":29,"key":"Strength Potion"},{"floor":30,"key":"GamblersBrew"},{"floor":31,"key":"Regen Potion"},{"floor":35,"key":"Fire Potion"},{"floor":44,"key":"AttackPotion"},{"floor":46,"key":"GamblersBrew"},{"floor":48,"key":"SkillPotion"}],"is_trial":false}