{"gold_per_floor":[119,119,40,61,61,102,176,210,288,89,89],"floor_reached":11,"playtime":175,"items_purged":["Strike_G"],"score":182,"play_id":"5dca4636-0951-4531-8cae-550c9fef7ade","local_time":"20190214210833","is_ascension_mode":true,"campfire_choices":[],"neow_cost":"NONE","seed_source_timestamp":180313984701736,"circlet_count":0,"master_deck":["AscendersBane","Defend_G","Defend_G","Defend_G","Defend_G","Defend_G","Strike_G+1","Strike_G","Strike_G","Strike_G","Survivor+1","Neutralize","Noxious Fumes","Well Laid Plans","Tactician","Acrobatics"],"relics":["Ring of the Snake","NeowsBlessing","Golden Idol","Snake Skull","Sundial","Singing Bowl","Bottled Tornado"],"potions_floor_usage":[],"damage_taken":[{"damage":0,"enemies":"2 Louse","floor":1,"turns":1},{"damage":0,"enemies":"Jaw Worm","floor":4,"turns":1},{"damage":0,"enemies":"Gremlin Nob","floor":6,"turns":1},{"damage":11,"enemies":"Lagavulin","floor":8,"turns":7},{"damage":50,"enemies":"Gremlin Nob","floor":11,"turns":5}],"seed_played":"-568178563427752729","potions_obtained":[{"floor":4,"key":"SpeedPotion"}],"is_trial":false,"path_per_floor":["M","?","$","M","?","E","T","E","T","$","E"],"character_chosen":"THE_SILENT","items_purchased":["Noxious Fumes","Tactician","Acrobatics"],"campfire_rested":0,"item_purchase_floors":[3,10,10],"current_hp_per_floor":[59,59,59,59,41,41,41,32,32,32,0],"gold":89,"neow_bonus":"THREE_ENEMY_KILL","is_prod":false,"is_daily":false,"chose_seed":false,"campfire_upgraded":0,"win_rate":0,"timestamp":1550149713,"path_taken":["M","?","$","M","?","E","?","E","T","$","E"],"build_version":"2019-01-23","purchased_purges":1,"victory":false,"max_hp_per_floor":[66,60,60,60,60,60,60,62,62,62,62],"card_choices":[{"not_picked":["Flying Knee","Dagger Spray","Crippling Poison"],"picked":"SKIP","floor":1},{"not_picked":["Accuracy","Outmaneuver","Distraction"],"picked":"SKIP","floor":4},{"not_picked":["Deflect","Bane"],"picked":"Well Laid Plans","floor":6},{"not_picked":["Dagger Throw","Skewer","PiercingWail"],"picked":"Singing Bowl","floor":8}],"player_experience":748416,"relics_obtained":[{"floor":6,"key":"Snake Skull"},{"floor":7,"key":"Sundial"},{"floor":8,"key":"Singing Bowl"},{"floor":9,"key":"Bottled Tornado"}],"event_choices":[{"damage_healed":0,"gold_gain":0,"player_choice":"Lose Max HP","damage_taken":0,"relics_obtained":["Golden Idol"],"max_hp_gain":0,"max_hp_loss":6,"event_name":"Golden Idol","floor":2,"gold_loss":0},{"damage_healed":0,"gold_gain":0,"player_choice":"Entered Light","damage_taken":18,"max_hp_gain":0,"max_hp_loss":0,"event_name":"Shining Light","floor":5,"gold_loss":0,"cards_upgraded":["Survivor","Strike_G"]}],"is_beta":false,"boss_relics":[],"items_purged_floors":[10],"is_endless":false,"potions_floor_spawned":[4],"killed_by":"Gremlin Nob","ascension_level":15}