{"gold_per_floor":[109,109,124,124,140,140,172,185,259,259,259,49,61,61,61,138,138,150,160,170,189,189,189,189,206,286,286,306,324,342,18,18,95,95,114,34,34,51,61,61,74,91,115,115,141,191,9,23,23,23,23,23,23,23],"floor_reached":54,"playtime":3648,"items_purged":["Strike_G","Strike_G","Strike_G"],"score":1374,"play_id":"9aad3f72-6c7c-43f3-8e01-5c57d8314fb8","local_time":"20190316144904","is_ascension_mode":true,"campfire_choices":[{"data":"Terror","floor":6.0,"key":"SMITH"},{"data":"Calculated Gamble","floor":10.0,"key":"SMITH"},{"data":"Footwork","floor":15.0,"key":"SMITH"},{"data":"Wraith Form v2","floor":23.0,"key":"SMITH"},{"data":"Concentrate","floor":27.0,"key":"SMITH"},{"data":"Acrobatics","floor":32.0,"key":"SMITH"},{"data":"Apotheosis","floor":40.0,"key":"SMITH"},{"floor":49.0,"key":"RECALL"},{"data":"Impatience","floor":52.0,"key":"SMITH"}],"neow_cost":"NONE","seed_source_timestamp":213554072719777,"circlet_count":0,"master_deck":["AscendersBane","Defend_G","Defend_G","Defend_G","Defend_G","Defend_G+1","Strike_G+1","Survivor","Neutralize+1","Terror+1","Backflip+1","Cloak And Dagger","Leg Sweep","Calculated Gamble+1","Corpse Explosion","Acrobatics+1","Concentrate+1","Footwork+1","Noxious Fumes","Wraith Form v2+1","Acrobatics","Reflex+1","PiercingWail+1","Footwork","Blur","Wraith Form v2+1","Catalyst","Catalyst+1","After Image+1","Catalyst+1","Impatience+1","Apotheosis+1","PanicButton","Well Laid Plans+1"],"special_seed":0,"relics":["Ring of the Snake","NeowsBlessing","Prayer Wheel","Bottled Lightning","Philosopher\u0027s Stone","Frozen Egg 2","OrangePellets","Orrery","Orichalcum"],"potions_floor_usage":[54],"damage_taken":[{"damage":0.0,"enemies":"Small Slimes","floor":1.0,"turns":1.0},{"damage":0.0,"enemies":"Cultist","floor":3.0,"turns":1.0},{"damage":0.0,"enemies":"2 Louse","floor":5.0,"turns":1.0},{"damage":36.0,"enemies":"3 Sentries","floor":7.0,"turns":14.0},{"damage":0.0,"enemies":"Blue Slaver","floor":8.0,"turns":5.0},{"damage":0.0,"enemies":"Lots of Slimes","floor":13.0,"turns":2.0},{"damage":12.0,"enemies":"The Guardian","floor":16.0,"turns":11.0},{"damage":15.0,"enemies":"3 Byrds","floor":18.0,"turns":3.0},{"damage":6.0,"enemies":"Chosen","floor":19.0,"turns":7.0},{"damage":19.0,"enemies":"Shelled Parasite and Fungi","floor":20.0,"turns":12.0},{"damage":2.0,"enemies":"Centurion and Healer","floor":21.0,"turns":9.0},{"damage":0.0,"enemies":"Snake Plant","floor":25.0,"turns":7.0},{"damage":3.0,"enemies":"Sentry and Sphere","floor":28.0,"turns":8.0},{"damage":0.0,"enemies":"Snecko","floor":29.0,"turns":10.0},{"damage":0.0,"enemies":"Snake Plant","floor":30.0,"turns":8.0},{"damage":0.0,"enemies":"Champ","floor":33.0,"turns":32.0},{"damage":0.0,"enemies":"3 Shapes","floor":35.0,"turns":5.0},{"damage":0.0,"enemies":"Orb Walker","floor":38.0,"turns":5.0},{"damage":4.0,"enemies":"Maw","floor":39.0,"turns":9.0},{"damage":0.0,"enemies":"Jaw Worm Horde","floor":41.0,"turns":5.0},{"damage":0.0,"enemies":"Spire Growth","floor":42.0,"turns":7.0},{"damage":3.0,"enemies":"Reptomancer","floor":45.0,"turns":7.0},{"damage":0.0,"enemies":"Sphere and 2 Shapes","floor":48.0,"turns":7.0},{"damage":13.0,"enemies":"Time Eater","floor":50.0,"turns":6.0},{"damage":61,"enemies":"Shield and Spear","floor":54,"turns":2}],"seed_played":"8332366314337070395","potions_obtained":[{"floor":1.0,"key":"SteroidPotion"},{"floor":3.0,"key":"Regen Potion"},{"floor":8.0,"key":"Strength Potion"},{"floor":18.0,"key":"Explosive Potion"},{"floor":20.0,"key":"Fire Potion"},{"floor":21.0,"key":"LiquidBronze"},{"floor":28.0,"key":"Swift Potion"},{"floor":38.0,"key":"Ancient Potion"},{"floor":45.0,"key":"SteroidPotion"}],"is_trial":false,"path_per_floor":["M","?","M","?","M","R","E","M","T","R","?","$","M","$","R","B",null,"M","M","M","M","?","R","?","M","T","R","M","M","M","$","R","B",null,"M","$","?","M","M","R","M","M","T","?","E","?","$","M","R","B",null,"R","$","E"],"character_chosen":"THE_SILENT","items_purchased":["Acrobatics","Concentrate","OrangePellets","GhostInAJar","Energy Potion"],"campfire_rested":0,"item_purchase_floors":[12,12,31,36,47],"current_hp_per_floor":[59,59,59,39,39,39,18,18,18,18,18,18,18,18,18,6,51,36,30,11,9,9,9,22,22,22,22,19,19,19,19,19,19,54,54,54,44,44,40,40,40,40,40,40,37,31,31,31,31,18,54,54,54,0],"gold":23,"neow_bonus":"THREE_ENEMY_KILL","is_prod":false,"is_daily":false,"chose_seed":false,"campfire_upgraded":8,"win_rate":0,"timestamp":1552715344,"path_taken":["M","?","?","?","M","R","E","M","T","R","?","$","M","$","R","BOSS","M","M","?","?","?","R","?","M","T","R","M","M","M","$","R","BOSS","M","$","?","M","M","R","M","M","T","?","E","?","$","M","R","BOSS","R","$","E"],"build_version":"2019-01-23","purchased_purges":3,"victory":false,"max_hp_per_floor":[66,66,66,66,66,66,66,66,66,66,66,66,66,66,66,66,66,66,66,66,66,66,66,66,66,66,66,66,66,66,66,66,66,66,66,66,66,66,66,66,66,66,66,66,66,66,66,66,66,66,66,66,66,66],"card_choices":[{"not_picked":["Choke","Bane"],"picked":"Terror","floor":1.0},{"not_picked":["Crippling Poison","Prepared"],"picked":"Backflip","floor":3.0},{"not_picked":["Backflip","Flying Knee"],"picked":"Cloak And Dagger","floor":5.0},{"not_picked":["Outmaneuver","Endless Agony"],"picked":"Leg Sweep","floor":7.0},{"not_picked":["Underhanded Strike","Concentrate"],"picked":"Calculated Gamble","floor":8.0},{"not_picked":["Deadly Poison","Slice"],"picked":"Corpse Explosion","floor":8.0},{"not_picked":["Bane","Bouncing Flask"],"picked":"Footwork","floor":13.0},{"not_picked":["Accuracy","Flying Knee"],"picked":"Noxious Fumes","floor":13.0},{"not_picked":["Venomology","Corpse Explosion"],"picked":"Wraith Form v2","floor":16.0},{"not_picked":["Skewer+1","Escape Plan"],"picked":"Acrobatics","floor":18.0},{"not_picked":["Flying Knee","Acrobatics","Heel Hook"],"picked":"SKIP","floor":18.0},{"not_picked":["Backstab","Eviscerate"],"picked":"Reflex+1","floor":19.0},{"not_picked":["Terror","Prepared"],"picked":"PiercingWail+1","floor":19.0},{"not_picked":["Backflip","PiercingWail+1","Accuracy"],"picked":"SKIP","floor":20.0},{"not_picked":["Dodge and Roll","Quick Slash","Eviscerate"],"picked":"SKIP","floor":20.0},{"not_picked":["Noxious Fumes","Crippling Poison"],"picked":"Footwork","floor":21.0},{"not_picked":["Backstab","Outmaneuver","Acrobatics"],"picked":"SKIP","floor":21.0},{"not_picked":["Backflip","Tools of the Trade","PiercingWail"],"picked":"SKIP","floor":25.0},{"not_picked":["Prepared","Acrobatics","Distraction"],"picked":"SKIP","floor":25.0},{"not_picked":["Poisoned Stab","Leg Sweep"],"picked":"Blur","floor":28.0},{"not_picked":["Venomology","Blade Dance","PiercingWail"],"picked":"SKIP","floor":28.0},{"not_picked":["Slice","Dagger Throw","Acrobatics"],"picked":"SKIP","floor":29.0},{"not_picked":["Dash","Leg Sweep","Flechettes"],"picked":"SKIP","floor":29.0},{"not_picked":["Bane","Backstab","Blade Dance"],"picked":"SKIP","floor":30.0},{"not_picked":["Acrobatics","Reflex","Underhanded Strike"],"picked":"SKIP","floor":30.0},{"not_picked":["Corpse Explosion","Envenom+1"],"picked":"Wraith Form v2+1","floor":33.0},{"not_picked":["Outmaneuver","Crippling Poison"],"picked":"Catalyst","floor":34.0},{"not_picked":["Flying Knee","Prepared"],"picked":"Catalyst+1","floor":34.0},{"not_picked":["Underhanded Strike","Terror"],"picked":"After Image+1","floor":34.0},{"not_picked":["Flying Knee","Deadly Poison+1"],"picked":"Catalyst+1","floor":35.0},{"not_picked":["Leg Sweep","Flechettes+1","Prepared"],"picked":"SKIP","floor":35.0},{"not_picked":["Magnetism+1","Deep Breath"],"picked":"Impatience","floor":37.0},{"not_picked":["Bandage Up","Dark Shackles"],"picked":"Apotheosis","floor":37.0},{"not_picked":["Mayhem+1","Deep Breath"],"picked":"PanicButton","floor":37.0},{"not_picked":["Slice","Backflip","Prepared"],"picked":"SKIP","floor":38.0},{"not_picked":["Expertise","Deadly Poison","Sucker Punch"],"picked":"SKIP","floor":38.0},{"not_picked":["Acrobatics","Prepared","Calculated Gamble+1"],"picked":"SKIP","floor":39.0},{"not_picked":["Caltrops+1","Choke+1","PiercingWail"],"picked":"SKIP","floor":39.0},{"not_picked":["Acrobatics","Prepared","Calculated Gamble+1"],"picked":"SKIP","floor":39.0},{"not_picked":["Caltrops+1","Choke+1","PiercingWail"],"picked":"SKIP","floor":39.0},{"not_picked":["Acrobatics","Prepared","Calculated Gamble+1"],"picked":"SKIP","floor":39.0},{"not_picked":["Caltrops+1","Choke+1","PiercingWail"],"picked":"SKIP","floor":39.0},{"not_picked":["Bane","Underhanded Strike+1","Cloak And Dagger"],"picked":"SKIP","floor":41.0},{"not_picked":["Dagger Throw","Accuracy+1","PiercingWail"],"picked":"SKIP","floor":41.0},{"not_picked":["Bane","Outmaneuver","Grand Finale"],"picked":"SKIP","floor":42.0},{"not_picked":["Quick Slash","Underhanded Strike","Cloak And Dagger"],"picked":"SKIP","floor":42.0},{"not_picked":["Outmaneuver+1","Dagger Spray","Poisoned Stab"],"picked":"SKIP","floor":45.0},{"not_picked":["Acrobatics","Expertise"],"picked":"Well Laid Plans+1","floor":48.0},{"not_picked":["Bane+1","Deflect","Prepared+1"],"picked":"SKIP","floor":48.0}],"player_experience":111871,"relics_obtained":[{"floor":7.0,"key":"Prayer Wheel"},{"floor":9.0,"key":"Bottled Lightning"},{"floor":26.0,"key":"Frozen Egg 2"},{"floor":45.0,"key":"Orichalcum"}],"event_choices":[{"damage_healed":0.0,"max_hp_gain":0.0,"max_hp_loss":0.0,"gold_gain":0.0,"event_name":"Upgrade Shrine","player_choice":"Upgraded","floor":2.0,"gold_loss":0.0,"damage_taken":0.0,"cards_upgraded":["Neutralize"]},{"damage_healed":0.0,"max_hp_gain":0.0,"max_hp_loss":0.0,"gold_gain":0.0,"event_name":"Shining Light","player_choice":"Entered Light","floor":4.0,"gold_loss":0.0,"damage_taken":20.0,"cards_upgraded":["Strike_G","Defend_G"]},{"damage_healed":0.0,"max_hp_gain":0.0,"max_hp_loss":0.0,"gold_gain":0.0,"event_name":"Accursed Blacksmith","player_choice":"Forge","floor":11.0,"gold_loss":0.0,"damage_taken":0.0,"cards_upgraded":["Backflip"]},{"cards_removed":["Strike_G"],"damage_healed":0.0,"max_hp_gain":0.0,"max_hp_loss":0.0,"gold_gain":0.0,"event_name":"Back to Basics","player_choice":"Elegance","floor":22.0,"gold_loss":0.0,"damage_taken":0.0},{"damage_healed":13.0,"max_hp_gain":0.0,"max_hp_loss":0.0,"gold_gain":0.0,"event_name":"The Library","player_choice":"Heal","floor":24.0,"gold_loss":0.0,"damage_taken":0.0},{"damage_healed":0.0,"max_hp_gain":0.0,"max_hp_loss":0.0,"gold_gain":0.0,"event_name":"SensoryStone","player_choice":"Memory 3","floor":37.0,"gold_loss":0.0,"damage_taken":10.0},{"damage_healed":0.0,"max_hp_gain":0.0,"max_hp_loss":0.0,"gold_gain":0.0,"event_name":"Tomb of Lord Red Mask","player_choice":"Ignored","floor":44.0,"gold_loss":0.0,"damage_taken":0.0},{"damage_healed":0.0,"max_hp_gain":0.0,"max_hp_loss":0.0,"gold_gain":50.0,"event_name":"FaceTrader","player_choice":"Touch","floor":46.0,"gold_loss":0.0,"damage_taken":6.0}],"is_beta":false,"boss_relics":[{"not_picked":["Lizard Tail","Velvet Choker"],"picked":"Philosopher\u0027s Stone"},{"not_picked":["Snecko Eye","Runic Dome"],"picked":"Orrery"}],"items_purged_floors":[12,31,47],"is_endless":false,"potions_floor_spawned":[1,3,8,18,20,21,28,38,45],"killed_by":"Shield and Spear","ascension_level":18}