{"gold_per_floor":[118,42,62,62,80,80,80,80,80,122,134,157,169,201,213,225],"floor_reached":16,"playtime":656,"items_purged":[],"score":135,"play_id":"59b089f4-1ea4-4b97-8fe2-eebc79d642ae","local_time":"20180925213906","is_ascension_mode":true,"campfire_choices":[{"data":"Reflex","floor":6,"key":"SMITH"},{"data":"Neutralize","floor":8,"key":"SMITH"},{"floor":11,"key":"REST"},{"data":"Blade Dance","floor":13,"key":"SMITH"},{"data":"Poisoned Stab","floor":15,"key":"SMITH"}],"neow_cost":"NONE","seed_source_timestamp":378214628502489,"circlet_count":0,"master_deck":["Defend_G","Defend_G","Defend_G","Defend_G","Defend_G","Strike_G","Strike_G","Strike_G","Strike_G","Strike_G","Survivor","Neutralize+1","Blade Dance+1","Reflex+1","Leg Sweep","Acrobatics","Poisoned Stab+1"],"special_seed":0,"relics":["HoveringKite","FaceOfCleric","MawBank","Matryoshka"],"potions_floor_usage":[10,12],"damage_taken":[{"damage":11,"enemies":"Cultist","floor":1,"turns":6},{"damage":4,"enemies":"Jaw Worm","floor":3,"turns":5},{"damage":9,"enemies":"2 Louse","floor":5,"turns":3},{"damage":27,"enemies":"Lagavulin","floor":10,"turns":15},{"damage":11,"enemies":"Exordium Wildlife","floor":12,"turns":8},{"damage":0,"enemies":"Red Slaver","floor":14,"turns":5},{"damage":31,"enemies":"Slime Boss","floor":16,"turns":6}],"seed_played":"-2222381928019336422","potions_obtained":[{"floor":3,"key":"SpeedPotion"},{"floor":5,"key":"PowerPotion"}],"is_trial":false,"path_per_floor":["M","$","M","?","M","R","?","R","T","E","R","M","R","M","R"],"character_chosen":"THE_SILENT","items_purchased":["Reflex"],"campfire_rested":1,"item_purchase_floors":[2],"current_hp_per_floor":[52,52,48,53,44,44,44,44,44,18,40,30,30,31,31,0],"gold":225,"neow_bonus":"BOSS_RELIC","is_prod":false,"is_daily":false,"chose_seed":false,"campfire_upgraded":4,"win_rate":0,"timestamp":1537882746,"path_taken":["M","$","M","?","M","R","?","R","T","E","R","M","R","M","R","BOSS"],"build_version":"2018-09-20","purchased_purges":0,"victory":false,"max_hp_per_floor":[70,70,70,75,75,75,75,75,75,76,76,77,77,78,78,78],"card_choices":[{"not_picked":["Sucker Punch","Dagger Throw"],"picked":"Blade Dance","floor":1},{"not_picked":["Underhanded Strike","Poisoned Stab"],"picked":"Leg Sweep","floor":3},{"not_picked":["Outmaneuver","Prepared"],"picked":"Acrobatics","floor":5},{"not_picked":["Outmaneuver","Calculated Gamble","Deflect"],"picked":"SKIP","floor":10},{"not_picked":["Poisoned Stab","Flying Knee","Prepared"],"picked":"SKIP","floor":12},{"not_picked":["PiercingWail","Deflect"],"picked":"Poisoned Stab","floor":14}],"player_experience":145621,"relics_obtained":[{"floor":9,"key":"MawBank"},{"floor":10,"key":"Matryoshka"}],"event_choices":[{"event_name":"Big Fish","player_choice":"Donut","floor":4,"damage_taken":0},{"event_name":"FaceTrader","player_choice":"Trade","floor":7,"damage_taken":0}],"is_beta":false,"boss_relics":[],"items_purged_floors":[],"is_endless":false,"potions_floor_spawned":[3,5],"killed_by":"Slime Boss","ascension_level":7}