{"gold_per_floor":[116,134,134,153,78,78,78,78,102,102,14,14,33,43,43,122,122,133,133,33,51,51,51,82,92,119,137,137,154,29,60,60,137,137,150,150,196,196,46,80,80,180,207,234,265,265,284,144,144,144,144,144,144,79,114,114],"floor_reached":56,"playtime":3204,"items_purged":["Strike_G","Bane","Storm of Steel","Finisher","Dagger Throw"],"score":2568,"play_id":"bdd85a5b-094a-47b1-b3d3-296124a2ac94","local_time":"20190302192741","is_ascension_mode":true,"campfire_choices":[{"data":"Noxious Fumes","floor":6.0,"key":"SMITH"},{"data":"Acrobatics","floor":8.0,"key":"SMITH"},{"data":"Concentrate","floor":10.0,"key":"SMITH"},{"data":"Skewer","floor":15.0,"key":"SMITH"},{"data":"Acrobatics","floor":23.0,"key":"SMITH"},{"data":"Well Laid Plans","floor":28.0,"key":"SMITH"},{"data":"Doppelganger","floor":32.0,"key":"SMITH"},{"data":"Eviscerate","floor":41.0,"key":"SMITH"},{"floor":46.0,"key":"RECALL"},{"data":"Calculated Gamble","floor":49.0,"key":"SMITH"},{"data":"Skewer+1","floor":53.0,"key":"PURGE"}],"neow_cost":"NONE","seed_source_timestamp":28084854862507,"circlet_count":0,"master_deck":["AscendersBane","Survivor","Neutralize","Noxious Fumes+1","Concentrate+1","Acrobatics+1","Well Laid Plans+1","Doppelganger+1","Calculated Gamble+1","Eviscerate+1","Acrobatics+1","After Image","Adrenaline"],"special_seed":0,"relics":["Ring of the Snake","NeowsBlessing","Centennial Puzzle","Pandora\u0027s Box","Ancient Tea Set","Blood Vial","WristBlade","WingedGreaves","The Courier","Peace Pipe","Oddly Smooth Stone","Dream Catcher","Molten Egg 2","Dodecahedron"],"potions_floor_usage":[56],"damage_taken":[{"damage":0.0,"enemies":"2 Louse","floor":1.0,"turns":1.0},{"damage":0.0,"enemies":"Jaw Worm","floor":2.0,"turns":1.0},{"damage":0.0,"enemies":"Cultist","floor":4.0,"turns":1.0},{"damage":2.0,"enemies":"3 Louse","floor":13.0,"turns":4.0},{"damage":8.0,"enemies":"Large Slime","floor":14.0,"turns":9.0},{"damage":42.0,"enemies":"Hexaghost","floor":16.0,"turns":9.0},{"damage":0.0,"enemies":"3 Byrds","floor":18.0,"turns":3.0},{"damage":3.0,"enemies":"Shell Parasite","floor":21.0,"turns":2.0},{"damage":0.0,"enemies":"Book of Stabbing","floor":24.0,"turns":3.0},{"damage":4.0,"enemies":"Centurion and Healer","floor":25.0,"turns":4.0},{"damage":0.0,"enemies":"Snecko","floor":27.0,"turns":3.0},{"damage":6.0,"enemies":"Shelled Parasite and Fungi","floor":29.0,"turns":2.0},{"damage":11.0,"enemies":"Slavers","floor":31.0,"turns":3.0},{"damage":0.0,"enemies":"Champ","floor":33.0,"turns":4.0},{"damage":8.0,"enemies":"Orb Walker","floor":35.0,"turns":2.0},{"damage":1.0,"enemies":"2 Orb Walkers","floor":37.0,"turns":2.0},{"damage":0.0,"enemies":"Reptomancer","floor":40.0,"turns":3.0},{"damage":0.0,"enemies":"Mind Bloom Boss Battle","floor":42.0,"turns":2.0},{"damage":0.0,"enemies":"Giant Head","floor":44.0,"turns":2.0},{"damage":0.0,"enemies":"Nemesis","floor":45.0,"turns":3.0},{"damage":0.0,"enemies":"3 Darklings","floor":47.0,"turns":2.0},{"damage":0.0,"enemies":"Donu and Deca","floor":50.0,"turns":2.0},{"damage":0.0,"enemies":"Awakened One","floor":51.0,"turns":3.0},{"damage":0.0,"enemies":"Shield and Spear","floor":55.0,"turns":1.0},{"damage":67,"enemies":"The Heart","floor":56,"turns":4}],"seed_played":"-4948690443677945957","potions_obtained":[{"floor":2.0,"key":"Poison Potion"},{"floor":4.0,"key":"Swift Potion"},{"floor":16.0,"key":"PowerPotion"},{"floor":18.0,"key":"EssenceOfSteel"},{"floor":21.0,"key":"SpeedPotion"},{"floor":31.0,"key":"LiquidBronze"},{"floor":37.0,"key":"GhostInAJar"}],"is_trial":false,"path_per_floor":["M","M","?","M","$","R","?","R","T","R","$","$","M","M","R","B",null,"M","?","$","M","?","R","E","M","T","M","R","M","$","E","R","B",null,"M","?","?","?","$","E","R","?","T","E","E","R","M","$","R","B","B",null,"R","$","E","B"],"character_chosen":"THE_SILENT","items_purchased":["Well Laid Plans","GamblersBrew"],"campfire_rested":0,"item_purchase_floors":[11,54],"current_hp_per_floor":[59,59,52,52,52,52,57,57,57,57,57,57,55,47,47,5,55,55,55,55,52,52,52,52,48,48,48,48,42,42,31,31,33,62,56,56,57,57,57,59,59,61,61,63,65,65,67,67,67,67,67,67,67,67,67,0],"gold":114,"neow_bonus":"THREE_ENEMY_KILL","is_prod":false,"is_daily":false,"chose_seed":false,"campfire_upgraded":9,"win_rate":0,"timestamp":1551526061,"path_taken":["M","M","?","M","$","R","?","R","T","R","?","$","?","M","R","BOSS","M","?","$","M","?","R","E","M","T","?","R","M","$","E","R","BOSS","M","?","?","?","$","E","R","?","T","E","E","R","M","$","R","BOSS","BOSS","R","$","E","BOSS"],"build_version":"2019-01-23","purchased_purges":5,"victory":false,"max_hp_per_floor":[66,66,66,66,66,66,71,71,71,71,71,71,71,71,71,71,71,71,71,71,71,71,71,71,71,71,71,71,71,71,71,71,71,71,71,67,67,67,67,67,67,67,67,67,67,67,67,67,67,67,67,67,67,67,67,67],"card_choices":[{"not_picked":["Slice","Dodge and Roll"],"picked":"Noxious Fumes","floor":1.0},{"not_picked":["Dodge and Roll","Slice"],"picked":"Concentrate","floor":2.0},{"not_picked":["Infinite Blades","Bane"],"picked":"Acrobatics","floor":4.0},{"not_picked":["Deflect","Flying Knee","Sucker Punch"],"picked":"SKIP","floor":13.0},{"not_picked":["Dodge and Roll","Accuracy"],"picked":"Skewer","floor":14.0},{"not_picked":["Bane","Poisoned Stab"],"picked":"Acrobatics","floor":18.0},{"not_picked":["Quick Slash","Flechettes+1","Masterful Stab"],"picked":"SKIP","floor":21.0},{"not_picked":["Quick Slash+1","Dagger Spray","Cloak And Dagger"],"picked":"SKIP","floor":24.0},{"not_picked":["Flying Knee","Quick Slash","Eviscerate"],"picked":"SKIP","floor":25.0},{"not_picked":["Crippling Poison","Dodge and Roll+1","Masterful Stab"],"picked":"SKIP","floor":27.0},{"not_picked":["Finisher","Bane","Tools of the Trade"],"picked":"SKIP","floor":29.0},{"not_picked":["Slice","Heel Hook","Dash"],"picked":"SKIP","floor":31.0},{"not_picked":["Storm of Steel","Corpse Explosion"],"picked":"Adrenaline","floor":33.0},{"not_picked":["Outmaneuver+1","Bouncing Flask","Dodge and Roll"],"picked":"SKIP","floor":35.0},{"not_picked":["Flying Knee+1","Dagger Spray","Concentrate+1"],"picked":"SKIP","floor":40.0},{"not_picked":["All Out Attack","Leg Sweep","Prepared+1"],"picked":"SKIP","floor":44.0},{"not_picked":["Blur","Catalyst","Cloak And Dagger"],"picked":"SKIP","floor":45.0},{"not_picked":["Blade Dance+1","Burst","Distraction"],"picked":"SKIP","floor":47.0},{"not_picked":["Glass Knife+1","Heel Hook+1","Blur+1"],"picked":"SKIP","floor":55.0}],"player_experience":3268424,"relics_obtained":[{"floor":9.0,"key":"Centennial Puzzle"},{"floor":24.0,"key":"Ancient Tea Set"},{"floor":31.0,"key":"Blood Vial"},{"floor":37.0,"key":"WingedGreaves"},{"floor":40.0,"key":"The Courier"},{"floor":42.0,"key":"Peace Pipe"},{"floor":43.0,"key":"Oddly Smooth Stone"},{"floor":44.0,"key":"Dream Catcher"},{"floor":45.0,"key":"Molten Egg 2"},{"floor":55.0,"key":"Dodecahedron"}],"event_choices":[{"cards_removed":["Strike_G"],"damage_healed":0.0,"max_hp_gain":0.0,"max_hp_loss":0.0,"gold_gain":0.0,"event_name":"Golden Wing","player_choice":"Card Removal","floor":3.0,"gold_loss":0.0,"damage_taken":7.0},{"damage_healed":0.0,"max_hp_gain":5.0,"max_hp_loss":0.0,"gold_gain":0.0,"event_name":"Big Fish","player_choice":"Donut","floor":7.0,"gold_loss":0.0,"damage_taken":0.0},{"damage_healed":0.0,"max_hp_gain":0.0,"max_hp_loss":0.0,"gold_gain":0.0,"event_name":"The Mausoleum","player_choice":"Ignored","floor":19.0,"gold_loss":0.0,"damage_taken":0.0},{"damage_healed":0.0,"max_hp_gain":0.0,"max_hp_loss":0.0,"gold_gain":0.0,"event_name":"Match and Keep!","player_choice":"1 cards matched","floor":22.0,"gold_loss":0.0,"damage_taken":0.0,"cards_obtained":["After Image"]},{"damage_healed":0.0,"max_hp_gain":0.0,"max_hp_loss":4.0,"gold_gain":0.0,"event_name":"Winding Halls","player_choice":"Max HP","floor":36.0,"gold_loss":0.0,"damage_taken":0.0},{"damage_healed":0.0,"max_hp_gain":0.0,"max_hp_loss":0.0,"gold_gain":0.0,"event_name":"Mysterious Sphere","player_choice":"Fight","floor":37.0,"gold_loss":0.0,"damage_taken":0.0},{"cards_removed":["Deadly Poison"],"damage_healed":0.0,"max_hp_gain":0.0,"max_hp_loss":0.0,"gold_gain":0.0,"event_name":"Falling","player_choice":"Removed Skill","floor":38.0,"gold_loss":0.0,"damage_taken":0.0},{"damage_healed":0.0,"max_hp_gain":0.0,"max_hp_loss":0.0,"gold_gain":0.0,"event_name":"MindBloom","player_choice":"Fight","floor":42.0,"gold_loss":0.0,"damage_taken":0.0}],"is_beta":false,"boss_relics":[{"not_picked":["Orrery","HoveringKite"],"picked":"Pandora\u0027s Box"},{"not_picked":["Philosopher\u0027s Stone","Ring of the Serpent"],"picked":"WristBlade"}],"items_purged_floors":[5,20,30,39,48],"is_endless":false,"potions_floor_spawned":[2,4,13,16,18,21,24,31,33,37,40,47],"killed_by":"The Heart","ascension_level":20}