{"gold_per_floor":[113,128,54,69,79,79,105,105,105,7,23,23,23,38,38,115,115,125,25,25,25,25,25,40,40,40,59,69,69,83,94,94,94],"floor_reached":33,"playtime":848,"items_purged":["Strike_G","Strike_G"],"score":523,"play_id":"73ab83eb-7f85-4a76-a25c-37d90b9e7abe","local_time":"20190220184036","is_ascension_mode":true,"campfire_choices":[{"data":"Blade Dance","floor":6,"key":"SMITH"},{"data":"Accuracy","floor":8,"key":"SMITH"},{"data":"Noxious Fumes","floor":15,"key":"SMITH"},{"data":"Well Laid Plans","floor":23,"key":"SMITH"},{"data":"Neutralize","floor":25,"key":"SMITH"},{"data":"Cloak And Dagger","floor":29,"key":"SMITH"},{"floor":32,"key":"REST"}],"neow_cost":"NONE","seed_source_timestamp":254286680258323,"circlet_count":0,"master_deck":["AscendersBane","Defend_G","Defend_G","Defend_G","Defend_G","Defend_G","Strike_G","Neutralize+1","Deadly Poison","Blade Dance+1","Slice+1","Accuracy+1","Noxious Fumes+1","Backflip","Quick Slash+1","Well Laid Plans+1","Backflip","Cloak And Dagger+1","Flechettes+1"],"relics":["Ring of the Snake","Boot","Molten Egg 2","Ninja Scroll","Mercury Hourglass","Sozu","Frozen Egg 2"],"potions_floor_usage":[27],"damage_taken":[{"damage":2,"enemies":"Small Slimes","floor":1,"turns":5},{"damage":0,"enemies":"Cultist","floor":2,"turns":3},{"damage":4,"enemies":"2 Louse","floor":4,"turns":3},{"damage":0,"enemies":"Blue Slaver","floor":5,"turns":3},{"damage":39,"enemies":"3 Sentries","floor":7,"turns":11},{"damage":0,"enemies":"Looter","floor":11,"turns":2},{"damage":0,"enemies":"Lots of Slimes","floor":14,"turns":2},{"damage":0,"enemies":"Hexaghost","floor":16,"turns":8},{"damage":22,"enemies":"Spheric Guardian","floor":18,"turns":4},{"damage":0,"enemies":"Chosen","floor":24,"turns":4},{"damage":5,"enemies":"Shelled Parasite and Fungi","floor":27,"turns":4},{"damage":0,"enemies":"Cultist and Chosen","floor":28,"turns":4},{"damage":21,"enemies":"Snake Plant","floor":30,"turns":4},{"damage":4,"enemies":"Centurion and Healer","floor":31,"turns":5},{"damage":37,"enemies":"Automaton","floor":33,"turns":6}],"seed_played":"5289663496114345540","potions_obtained":[{"floor":11,"key":"Explosive Potion"},{"floor":14,"key":"SkillPotion"}],"is_trial":false,"path_per_floor":["M","M","?","M","M","R","E","R","T","$","M","$","?","M","R","B",null,"M","$","?","?","?","R","M","R","T","M","M","R","M","M","R","B"],"character_chosen":"THE_SILENT","items_purchased":["Backflip"],"campfire_rested":1,"item_purchase_floors":[10],"current_hp_per_floor":[57,57,57,53,53,53,14,14,14,14,14,14,14,14,14,14,53,31,31,31,31,31,31,31,31,31,26,26,26,5,1,20,0],"gold":94,"neow_bonus":"RANDOM_COMMON_RELIC","is_prod":false,"is_daily":false,"chose_seed":false,"campfire_upgraded":6,"win_rate":0,"timestamp":1550659236,"path_taken":["M","M","?","M","?","R","E","R","T","?","M","$","?","M","R","BOSS","M","$","?","?","?","R","M","R","T","?","M","R","M","M","R","BOSS"],"build_version":"2019-01-23","purchased_purges":2,"victory":false,"max_hp_per_floor":[66,66,66,66,66,66,66,66,66,66,66,66,66,66,66,66,66,66,66,66,66,66,66,66,66,66,66,66,66,66,66,66,66],"card_choices":[{"not_picked":["Underhanded Strike","Dagger Spray"],"picked":"Deadly Poison","floor":1},{"not_picked":["Sucker Punch","Slice"],"picked":"Blade Dance","floor":2},{"not_picked":["Outmaneuver","Deflect"],"picked":"Slice+1","floor":4},{"not_picked":["Footwork","A Thousand Cuts"],"picked":"Accuracy","floor":5},{"not_picked":["PiercingWail","Acrobatics"],"picked":"Noxious Fumes","floor":7},{"not_picked":["Flying Knee+1","Concentrate","Slice+1"],"picked":"SKIP","floor":11},{"not_picked":["Prepared","Sucker Punch+1","Poisoned Stab+1"],"picked":"SKIP","floor":14},{"not_picked":["Bane+1","Setup"],"picked":"Well Laid Plans","floor":18},{"not_picked":["Accuracy","Catalyst","Caltrops"],"picked":"SKIP","floor":24},{"not_picked":["Underhanded Strike+1","Flying Knee+1"],"picked":"Backflip","floor":27},{"not_picked":["Catalyst","Acrobatics"],"picked":"Cloak And Dagger","floor":28},{"not_picked":["PiercingWail","Underhanded Strike+1","Deflect"],"picked":"SKIP","floor":30},{"not_picked":["Deadly Poison","Riddle With Holes+1"],"picked":"Flechettes+1","floor":31}],"player_experience":865530,"relics_obtained":[{"floor":7,"key":"Ninja Scroll"},{"floor":9,"key":"Mercury Hourglass"},{"floor":26,"key":"Frozen Egg 2"}],"event_choices":[{"damage_healed":0,"gold_gain":0,"player_choice":"Paid Gold","damage_taken":0,"relics_obtained":["Molten Egg 2"],"max_hp_gain":0,"max_hp_loss":0,"event_name":"WeMeetAgain","floor":3,"gold_loss":74},{"damage_healed":0,"gold_gain":0,"cards_transformed":["Strike_G"],"player_choice":"Change","damage_taken":0,"max_hp_gain":0,"max_hp_loss":0,"event_name":"Living Wall","floor":13,"gold_loss":0,"cards_obtained":["Quick Slash"]},{"damage_healed":0,"gold_gain":0,"player_choice":"Ignored","damage_taken":0,"max_hp_gain":0,"max_hp_loss":0,"event_name":"Beggar","floor":20,"gold_loss":0},{"cards_removed":["Survivor"],"damage_healed":0,"gold_gain":0,"player_choice":"Elegance","damage_taken":0,"max_hp_gain":0,"max_hp_loss":0,"event_name":"Back to Basics","floor":21,"gold_loss":0},{"cards_removed":["Strike_G"],"damage_healed":0,"gold_gain":0,"player_choice":"Card Removal","damage_taken":0,"max_hp_gain":0,"max_hp_loss":0,"event_name":"Wheel of Change","floor":22,"gold_loss":0}],"is_beta":false,"boss_relics":[{"not_picked":["Lizard Tail","Runic Pyramid"],"picked":"Sozu"}],"items_purged_floors":[10,19],"is_endless":false,"potions_floor_spawned":[11,14,16,27,28,30],"killed_by":"Automaton","ascension_level":15}