{"gold_per_floor":[113,113,113,113,131,131,151,151,201,201,201,126,126,126],"floor_reached":14,"playtime":419,"items_purged":["Strike_G"],"score":152,"play_id":"4aea3c51-fadf-4b36-8ad6-ec1a4a01ae01","local_time":"20190224233416","is_ascension_mode":true,"campfire_choices":[{"data":"Deadly Poison","floor":6,"key":"SMITH"},{"data":"Neutralize","floor":8,"key":"SMITH"},{"data":"Defend_G","floor":11,"key":"SMITH"},{"floor":13,"key":"RECALL"}],"neow_cost":"NONE","seed_source_timestamp":40860243099569,"circlet_count":0,"master_deck":["AscendersBane","Defend_G+1","Defend_G+1","Defend_G+1","Defend_G","Defend_G+1","Strike_G","Strike_G","Survivor+1","Neutralize+1","Endless Agony","Deadly Poison+1"],"special_seed":0,"relics":["Ring of the Snake","NeowsBlessing","War Paint"],"potions_floor_usage":[14],"damage_taken":[{"damage":0.0,"enemies":"Cultist","floor":1.0,"turns":1.0},{"damage":0,"enemies":"Small Slimes","floor":5,"turns":1},{"damage":0,"enemies":"2 Louse","floor":7,"turns":1},{"damage":16,"enemies":"3 Sentries","floor":14,"turns":10}],"seed_played":"4605432183171503091","potions_obtained":[{"floor":5,"key":"PowerPotion"},{"floor":7,"key":"EssenceOfSteel"}],"is_trial":false,"path_per_floor":["M","?","?","?","M","R","M","R","T","?","R","$","R","E"],"character_chosen":"THE_SILENT","items_purchased":[],"campfire_rested":0,"item_purchase_floors":[],"current_hp_per_floor":[59,64,64,43,43,43,43,43,43,36,36,36,36,20],"gold":126,"neow_bonus":"THREE_ENEMY_KILL","is_prod":false,"is_daily":false,"chose_seed":false,"campfire_upgraded":3,"win_rate":0,"timestamp":1551022456,"path_taken":["M","?","?","?","M","R","M","R","T","?","R","$","R","E"],"build_version":"2019-01-23","purchased_purges":1,"victory":false,"max_hp_per_floor":[66,71,71,71,71,71,71,71,71,71,71,71,71,71],"card_choices":[{"not_picked":["Dagger Spray","Terror"],"picked":"Endless Agony","floor":1.0},{"not_picked":["Underhanded Strike","Deflect"],"picked":"Deadly Poison","floor":5},{"not_picked":["Concentrate","Cloak And Dagger","Dodge and Roll"],"picked":"SKIP","floor":7}],"player_experience":3115281,"relics_obtained":[{"floor":9,"key":"War Paint"}],"event_choices":[{"damage_healed":0.0,"max_hp_gain":5.0,"max_hp_loss":0.0,"gold_gain":0.0,"event_name":"Big Fish","player_choice":"Donut","floor":2.0,"gold_loss":0.0,"damage_taken":0.0},{"cards_removed":["Strike_G"],"damage_healed":0,"gold_gain":0,"player_choice":"Forget","damage_taken":0,"max_hp_gain":0,"max_hp_loss":0,"event_name":"Living Wall","floor":3,"gold_loss":0},{"damage_healed":0,"gold_gain":0,"player_choice":"Entered Light","damage_taken":21,"max_hp_gain":0,"max_hp_loss":0,"event_name":"Shining Light","floor":4,"gold_loss":0,"cards_upgraded":["Defend_G","Survivor"]},{"cards_removed":["Strike_G"],"damage_healed":0,"gold_gain":0,"player_choice":"Card Removal","damage_taken":7,"max_hp_gain":0,"max_hp_loss":0,"event_name":"Golden Wing","floor":10,"gold_loss":0}],"is_beta":false,"boss_relics":[],"items_purged_floors":[12],"is_endless":false,"potions_floor_spawned":[5,7],"killed_by":"3 Sentries","ascension_level":20}