{"gold_per_floor":[119,14,14,89,239,239,270,270,270,287,315,171,171,185,185,261,261,281,281,297,317,317,351,351,201,201,51,51,51,51,67,67,144,144,155,174,184,208,608,608,621,621,672,672,672,275,275,294,294,294,294,294,294,94,129,129],"floor_reached":57,"playtime":2830,"items_purged":["Defend_G","Doubt","Strike_G","Strike_G","Defend_G","Defend_G"],"score":2848,"play_id":"b59367d5-dabb-49ac-b7e2-f2e1e749da51","local_time":"20190427015415","is_ascension_mode":true,"campfire_choices":[{"data":"Neutralize","floor":6.0,"key":"SMITH"},{"data":"All Out Attack","floor":8.0,"key":"SMITH"},{"data":"Well Laid Plans","floor":15.0,"key":"SMITH"},{"data":"Tactician","floor":24.0,"key":"SMITH"},{"data":"Wraith Form v2","floor":29.0,"key":"SMITH"},{"data":"Grand Finale","floor":32.0,"key":"SMITH"},{"floor":40.0,"key":"RECALL"},{"data":"After Image","floor":42.0,"key":"SMITH"},{"data":"Survivor","floor":44.0,"key":"SMITH"},{"data":"After Image","floor":47.0,"key":"SMITH"},{"data":"Defend_G","floor":49.0,"key":"SMITH"},{"data":"Defend_G","floor":53.0,"key":"SMITH"}],"neow_cost":"NONE","seed_source_timestamp":44287019418067,"circlet_count":0,"master_deck":["AscendersBane","Defend_G+1","Defend_G+1","Survivor+1","Neutralize+1","Tactician+1","Dagger Throw","All Out Attack+1","Terror+1","Cloak And Dagger+1","Well Laid Plans+1","Caltrops","Grand Finale+1","Prepared+1","Prepared+1","After Image+1","Corpse Explosion+1","Unload","Wraith Form v2+1","Acrobatics+1","After Image+1","Acrobatics+1","Purity+1","Panacea+1","Finesse+1","Chill+1","Reaper"],"special_seed":0,"relics":["Ring of the Snake","NeowsBlessing","Bag of Marbles","Toxic Egg 2","Ornamental Fan","Nloth\u0027s Gift","Unceasing Top","Pantograph","Old Coin","Boot","PrismaticShard","Pocketwatch"],"potions_floor_usage":[56,56],"damage_taken":[{"damage":0.0,"enemies":"Cultist","floor":1.0,"turns":1.0},{"damage":0.0,"enemies":"Lagavulin","floor":7.0,"turns":1.0},{"damage":0.0,"enemies":"Small Slimes","floor":10.0,"turns":1.0},{"damage":24.0,"enemies":"3 Sentries","floor":11.0,"turns":9.0},{"damage":0.0,"enemies":"2 Louse","floor":14.0,"turns":2.0},{"damage":14.0,"enemies":"The Guardian","floor":16.0,"turns":12.0},{"damage":0.0,"enemies":"Spheric Guardian","floor":18.0,"turns":3.0},{"damage":2.0,"enemies":"2 Thieves","floor":20.0,"turns":5.0},{"damage":13.0,"enemies":"Snecko","floor":21.0,"turns":6.0},{"damage":26.0,"enemies":"Slavers","floor":23.0,"turns":4.0},{"damage":0.0,"enemies":"Cultist and Chosen","floor":31.0,"turns":4.0},{"damage":0.0,"enemies":"Automaton","floor":33.0,"turns":5.0},{"damage":0.0,"enemies":"3 Shapes","floor":35.0,"turns":4.0},{"damage":10.0,"enemies":"Orb Walker","floor":36.0,"turns":4.0},{"damage":0.0,"enemies":"Maw","floor":37.0,"turns":6.0},{"damage":0.0,"enemies":"Mind Bloom Boss Battle","floor":39.0,"turns":4.0},{"damage":0.0,"enemies":"Spire Growth","floor":41.0,"turns":5.0},{"damage":0.0,"enemies":"Sphere and 2 Shapes","floor":48.0,"turns":5.0},{"damage":0.0,"enemies":"Donu and Deca","floor":50.0,"turns":7.0},{"damage":15.0,"enemies":"Time Eater","floor":51.0,"turns":6.0},{"damage":29.0,"enemies":"Shield and Spear","floor":55.0,"turns":6.0},{"damage":10,"enemies":"The Heart","floor":56,"turns":7}],"seed_played":"-8826276103175516610","potions_obtained":[{"floor":7.0,"key":"Ancient Potion"},{"floor":14.0,"key":"AttackPotion"},{"floor":18.0,"key":"Dexterity Potion"},{"floor":31.0,"key":"Dexterity Potion"}],"is_trial":false,"path_per_floor":["M","$","?","?","?","R","E","R","T","M","E","$","?","M","R","B",null,"M","?","M","M","?","E","R","$","T","$","?","R","?","M","R","B",null,"M","M","M","T","?","R","M","R","T","R","?","$","R","M","R","B","B",null,"R","$","E","B",null],"character_chosen":"THE_SILENT","items_purchased":["Dagger Throw","Well Laid Plans","Acrobatics+1","PrismaticShard"],"campfire_rested":0,"item_purchase_floors":[2,12,25,46],"current_hp_per_floor":[59,59,64,53,53,53,53,53,53,53,29,29,29,29,29,15,57,57,57,55,42,42,16,16,16,16,16,16,16,16,16,16,41,64,64,54,54,54,71,71,71,71,71,71,61,61,61,61,61,71,56,67,67,67,38,59],"gold":129,"neow_bonus":"THREE_ENEMY_KILL","is_prod":false,"is_daily":false,"chose_seed":false,"campfire_upgraded":11,"win_rate":0,"timestamp":1556301255,"path_taken":["M","$","?","?","?","R","E","R","T","M","E","$","?","M","R","BOSS","M","?","?","M","?","E","R","$","T","$","?","R","?","M","R","BOSS","M","?","M","?","?","R","M","R","T","R","?","$","R","M","R","BOSS","BOSS","R","$","E","BOSS"],"build_version":"2019-01-23","purchased_purges":6,"victory":true,"max_hp_per_floor":[66,66,71,71,71,71,71,71,71,71,71,71,71,71,71,71,71,71,71,71,71,71,71,71,71,71,71,71,71,71,71,71,71,71,71,71,71,71,71,71,71,71,71,71,71,71,71,71,71,71,71,71,71,71,71,71],"card_choices":[{"not_picked":["Underhanded Strike","Infinite Blades"],"picked":"Tactician","floor":1.0},{"not_picked":["Underhanded Strike","Deflect"],"picked":"All Out Attack","floor":7.0},{"not_picked":["Leg Sweep+1","Blade Dance+1"],"picked":"Terror+1","floor":10.0},{"not_picked":["Tactician+1","Setup+1"],"picked":"Cloak And Dagger+1","floor":11.0},{"not_picked":["Sucker Punch","Skewer"],"picked":"Caltrops","floor":14.0},{"not_picked":["Glass Knife","Venomology+1"],"picked":"Grand Finale","floor":16.0},{"not_picked":["Reflex+1","Bouncing Flask+1"],"picked":"Prepared+1","floor":17.0},{"not_picked":["PiercingWail+1","Accuracy"],"picked":"Prepared+1","floor":17.0},{"not_picked":["Riddle With Holes","Slice"],"picked":"After Image","floor":18.0},{"not_picked":["Flying Knee","Dagger Throw","Deadly Poison+1"],"picked":"SKIP","floor":20.0},{"not_picked":["PiercingWail+1","Sucker Punch","Underhanded Strike"],"picked":"SKIP","floor":21.0},{"not_picked":["Outmaneuver+1","Eviscerate"],"picked":"Wraith Form v2","floor":23.0},{"not_picked":["Slice","Deadly Poison+1"],"picked":"Acrobatics+1","floor":31.0},{"not_picked":["Blur+1","Well Laid Plans","Expertise+1"],"picked":"SKIP","floor":35.0},{"not_picked":["Skewer+1","Dagger Throw","Acrobatics+1"],"picked":"SKIP","floor":36.0},{"not_picked":["Sucker Punch","Leg Sweep+1","Catalyst+1"],"picked":"SKIP","floor":37.0},{"not_picked":["Dodge and Roll+1","Blade Dance+1","Outmaneuver+1"],"picked":"SKIP","floor":41.0},{"not_picked":["Impatience+1","Finesse+1"],"picked":"Purity+1","floor":45.0},{"not_picked":["Deep Breath+1","The Bomb+1"],"picked":"Panacea+1","floor":45.0},{"not_picked":["Magnetism","Transmutation+1"],"picked":"Finesse+1","floor":45.0},{"not_picked":["Clothesline","Pummel"],"picked":"Chill+1","floor":48.0},{"not_picked":["Sadistic Nature","Underhanded Strike"],"picked":"Reaper","floor":55.0}],"player_experience":4541504,"relics_obtained":[{"floor":7.0,"key":"Bag of Marbles"},{"floor":9.0,"key":"Toxic Egg 2"},{"floor":11.0,"key":"Ornamental Fan"},{"floor":23.0,"key":"Unceasing Top"},{"floor":26.0,"key":"Pantograph"},{"floor":39.0,"key":"Old Coin"},{"floor":43.0,"key":"Boot"},{"floor":55.0,"key":"Pocketwatch"}],"event_choices":[{"damage_healed":0.0,"max_hp_gain":5.0,"max_hp_loss":0.0,"gold_gain":0.0,"event_name":"Big Fish","player_choice":"Donut","floor":3.0,"gold_loss":0.0,"damage_taken":0.0},{"damage_healed":0.0,"max_hp_gain":0.0,"max_hp_loss":0.0,"gold_gain":75.0,"event_name":"World of Goop","player_choice":"Gather Gold","floor":4.0,"gold_loss":0.0,"damage_taken":11.0},{"damage_healed":0.0,"max_hp_gain":0.0,"max_hp_loss":0.0,"gold_gain":150.0,"event_name":"Liars Game","player_choice":"AGREE","floor":5.0,"gold_loss":0.0,"damage_taken":0.0,"cards_obtained":["Doubt"]},{"cards_removed":["Strike_G"],"damage_healed":0.0,"max_hp_gain":0.0,"max_hp_loss":0.0,"gold_gain":0.0,"event_name":"Living Wall","player_choice":"Forget","floor":13.0,"gold_loss":0.0,"damage_taken":0.0},{"damage_healed":0.0,"max_hp_gain":0.0,"max_hp_loss":0.0,"gold_gain":0.0,"event_name":"N\u0027loth","player_choice":"Traded Relic","floor":19.0,"relics_lost":["Orrery"],"gold_loss":0.0,"damage_taken":0.0,"relics_obtained":["Nloth\u0027s Gift"]},{"damage_healed":0.0,"max_hp_gain":0.0,"max_hp_loss":0.0,"gold_gain":0.0,"cards_transformed":["Strike_G","Strike_G"],"event_name":"Drug Dealer","player_choice":"Became Test Subject","floor":22.0,"gold_loss":0.0,"damage_taken":0.0,"cards_obtained":["Corpse Explosion","Unload"]},{"damage_healed":0.0,"max_hp_gain":0.0,"max_hp_loss":0.0,"gold_gain":0.0,"event_name":"The Mausoleum","player_choice":"Ignored","floor":28.0,"gold_loss":0.0,"damage_taken":0.0},{"damage_healed":0.0,"max_hp_gain":0.0,"max_hp_loss":0.0,"gold_gain":0.0,"event_name":"Match and Keep!","player_choice":"1 cards matched","floor":30.0,"gold_loss":0.0,"damage_taken":0.0,"cards_obtained":["After Image"]},{"damage_healed":0.0,"max_hp_gain":0.0,"max_hp_loss":0.0,"gold_gain":0.0,"event_name":"MindBloom","player_choice":"Fight","floor":39.0,"gold_loss":0.0,"damage_taken":0.0},{"damage_healed":0.0,"max_hp_gain":0.0,"max_hp_loss":0.0,"gold_gain":0.0,"event_name":"SensoryStone","player_choice":"Memory 3","floor":45.0,"gold_loss":0.0,"damage_taken":10.0}],"is_beta":false,"boss_relics":[{"not_picked":["Cursed Key","Calling Bell"],"picked":"Orrery"},{"not_picked":["Snecko Eye","White Beast Statue","Eternal Feather"]}],"items_purged_floors":[2,12,25,27,46,54],"is_endless":false,"potions_floor_spawned":[7,14,16,18,31,33,39,48],"ascension_level":20}