{"gold_per_floor":[118,38,38,38,50,84,84,118,118,136,2,2],"floor_reached":12,"playtime":226,"items_purged":["Strike_B"],"score":222,"play_id":"37dd0e9e-af38-4554-ae46-069da246459d","local_time":"20190608235931","is_ascension_mode":true,"campfire_choices":[{"data":"Zap","floor":7,"key":"SMITH"}],"neow_cost":"NONE","seed_source_timestamp":214268814589421,"circlet_count":0,"master_deck":["AscendersBane","Strike_B","Strike_B","Defend_B","Defend_B","Defend_B","Defend_B+1","Zap+1","Dualcast","Capacitor+1","Go for the Eyes","Meteor Strike","Hologram","Glacier","Barrage"],"relics":["Cracked Core","NeowsBlessing","Cables","Blood Vial"],"potions_floor_usage":[8,12],"damage_taken":[{"damage":0,"enemies":"2 Louse","floor":1,"turns":1},{"damage":0,"enemies":"Small Slimes","floor":5,"turns":1},{"damage":0,"enemies":"Lagavulin","floor":6,"turns":1},{"damage":34,"enemies":"3 Sentries","floor":8,"turns":8},{"damage":0,"enemies":"Jaw Worm","floor":10,"turns":3},{"damage":5,"enemies":"Gremlin Gang","floor":12,"turns":3}],"seed_played":"485122625043016971","potions_obtained":[{"floor":6,"key":"Strength Potion"},{"floor":10,"key":"Regen Potion"}],"is_trial":false,"path_per_floor":["M","$","?","?","M","E","R","E","T","M","$","M"],"character_chosen":"DEFECT","items_purchased":["Capacitor","Barrage"],"campfire_rested":0,"item_purchase_floors":[2,11],"current_hp_per_floor":[64,64,57,36,36,36,36,2,2,4,4,13],"gold":2,"neow_bonus":"THREE_ENEMY_KILL","is_prod":false,"is_daily":false,"chose_seed":false,"campfire_upgraded":1,"win_rate":0,"timestamp":1560005971,"path_taken":["M","$","?","?","M","E","R","E","T","M","?","M"],"build_version":"2019-01-23","purchased_purges":1,"victory":false,"max_hp_per_floor":[71,71,71,71,71,71,71,71,71,71,71,71],"card_choices":[{"not_picked":["Beam Cell","Sweeping Beam","Steam"],"picked":"SKIP","floor":1},{"not_picked":["Hologram","Redo"],"picked":"Go for the Eyes","floor":5},{"not_picked":["Doom and Gloom","Chill"],"picked":"Meteor Strike","floor":6},{"not_picked":["Rebound","Streamline"],"picked":"Hologram","floor":8},{"not_picked":["Auto Shields","Rebound"],"picked":"Glacier","floor":10}],"player_experience":571142,"relics_obtained":[{"floor":6,"key":"Cables"},{"floor":8,"key":"Blood Vial"}],"event_choices":[{"cards_removed":["Strike_B"],"damage_healed":0,"gold_gain":0,"player_choice":"Card Removal","damage_taken":7,"max_hp_gain":0,"max_hp_loss":0,"event_name":"Golden Wing","floor":3,"gold_loss":0},{"damage_healed":0,"gold_gain":0,"player_choice":"Entered Light","damage_taken":21,"max_hp_gain":0,"max_hp_loss":0,"event_name":"Shining Light","floor":4,"gold_loss":0,"cards_upgraded":["Defend_B","Capacitor"]}],"is_beta":false,"boss_relics":[],"items_purged_floors":[11],"is_endless":false,"potions_floor_spawned":[6,10],"killed_by":"Gremlin Gang","ascension_level":20}