{"gold_per_floor":[113,113,123,273,198,211,211,211,281,296,316,52,85,105,105,181,181,193,293,309,309,326,326,359,359,407,423,458,458,492,504,516,602,614,638,650,675,737,766,778,825,855,892,904,916,943,505,519,519,519,519,519,519,74,102,102],"floor_reached":57,"playtime":1601,"items_purged":["Doubt","Pain"],"score":3409,"play_id":"a54411f8-4686-408d-91cf-c994307b875e","local_time":"20190326134829","is_ascension_mode":true,"campfire_choices":[{"data":"True Grit","floor":7.0,"key":"SMITH"},{"data":"Clash","floor":15.0,"key":"SMITH"},{"data":"Feed","floor":23.0,"key":"SMITH"},{"data":"Offering","floor":29.0,"key":"SMITH"},{"data":"Evolve","floor":32.0,"key":"SMITH"},{"data":"Dual Wield","floor":40.0,"key":"SMITH"},{"floor":45.0,"key":"RECALL"},{"data":"Clash","floor":49.0,"key":"SMITH"},{"data":"Clash","floor":53.0,"key":"SMITH"}],"neow_cost":"","seed_source_timestamp":8190085170683,"circlet_count":0,"master_deck":["Impervious+1","Evolve+1","True Grit+1","Second Wind+1","Clash+1","Clash","Clash+1","Clash","Clash","Clash","Offering+1","Feed+1","Clash+1","Dual Wield+1","Clash+1"],"special_seed":0,"relics":["Burning Blood","Unceasing Top","WarpedTongs","Omamori","Runic Pyramid","Du-Vu Doll","Self Forming Clay","Regal Pillow","War Paint","Dream Catcher","MawBank","Enchiridion","Orrery","Boot","Oddly Smooth Stone","Ornamental Fan","Bronze Scales","FossilizedHelix","Sundial"],"potions_floor_usage":[56,56],"damage_taken":[{"damage":0.0,"enemies":"Cultist","floor":1.0,"turns":2.0},{"damage":0.0,"enemies":"Jaw Worm","floor":3.0,"turns":1.0},{"damage":0.0,"enemies":"2 Louse","floor":6.0,"turns":1.0},{"damage":0.0,"enemies":"Red Slaver","floor":10.0,"turns":2.0},{"damage":0.0,"enemies":"Looter","floor":11.0,"turns":1.0},{"damage":0.0,"enemies":"Lagavulin","floor":13.0,"turns":2.0},{"damage":0.0,"enemies":"2 Fungi Beasts","floor":14.0,"turns":2.0},{"damage":0.0,"enemies":"Slime Boss","floor":16.0,"turns":3.0},{"damage":7.0,"enemies":"2 Thieves","floor":18.0,"turns":2.0},{"damage":24.0,"enemies":"Colosseum Slavers","floor":19.0,"turns":2.0},{"damage":6.0,"enemies":"Colosseum Nobs","floor":19.0,"turns":1.0},{"damage":30.0,"enemies":"Chosen","floor":20.0,"turns":4.0},{"damage":6.0,"enemies":"Centurion and Healer","floor":22.0,"turns":3.0},{"damage":0.0,"enemies":"Slavers","floor":24.0,"turns":2.0},{"damage":6.0,"enemies":"Snake Plant","floor":27.0,"turns":2.0},{"damage":6.0,"enemies":"Gremlin Leader","floor":28.0,"turns":2.0},{"damage":6.0,"enemies":"Book of Stabbing","floor":30.0,"turns":2.0},{"damage":6.0,"enemies":"Champ","floor":33.0,"turns":2.0},{"damage":6.0,"enemies":"Orb Walker","floor":35.0,"turns":1.0},{"damage":10.0,"enemies":"3 Shapes","floor":37.0,"turns":2.0},{"damage":6.0,"enemies":"3 Darklings","floor":39.0,"turns":2.0},{"damage":14.0,"enemies":"Nemesis","floor":41.0,"turns":3.0},{"damage":6.0,"enemies":"Jaw Worm Horde","floor":42.0,"turns":2.0},{"damage":25.0,"enemies":"Writhing Mass","floor":46.0,"turns":3.0},{"damage":6.0,"enemies":"Maw","floor":48.0,"turns":2.0},{"damage":6.0,"enemies":"Donu and Deca","floor":50.0,"turns":4.0},{"damage":6.0,"enemies":"Awakened One","floor":51.0,"turns":4.0},{"damage":0.0,"enemies":"Shield and Spear","floor":55.0,"turns":1.0},{"damage":52,"enemies":"The Heart","floor":56,"turns":5}],"seed_played":"3983507519136012601","potions_obtained":[{"floor":1.0,"key":"LiquidBronze"},{"floor":10.0,"key":"Ancient Potion"},{"floor":16.0,"key":"SkillPotion"},{"floor":22.0,"key":"Fruit Juice"},{"floor":27.0,"key":"SkillPotion"},{"floor":30.0,"key":"EssenceOfSteel"},{"floor":37.0,"key":"SkillPotion"}],"is_trial":true,"path_per_floor":["M","$","M","?","$","M","R","?","T","M","M","$","E","M","R","B",null,"M","?","M","$","M","R","E","?","T","M","E","R","E","?","R","B",null,"M","?","M","?","M","R","E","M","T","?","R","M","$","M","R","B","B",null,"R","$","E","B",null],"character_chosen":"IRONCLAD","items_purchased":["Omamori","Ornamental Fan","Bronze Scales","FossilizedHelix","SkillPotion","Weak Potion"],"campfire_rested":0,"item_purchase_floors":[12,47,47,54,54,54],"current_hp_per_floor":[74,74,75,75,75,75,75,75,75,75,75,75,75,75,75,75,75,74,56,36,36,44,44,54,54,54,58,58,58,58,37,37,37,81,81,81,77,77,77,77,69,73,73,63,63,44,44,44,44,44,48,89,89,89,95,49],"gold":102,"neow_bonus":"","is_prod":false,"is_daily":false,"chose_seed":false,"campfire_upgraded":8,"win_rate":0,"timestamp":1553579309,"path_taken":["M","?","?","?","$","M","R","?","T","M","?","?","E","M","R","BOSS","M","?","M","$","M","R","E","?","T","M","E","R","E","?","R","BOSS","M","?","?","?","?","R","E","M","T","?","R","M","$","M","R","BOSS","BOSS","R","$","E","BOSS"],"build_version":"2019-01-23","purchased_purges":2,"victory":true,"max_hp_per_floor":[75,75,75,75,75,75,75,75,75,75,75,75,75,75,75,75,75,75,75,79,79,87,87,91,91,91,95,95,95,95,95,95,95,95,95,95,95,95,95,95,95,99,99,99,99,99,99,99,99,99,103,103,103,103,103,103],"card_choices":[{"not_picked":["Ghostly Armor","Searing Blow","Hemokinesis"],"picked":"SKIP","floor":1.0},{"not_picked":["Heavy Blade","Flex"],"picked":"Clash","floor":3.0},{"not_picked":["Cleave","Pommel Strike","Headbutt"],"picked":"SKIP","floor":6.0},{"not_picked":["Intimidate","Havoc","Dropkick"],"picked":"SKIP","floor":10.0},{"not_picked":["Thunderclap","Perfected Strike","Headbutt"],"picked":"SKIP","floor":11.0},{"not_picked":["Twin Strike","Iron Wave","Armaments"],"picked":"SKIP","floor":13.0},{"not_picked":["Headbutt","Burning Pact","Pommel Strike"],"picked":"SKIP","floor":14.0},{"not_picked":["Immolate","Demon Form"],"picked":"Offering","floor":16.0},{"not_picked":["Flex","Anger","Metallicize"],"picked":"SKIP","floor":18.0},{"not_picked":["Heavy Blade","Cleave"],"picked":"Feed","floor":19.0},{"not_picked":["Flex+1","Battle Trance","Whirlwind+1"],"picked":"SKIP","floor":20.0},{"not_picked":["Sentinel","Pommel Strike","Anger"],"picked":"SKIP","floor":22.0},{"not_picked":["Wild Strike","Feed","Burning Pact+1"],"picked":"SKIP","floor":24.0},{"not_picked":["Intimidate+1","Perfected Strike","Shrug It Off"],"picked":"SKIP","floor":27.0},{"not_picked":["Iron Wave+1","Ghostly Armor","Body Slam"],"picked":"SKIP","floor":28.0},{"not_picked":["Reckless Charge","Fire Breathing","Seeing Red"],"picked":"SKIP","floor":30.0},{"not_picked":["Iron Wave","Seeing Red"],"picked":"Clash","floor":34.0},{"not_picked":["Carnage","Pommel Strike"],"picked":"Dual Wield","floor":34.0},{"not_picked":["Anger+1","Dual Wield+1","Pummel"],"picked":"SKIP","floor":35.0},{"not_picked":["Blood for Blood","Body Slam","Wild Strike"],"picked":"SKIP","floor":37.0},{"not_picked":["Thunderclap","Pommel Strike","Carnage"],"picked":"SKIP","floor":39.0},{"not_picked":["Cleave","Thunderclap+1","Corruption+1"],"picked":"SKIP","floor":41.0},{"not_picked":["Metallicize+1","Thunderclap","Headbutt"],"picked":"SKIP","floor":42.0},{"not_picked":["Metallicize","Heavy Blade","Anger+1"],"picked":"SKIP","floor":46.0},{"not_picked":["Combust","Feel No Pain","Fire Breathing+1"],"picked":"SKIP","floor":48.0},{"not_picked":["Havoc","Headbutt","Fiend Fire"],"picked":"SKIP","floor":55.0}],"player_experience":3879203,"relics_obtained":[{"floor":19.0,"key":"Du-Vu Doll"},{"floor":19.0,"key":"Self Forming Clay"},{"floor":24.0,"key":"Regal Pillow"},{"floor":26.0,"key":"War Paint"},{"floor":28.0,"key":"Dream Catcher"},{"floor":30.0,"key":"MawBank"},{"floor":31.0,"key":"Enchiridion"},{"floor":41.0,"key":"Boot"},{"floor":43.0,"key":"Oddly Smooth Stone"},{"floor":55.0,"key":"Sundial"}],"event_choices":[{"damage_healed":0.0,"max_hp_gain":0.0,"max_hp_loss":0.0,"gold_gain":150.0,"event_name":"Liars Game","player_choice":"AGREE","floor":4.0,"gold_loss":0.0,"damage_taken":0.0,"cards_obtained":["Doubt"]},{"damage_healed":0.0,"max_hp_gain":0.0,"max_hp_loss":0.0,"gold_gain":0.0,"event_name":"Accursed Blacksmith","player_choice":"Rummage","floor":8.0,"gold_loss":0.0,"damage_taken":0.0,"relics_obtained":["WarpedTongs"],"cards_obtained":["Pain"]},{"damage_healed":0.0,"max_hp_gain":0.0,"max_hp_loss":0.0,"gold_gain":0.0,"event_name":"Colosseum","player_choice":"Fight","floor":19.0,"gold_loss":0.0,"damage_taken":0.0},{"damage_healed":0.0,"max_hp_gain":0.0,"max_hp_loss":0.0,"gold_gain":0.0,"event_name":"Colosseum","player_choice":"Fought Nobs","floor":19.0,"gold_loss":0.0,"damage_taken":0.0},{"damage_healed":0.0,"max_hp_gain":0.0,"max_hp_loss":0.0,"gold_gain":0.0,"event_name":"Back to Basics","player_choice":"Simplicity","floor":25.0,"gold_loss":0.0,"damage_taken":0.0,"cards_upgraded":[]},{"damage_healed":0.0,"max_hp_gain":0.0,"max_hp_loss":0.0,"gold_gain":0.0,"event_name":"Cursed Tome","player_choice":"Obtained Book","floor":31.0,"gold_loss":0.0,"damage_taken":21.0},{"damage_healed":0.0,"max_hp_gain":0.0,"max_hp_loss":0.0,"gold_gain":0.0,"event_name":"Duplicator","player_choice":"Copied","floor":36.0,"gold_loss":0.0,"damage_taken":0.0,"cards_obtained":["Clash"]},{"damage_healed":0.0,"max_hp_gain":0.0,"max_hp_loss":0.0,"gold_gain":50.0,"event_name":"Golden Shrine","player_choice":"Pray","floor":38.0,"gold_loss":0.0,"damage_taken":0.0},{"damage_healed":0.0,"max_hp_gain":0.0,"max_hp_loss":0.0,"gold_gain":0.0,"event_name":"SensoryStone","player_choice":"Memory 3","floor":44.0,"gold_loss":0.0,"damage_taken":10.0}],"is_beta":false,"boss_relics":[{"not_picked":["Calling Bell","Runic Cube"],"picked":"Runic Pyramid"},{"not_picked":["Snecko Eye","Velvet Choker"],"picked":"Orrery"}],"items_purged_floors":[5,12],"is_endless":false,"potions_floor_spawned":[1,10,11,16,18,22,27,30,37,39,41,42],"ascension_level":20}