{"gold_per_floor":[110,130,230,247,260,289,289,314,314,314,342,342,373,373,373,471,471,485,485,177,197,215,246,246,276,276,292,312,344,444,458,458,555,555,568,619,619,48,60,87,87,142,142,142,155,15,44,54,54,54],"floor_reached":51,"playtime":2087,"items_purged":["Writhe","Strike_B","Defend_B"],"score":1028,"play_id":"cd80fa45-5d2b-4ad5-ae43-b98ef3d93b0b","local_time":"20180920185249","is_ascension_mode":true,"campfire_choices":[{"data":"Zap","floor":7.0,"key":"SMITH"},{"data":"Streamline","floor":10.0,"key":"SMITH"},{"data":"Streamline","floor":12.0,"key":"SMITH"},{"data":"Beam Cell","floor":15.0,"key":"SMITH"},{"floor":24,"key":"REST"},{"data":"Dualcast","floor":32,"key":"SMITH"},{"data":"Double Energy","floor":41,"key":"SMITH"},{"floor":44,"key":"REST"},{"data":"Coolheaded","floor":49,"key":"SMITH"}],"neow_cost":"NONE","seed_source_timestamp":20385117554029,"circlet_count":0,"master_deck":["Defend_B","Zap+1","Dualcast+1","Coolheaded+1","Streamline+1","Streamline+1","Beam Cell+1","Blizzard+1","Rip and Tear+1","Hologram+1","BootSequence","Go for the Eyes+1","Leap+1","Hologram+1","Hologram+1","Double Energy+1","Cold Snap+1"],"special_seed":0,"relics":["Busted Crown","Molten Egg 2","Bag of Preparation","Gremlin Horn","WingedGreaves","Strawberry","Dead Branch","Astrolabe","The Courier","Kunai","Orichalcum","Pocketwatch","Bronze Scales","Lantern","Empty Cage","Ice Cream","Unceasing Top","Frozen Egg 2","Pear","Tiny Chest","Bottled Lightning","Sundial"],"potions_floor_usage":[16,40,40],"damage_taken":[{"damage":7.0,"enemies":"Small Slimes","floor":1.0,"turns":4.0},{"damage":0.0,"enemies":"Cultist","floor":2.0,"turns":4.0},{"damage":0.0,"enemies":"2 Louse","floor":4.0,"turns":2.0},{"damage":5.0,"enemies":"2 Fungi Beasts","floor":5.0,"turns":3.0},{"damage":28.0,"enemies":"Gremlin Nob","floor":6.0,"turns":4.0},{"damage":6.0,"enemies":"Lagavulin","floor":8.0,"turns":7.0},{"damage":9.0,"enemies":"3 Sentries","floor":11.0,"turns":5.0},{"damage":2.0,"enemies":"Gremlin Nob","floor":13.0,"turns":3.0},{"damage":18,"enemies":"Slime Boss","floor":16,"turns":5},{"damage":22,"enemies":"2 Thieves","floor":18,"turns":3},{"damage":0,"enemies":"Spheric Guardian","floor":21,"turns":3},{"damage":0,"enemies":"Centurion and Healer","floor":22,"turns":4},{"damage":25,"enemies":"Book of Stabbing","floor":23,"turns":4},{"damage":26,"enemies":"Slavers","floor":25,"turns":6},{"damage":0,"enemies":"3 Cultists","floor":27,"turns":3},{"damage":1,"enemies":"Snecko","floor":28,"turns":3},{"damage":12,"enemies":"Book of Stabbing","floor":29,"turns":4},{"damage":0,"enemies":"Sentry and Sphere","floor":31,"turns":3},{"damage":13,"enemies":"Collector","floor":33,"turns":8},{"damage":0,"enemies":"3 Shapes","floor":35,"turns":2},{"damage":7,"enemies":"Mysterious Sphere","floor":36,"turns":4},{"damage":4,"enemies":"3 Darklings","floor":39,"turns":3},{"damage":15,"enemies":"Nemesis","floor":40,"turns":9},{"damage":32,"enemies":"2 Orb Walkers","floor":42,"turns":6},{"damage":0,"enemies":"Transient","floor":45,"turns":5},{"damage":0,"enemies":"Giant Head","floor":47,"turns":5},{"damage":3,"enemies":"4 Shapes","floor":48,"turns":2},{"damage":23,"enemies":"Donu and Deca","floor":50,"turns":9}],"seed_played":"-2313776599014502489","potions_obtained":[{"floor":2.0,"key":"Block Potion"},{"floor":6.0,"key":"EssenceOfSteel"},{"floor":8.0,"key":"Strength Potion"},{"floor":11.0,"key":"FearPotion"},{"floor":18,"key":"SteroidPotion"},{"floor":28,"key":"Block Potion"},{"floor":39,"key":"PowerPotion"},{"floor":47,"key":"Fire Potion"}],"is_trial":false,"path_per_floor":["M","M","?","M","M","E","R","E","T","R","E","R","E","?","R","B",null,"M","?","$","M","M","E","R","E","T","M","M","E","?","M","R","B",null,"M","?","?","$","M","E","R","E","T","R","M","$","E","M","R","B"],"character_chosen":"DEFECT","items_purchased":["Kunai","Go for the Eyes+1","Unceasing Top","Frozen Egg 2","Cold Snap+1"],"campfire_rested":2,"item_purchase_floors":[20,20,38,38,46],"current_hp_per_floor":[68,68,68,68,63,35,35,29,29,29,20,20,25,25,25,7,82,60,60,60,60,60,35,59,40,40,40,39,27,27,27,27,14,82,82,75,75,75,71,66,66,34,34,61,61,61,61,58,58,35],"gold":54,"neow_bonus":"BOSS_RELIC","is_prod":false,"is_daily":false,"chose_seed":false,"campfire_upgraded":7,"win_rate":1,"timestamp":1537440769,"path_taken":["M","M","?","M","M","E","R","E","T","R","E","R","E","?","R","BOSS","M","?","$","M","M","E","R","E","T","?","M","E","?","M","R","BOSS","M","?","?","$","M","E","R","E","T","R","M","$","E","?","R","BOSS"],"build_version":"2018-09-06","purchased_purges":3,"victory":true,"max_hp_per_floor":[75,75,75,75,75,75,75,75,75,75,75,75,82,82,82,82,82,82,82,82,82,82,82,82,82,82,82,82,82,82,82,82,82,82,82,82,82,82,82,92,92,92,92,92,92,92,92,92,92,92],"card_choices":[{"not_picked":[],"picked":"Coolheaded","floor":1.0},{"not_picked":[],"picked":"Streamline","floor":2.0},{"not_picked":[],"picked":"Streamline","floor":4.0},{"not_picked":[],"picked":"Beam Cell","floor":5.0},{"not_picked":["Beam Cell"],"picked":"SKIP","floor":6.0},{"not_picked":["Capacitor"],"picked":"SKIP","floor":8.0},{"not_picked":["Rainbow"],"picked":"SKIP","floor":11.0},{"not_picked":["Heatsinks"],"picked":"SKIP","floor":13.0},{"not_picked":[],"picked":"BootSequence","floor":18},{"not_picked":[],"picked":"Leap+1","floor":21},{"not_picked":["Go for the Eyes+1"],"picked":"SKIP","floor":22},{"not_picked":[],"picked":"Hologram+1","floor":23},{"not_picked":["Doom and Gloom+1"],"picked":"SKIP","floor":25},{"not_picked":["Ball Lightning+1"],"picked":"SKIP","floor":27},{"not_picked":[],"picked":"Hologram+1","floor":28},{"not_picked":["Fusion"],"picked":"SKIP","floor":29},{"not_picked":["Sweeping Beam+1"],"picked":"SKIP","floor":31},{"not_picked":["Compile Driver+1"],"picked":"SKIP","floor":35},{"not_picked":[],"picked":"Double Energy","floor":39},{"not_picked":["Blizzard+1"],"picked":"SKIP","floor":40},{"not_picked":["Skim"],"picked":"SKIP","floor":42},{"not_picked":["Static Discharge+1"],"picked":"SKIP","floor":45},{"not_picked":["Sweeping Beam+1"],"picked":"SKIP","floor":47},{"not_picked":["Stack"],"picked":"SKIP","floor":48}],"player_experience":52007,"relics_obtained":[{"floor":6.0,"key":"Molten Egg 2"},{"floor":8.0,"key":"Bag of Preparation"},{"floor":9.0,"key":"Gremlin Horn"},{"floor":11.0,"key":"WingedGreaves"},{"floor":13.0,"key":"Strawberry"},{"floor":23,"key":"Orichalcum"},{"floor":25,"key":"Pocketwatch"},{"floor":26,"key":"Bronze Scales"},{"floor":29,"key":"Lantern"},{"floor":36,"key":"Ice Cream"},{"floor":40,"key":"Pear"},{"floor":42,"key":"Tiny Chest"},{"floor":43,"key":"Bottled Lightning"},{"floor":47,"key":"Sundial"}],"event_choices":[{"event_name":"Golden Shrine","player_choice":"Pray","floor":3.0,"damage_taken":0.0},{"event_name":"WeMeetAgain","player_choice":"Potion","floor":14.0,"damage_taken":0.0},{"event_name":"The Mausoleum","player_choice":"Yes","floor":19,"damage_taken":0},{"event_name":"Golden Shrine","player_choice":"Pray","floor":30,"damage_taken":0},{"event_name":"Mysterious Sphere","player_choice":"Fight","floor":36,"damage_taken":0},{"event_name":"Tomb of Lord Red Mask","player_choice":"Ignored","floor":37,"damage_taken":0}],"is_beta":false,"boss_relics":[{"not_picked":["Eternal Feather","Ectoplasm"],"picked":"Astrolabe"},{"not_picked":["Velvet Choker","Inserter"],"picked":"Empty Cage"}],"items_purged_floors":[20,38,46],"is_endless":false,"potions_floor_spawned":[2,6,8,11,18,28,29,31,36,39,47],"ascension_level":2}