{"gold_per_floor":[117,117,142,156,156,156,176,176,176,196,229,242,116,154,154,249,249,265,10,35,35,49,49,85,125,125,125,145,145,145,20,20,113,113,133,154,4,29,43,43,58,58,58,58,93,116,64,89,89,89,89,89,89,34,78,78],"floor_reached":57,"playtime":3744,"items_purged":["Strike_G","Strike_G","Writhe","Strike_G"],"score":2828,"play_id":"b970ae84-cb42-4a95-94fa-eac03c4d8349","local_time":"20190123155822","is_ascension_mode":true,"campfire_choices":[{"data":"Neutralize","floor":6.0,"key":"SMITH"},{"data":"Dash","floor":8.0,"key":"SMITH"},{"data":"Cloak And Dagger","floor":15.0,"key":"SMITH"},{"data":"Grand Finale","floor":23.0,"key":"SMITH"},{"data":"Tools of the Trade","floor":27.0,"key":"SMITH"},{"floor":29.0,"key":"RECALL"},{"data":"Survivor","floor":32.0,"key":"SMITH"},{"data":"Defend_G","floor":40,"key":"SMITH"},{"data":"Defend_G","floor":42,"key":"SMITH"},{"data":"Defend_G","floor":44,"key":"SMITH"},{"floor":49,"key":"DIG"},{"floor":53,"key":"DIG"}],"neow_cost":"NONE","seed_source_timestamp":5975729785620,"circlet_count":0,"master_deck":["AscendersBane","Defend_G+1","Defend_G+1","Defend_G+1","Defend_G","Defend_G","Strike_G","Strike_G","Survivor+1","Neutralize+1","Dash+1","Cloak And Dagger+1","Grand Finale+1","Backflip+1","Acrobatics+1","Tools of the Trade+1","Calculated Gamble+1","Tactician+1","Cloak And Dagger+1","Malaise+1","Calculated Gamble+1","Injury","Backflip+1","Acrobatics+1","Well Laid Plans+1"],"special_seed":0,"relics":["Ring of the Snake","NeowsBlessing","Golden Idol","Kunai","Pantograph","Toxic Egg 2","Letter Opener","Cursed Key","PreservedInsect","Red Mask","Tough Bandages","WristBlade","Shovel","Calipers","Paper Crane","Mummified Hand"],"potions_floor_usage":[45,56,56],"damage_taken":[{"damage":0.0,"enemies":"2 Louse","floor":1.0,"turns":1.0},{"damage":0.0,"enemies":"Small Slimes","floor":3.0,"turns":1.0},{"damage":0.0,"enemies":"Cultist","floor":4.0,"turns":1.0},{"damage":12.0,"enemies":"Lots of Slimes","floor":7.0,"turns":7.0},{"damage":9.0,"enemies":"2 Fungi Beasts","floor":10.0,"turns":3.0},{"damage":29.0,"enemies":"Gremlin Nob","floor":11.0,"turns":6.0},{"damage":1.0,"enemies":"Exordium Thugs","floor":12.0,"turns":6.0},{"damage":0.0,"enemies":"3 Sentries","floor":14.0,"turns":2.0},{"damage":9.0,"enemies":"Hexaghost","floor":16.0,"turns":12.0},{"damage":3.0,"enemies":"Shell Parasite","floor":18.0,"turns":4.0},{"damage":0.0,"enemies":"Spheric Guardian","floor":20.0,"turns":4.0},{"damage":0.0,"enemies":"Chosen and Byrds","floor":22.0,"turns":4.0},{"damage":0.0,"enemies":"Book of Stabbing","floor":24.0,"turns":4.0},{"damage":27.0,"enemies":"Masked Bandits","floor":25.0,"turns":6.0},{"damage":0.0,"enemies":"Snecko","floor":28.0,"turns":4.0},{"damage":8.0,"enemies":"Automaton","floor":33.0,"turns":14.0},{"damage":0,"enemies":"3 Darklings","floor":35,"turns":3},{"damage":0,"enemies":"Orb Walker","floor":36,"turns":4},{"damage":0,"enemies":"Maw","floor":38,"turns":9},{"damage":0,"enemies":"3 Darklings","floor":39,"turns":5},{"damage":0,"enemies":"Spire Growth","floor":41,"turns":5},{"damage":0,"enemies":"Reptomancer","floor":45,"turns":11},{"damage":0,"enemies":"Jaw Worm Horde","floor":46,"turns":1},{"damage":0,"enemies":"Writhing Mass","floor":48,"turns":3},{"damage":0,"enemies":"Time Eater","floor":50,"turns":14},{"damage":6,"enemies":"Donu and Deca","floor":51,"turns":8},{"damage":0,"enemies":"Shield and Spear","floor":55,"turns":5},{"damage":25,"enemies":"The Heart","floor":56,"turns":13}],"seed_played":"-5857393760205956272","potions_obtained":[{"floor":1.0,"key":"Ancient Potion"},{"floor":3.0,"key":"GamblersBrew"},{"floor":12.0,"key":"LiquidBronze"},{"floor":14.0,"key":"Swift Potion"},{"floor":25.0,"key":"Strength Potion"},{"floor":28.0,"key":"Poison Potion"},{"floor":35,"key":"FearPotion"},{"floor":46,"key":"SpeedPotion"},{"floor":48,"key":"PowerPotion"},{"floor":55,"key":"SkillPotion"}],"is_trial":false,"path_per_floor":["M","?","M","M","?","R","M","R","T","M","E","M","$","E","R","B",null,"M","$","M","$","M","R","E","?","T","R","M","R","$","$","R","B",null,"M","M","$","M","M","R","M","R","T","R","E","M","$","M","R","B","B",null,"R","$","E","B",null],"character_chosen":"THE_SILENT","items_purchased":["Acrobatics+1","Tactician+1","GamblersBrew","Acrobatics+1","Weak Potion"],"campfire_rested":0,"item_purchase_floors":[13,19,19,47,54],"current_hp_per_floor":[59,59,59,59,59,59,47,47,47,38,9,8,8,8,8,24,51,48,48,48,48,48,48,48,21,21,21,21,21,21,21,21,38,55,55,55,55,55,55,55,55,55,55,55,55,55,55,55,55,60,54,59,59,59,59,35],"gold":78,"neow_bonus":"THREE_ENEMY_KILL","is_prod":false,"is_daily":false,"chose_seed":false,"campfire_upgraded":9,"win_rate":0,"timestamp":1548230302,"path_taken":["M","?","M","M","?","R","M","R","T","?","E","M","$","E","R","BOSS","M","$","M","?","M","R","E","?","T","R","?","R","?","$","R","BOSS","M","M","$","?","M","R","M","R","T","R","E","M","$","M","R","BOSS","BOSS","R","$","E","BOSS"],"build_version":"2019-01-17v2","purchased_purges":4,"victory":true,"max_hp_per_floor":[66,60,60,60,60,60,60,60,60,60,60,60,60,60,60,60,60,60,60,60,60,60,60,60,60,60,60,60,60,60,60,60,60,60,60,60,60,60,60,60,60,60,60,60,60,60,60,60,60,60,60,60,60,60,60,60],"card_choices":[{"not_picked":["Riddle With Holes","Blade Dance","PiercingWail"],"picked":"SKIP","floor":1.0},{"not_picked":["Quick Slash","Bane","Choke"],"picked":"SKIP","floor":3.0},{"not_picked":["Dagger Throw","Backflip","Cloak And Dagger"],"picked":"SKIP","floor":4.0},{"not_picked":["Expertise","Eviscerate"],"picked":"Dash","floor":7.0},{"not_picked":["Underhanded Strike","Acrobatics"],"picked":"Cloak And Dagger","floor":10.0},{"not_picked":["Dodge and Roll","Flying Knee"],"picked":"Grand Finale","floor":11.0},{"not_picked":["Slice","Concentrate+1"],"picked":"Backflip+1","floor":12.0},{"not_picked":["Setup+1","Sucker Punch","Bane"],"picked":"SKIP","floor":14.0},{"not_picked":["Envenom","Grand Finale"],"picked":"Tools of the Trade","floor":16.0},{"not_picked":["Footwork+1","Slice"],"picked":"Calculated Gamble+1","floor":18.0},{"not_picked":["Concentrate+1","Deadly Poison+1"],"picked":"Cloak And Dagger+1","floor":20.0},{"not_picked":["Accuracy+1","Deflect+1","Dash"],"picked":"SKIP","floor":22.0},{"not_picked":["Quick Slash","Crippling Poison+1","Bane"],"picked":"SKIP","floor":24.0},{"not_picked":["Tactician+1","Heel Hook","Distraction+1"],"picked":"SKIP","floor":28.0},{"not_picked":["Corpse Explosion+1","Tools of the Trade"],"picked":"Malaise+1","floor":33.0},{"not_picked":["Blade Dance+1","Poisoned Stab","Distraction+1"],"picked":"SKIP","floor":35},{"not_picked":["Blade Dance+1","Escape Plan+1","Choke"],"picked":"SKIP","floor":36},{"not_picked":["Backflip+1","Quick Slash+1","Deadly Poison+1"],"picked":"SKIP","floor":38},{"not_picked":["Footwork","Terror+1","Dodge and Roll+1"],"picked":"SKIP","floor":39},{"not_picked":["Dagger Spray+1","Outmaneuver+1"],"picked":"Calculated Gamble+1","floor":41},{"not_picked":["Accuracy","Deflect+1"],"picked":"Backflip+1","floor":45},{"not_picked":["Dagger Throw","Outmaneuver+1","Glass Knife"],"picked":"SKIP","floor":46},{"not_picked":["PiercingWail+1","Blade Dance+1"],"picked":"Well Laid Plans+1","floor":48},{"not_picked":["Noxious Fumes+1","Flying Knee","Distraction+1"],"picked":"SKIP","floor":55}],"player_experience":2160513,"relics_obtained":[{"floor":9.0,"key":"Pantograph"},{"floor":11.0,"key":"Toxic Egg 2"},{"floor":14.0,"key":"Letter Opener"},{"floor":24.0,"key":"PreservedInsect"},{"floor":25.0,"key":"Red Mask"},{"floor":26.0,"key":"Tough Bandages"},{"floor":45,"key":"Shovel"},{"floor":49,"key":"Calipers"},{"floor":53,"key":"Paper Crane"},{"floor":55,"key":"Mummified Hand"}],"event_choices":[{"damage_healed":0.0,"max_hp_gain":0.0,"max_hp_loss":6.0,"gold_gain":0.0,"event_name":"Golden Idol","player_choice":"Lose Max HP","floor":2.0,"gold_loss":0.0,"damage_taken":0.0,"relics_obtained":["Golden Idol"]},{"damage_healed":0.0,"max_hp_gain":0.0,"max_hp_loss":0.0,"gold_gain":0.0,"event_name":"WeMeetAgain","player_choice":"Gave Potion","floor":5.0,"gold_loss":0.0,"damage_taken":0.0,"relics_obtained":["Kunai"]},{"damage_healed":0.0,"max_hp_gain":0.0,"max_hp_loss":0.0,"gold_gain":0.0,"event_name":"Masked Bandits","player_choice":"Fought Bandits","floor":25.0,"gold_loss":0.0,"damage_taken":0.0}],"is_beta":false,"boss_relics":[{"not_picked":["Ring of the Serpent","Velvet Choker"],"picked":"Cursed Key"},{"not_picked":["Orrery","Calling Bell"],"picked":"WristBlade"}],"items_purged_floors":[13,19,31,37],"is_endless":false,"potions_floor_spawned":[1,3,12,14,25,28,33,35,38,46,48,55],"ascension_level":20}