{"gold_per_floor":[114,39,39,54,8,8,21,21,71,83,68,82,82,82,82,156,156,173,202,212,11,11,11,29,29,53,68,68,81,81,81,81,157,157,177,77,77,87,309,328,358,9,9,26,26,26,26,40,40,40,40,40,40,67,67],"floor_reached":55,"playtime":1734,"items_purged":["Strike_B","Defend_B","Defend_B"],"score":1202,"play_id":"65a5742c-24b7-45f9-96bf-f2d80e1e7f79","local_time":"20190315210020","is_ascension_mode":true,"campfire_choices":[{"data":"Hologram","floor":6.0,"key":"SMITH"},{"data":"Zap","floor":8.0,"key":"SMITH"},{"data":"Creative AI","floor":13.0,"key":"SMITH"},{"data":"Recycle","floor":15.0,"key":"SMITH"},{"floor":23.0,"key":"REST"},{"floor":25.0,"key":"REST"},{"data":"Recycle","floor":28.0,"key":"SMITH"},{"data":"Coolheaded","floor":32.0,"key":"SMITH"},{"data":"Creative AI","floor":45.0,"key":"SMITH"},{"floor":49.0,"key":"RECALL"},{"floor":52.0,"key":"REST"}],"neow_cost":"NONE","seed_source_timestamp":16404836047391,"circlet_count":0,"master_deck":["AscendersBane","Defend_B+1","Zap+1","Dualcast+1","Leap+1","Force Field+1","Hologram+1","Cold Snap+1","Conserve Battery+1","Creative AI+1","Turbo+1","Recycle+1","Creative AI+1","Electrodynamics+1","Coolheaded+1","Echo Form+1","Recycle+1","Zap+1","Self Repair+1","Redo+1","Coolheaded+1","Capacitor+1","Hologram+1","Amplify+1","Storm+1","Hologram+1","Echo Form+1","Skim+1"],"special_seed":0,"relics":["Cracked Core","Bag of Marbles","Letter Opener","Astrolabe","Red Mask","ClockworkSouvenir","Busted Crown","Symbiotic Virus","Bag of Preparation","Anchor","Mark of the Bloom","Juzu Bracelet","Pear"],"potions_floor_usage":[55],"damage_taken":[{"damage":5.0,"enemies":"Small Slimes","floor":1.0,"turns":3.0},{"damage":0.0,"enemies":"2 Louse","floor":4.0,"turns":2.0},{"damage":0.0,"enemies":"Cultist","floor":7.0,"turns":4.0},{"damage":1.0,"enemies":"Looter","floor":10.0,"turns":3.0},{"damage":13.0,"enemies":"Exordium Thugs","floor":11.0,"turns":5.0},{"damage":6.0,"enemies":"Blue Slaver","floor":12.0,"turns":3.0},{"damage":6.0,"enemies":"Hexaghost","floor":16.0,"turns":12.0},{"damage":5.0,"enemies":"Chosen","floor":18.0,"turns":6.0},{"damage":39.0,"enemies":"Masked Bandits","floor":19.0,"turns":4.0},{"damage":6.0,"enemies":"2 Thieves","floor":20.0,"turns":2.0},{"damage":24.0,"enemies":"Snecko","floor":24.0,"turns":5.0},{"damage":14.0,"enemies":"Centurion and Healer","floor":27.0,"turns":6.0},{"damage":10.0,"enemies":"Snake Plant","floor":29.0,"turns":6.0},{"damage":0.0,"enemies":"Champ","floor":33.0,"turns":11.0},{"damage":13.0,"enemies":"3 Darklings","floor":35.0,"turns":2.0},{"damage":4.0,"enemies":"Orb Walker","floor":38.0,"turns":3.0},{"damage":19.0,"enemies":"3 Darklings","floor":40.0,"turns":3.0},{"damage":27.0,"enemies":"Giant Head","floor":41.0,"turns":8.0},{"damage":2.0,"enemies":"4 Shapes","floor":44.0,"turns":3.0},{"damage":5.0,"enemies":"Writhing Mass","floor":48.0,"turns":6.0},{"damage":4.0,"enemies":"Time Eater","floor":50.0,"turns":6.0},{"damage":26.0,"enemies":"Shield and Spear","floor":54.0,"turns":6.0},{"damage":9,"enemies":"The Heart","floor":55,"turns":2}],"seed_played":"-6167807950175182099","potions_obtained":[{"floor":7.0,"key":"Explosive Potion"},{"floor":11.0,"key":"Dexterity Potion"},{"floor":24.0,"key":"Weak Potion"},{"floor":27.0,"key":"Swift Potion"},{"floor":54.0,"key":"Block Potion"}],"is_trial":false,"path_per_floor":["M","$","?","M","$","R","M","R","T","M","M","M","R","?","R","B",null,"M","?","M","$","?","R","M","R","T","M","R","M","?","$","R","B",null,"M","$","?","M","?","M","E","$","T","M","R","?","?","M","R","B",null,"R","$","E","B"],"character_chosen":"DEFECT","items_purchased":["Cold Snap","ClockworkSouvenir","Echo Form","Bag of Preparation"],"campfire_rested":3,"item_purchase_floors":[5,21,42,42],"current_hp_per_floor":[59,59,59,59,59,59,59,59,59,58,45,39,39,13,13,7,55,50,11,5,5,5,26,9,30,30,16,16,20,20,20,20,27,60,47,47,47,57,57,45,32,32,32,44,44,44,44,39,39,35,35,35,35,9,0],"gold":67,"neow_bonus":"RANDOM_COLORLESS","is_prod":false,"is_daily":false,"chose_seed":true,"campfire_upgraded":7,"win_rate":0,"timestamp":1552654820,"path_taken":["M","$","?","M","$","R","M","R","T","M","M","M","R","?","R","BOSS","M","?","M","$","?","R","M","R","T","M","R","?","?","?","R","BOSS","M","$","?","M","?","M","E","$","T","M","R","?","?","M","R","BOSS","R","$","E","BOSS"],"build_version":"2019-01-23","purchased_purges":3,"victory":false,"max_hp_per_floor":[71,71,71,71,71,71,71,71,71,71,71,71,71,71,71,71,71,71,71,71,71,71,71,71,71,71,71,71,71,71,71,71,71,71,71,71,71,71,71,71,71,71,71,71,71,71,71,71,71,71,71,71,71,81,81],"card_choices":[{"not_picked":["Go for the Eyes","Turbo"],"picked":"Leap","floor":1.0},{"not_picked":["Aggregate","Leap"],"picked":"Hologram","floor":4.0},{"not_picked":["Stack","Sweeping Beam"],"picked":"Conserve Battery","floor":7.0},{"not_picked":["Steam","Scrape"],"picked":"Creative AI","floor":10.0},{"not_picked":["Auto Shields","Heatsinks"],"picked":"Turbo","floor":11.0},{"not_picked":["Double Energy","Lockon"],"picked":"Recycle","floor":12.0},{"not_picked":["Hyperbeam","Meteor Strike"],"picked":"Creative AI","floor":16.0},{"not_picked":["Leap","Rebound"],"picked":"Recycle","floor":18.0},{"not_picked":["Gash+1","Fusion","Scrape"],"picked":"SKIP","floor":20.0},{"not_picked":["Storm","Go for the Eyes"],"picked":"Coolheaded","floor":24.0},{"not_picked":["Storm","Coolheaded"],"picked":"Capacitor+1","floor":27.0},{"not_picked":["Streamline","Electrodynamics"],"picked":"Hologram+1","floor":29.0},{"not_picked":["Buffer","Machine Learning"],"picked":"Amplify","floor":33.0},{"not_picked":["Hello World"],"picked":"SKIP","floor":35.0},{"not_picked":["Leap+1"],"picked":"SKIP","floor":38.0},{"not_picked":["Storm"],"picked":"SKIP","floor":40.0},{"not_picked":[],"picked":"Storm","floor":40.0},{"not_picked":[],"picked":"Hologram+1","floor":41.0},{"not_picked":["Cold Snap+1"],"picked":"SKIP","floor":44.0},{"not_picked":["Gash"],"picked":"SKIP","floor":48.0},{"not_picked":[],"picked":"Skim+1","floor":54.0}],"player_experience":3616308,"relics_obtained":[{"floor":9.0,"key":"Bag of Marbles"},{"floor":19.0,"key":"Red Mask"},{"floor":41.0,"key":"Symbiotic Virus"},{"floor":43.0,"key":"Anchor"},{"floor":54.0,"key":"Pear"}],"event_choices":[{"damage_healed":0.0,"max_hp_gain":0.0,"max_hp_loss":0.0,"gold_gain":0.0,"cards_transformed":["Strike_B"],"event_name":"Living Wall","player_choice":"Change","floor":3.0,"gold_loss":0.0,"damage_taken":0.0,"cards_obtained":["Force Field"]},{"damage_healed":0.0,"max_hp_gain":0.0,"max_hp_loss":0.0,"gold_gain":0.0,"event_name":"Scrap Ooze","player_choice":"Success","floor":14.0,"gold_loss":0.0,"damage_taken":26.0,"relics_obtained":["Letter Opener"]},{"damage_healed":0.0,"max_hp_gain":0.0,"max_hp_loss":0.0,"gold_gain":0.0,"event_name":"Masked Bandits","player_choice":"Fought Bandits","floor":19.0,"gold_loss":0.0,"damage_taken":0.0},{"damage_healed":0.0,"max_hp_gain":0.0,"max_hp_loss":0.0,"gold_gain":0.0,"event_name":"Match and Keep!","player_choice":"4 cards matched","floor":22.0,"gold_loss":0.0,"damage_taken":0.0,"cards_obtained":["Zap","Self Repair","Redo","Shame"]},{"cards_removed":["Shame"],"damage_healed":0.0,"max_hp_gain":0.0,"max_hp_loss":0.0,"gold_gain":0.0,"event_name":"Back to Basics","player_choice":"Elegance","floor":30.0,"gold_loss":0.0,"damage_taken":0.0},{"cards_removed":["Dramatic Entrance"],"damage_healed":0.0,"max_hp_gain":0.0,"max_hp_loss":0.0,"gold_gain":0.0,"event_name":"Falling","player_choice":"Removed Attack","floor":37.0,"gold_loss":0.0,"damage_taken":0.0},{"damage_healed":0.0,"max_hp_gain":0.0,"max_hp_loss":0.0,"gold_gain":222.0,"event_name":"Tomb of Lord Red Mask","player_choice":"Wore Mask","floor":39.0,"gold_loss":0.0,"damage_taken":0.0},{"damage_healed":0.0,"max_hp_gain":0.0,"max_hp_loss":0.0,"gold_gain":0.0,"event_name":"MindBloom","player_choice":"Upgrade","floor":46.0,"gold_loss":0.0,"damage_taken":0.0,"cards_upgraded":["Defend_B","Dualcast","Leap","Force Field","Cold Snap","Conserve Battery","Turbo","Zap","Self Repair","Redo","Amplify","Storm","Echo Form"],"relics_obtained":["Mark of the Bloom"]},{"damage_healed":0.0,"max_hp_gain":0.0,"max_hp_loss":0.0,"gold_gain":0.0,"event_name":"WeMeetAgain","player_choice":"Gave Potion","floor":47.0,"gold_loss":0.0,"damage_taken":0.0,"relics_obtained":["Juzu Bracelet"]}],"is_beta":false,"boss_relics":[{"not_picked":["Snecko Eye","Velvet Choker"],"picked":"Astrolabe"},{"not_picked":["FrozenCore","White Beast Statue"],"picked":"Busted Crown"}],"items_purged_floors":[2,36,42],"is_endless":false,"potions_floor_spawned":[7,11,24,27,33,35,40,54],"killed_by":"The Heart","ascension_level":15}