{"gold_per_floor":[118,15,34,46,46,46,81,95,174,192,192,205,205,222,222,298,298,312,312,328,328,328],"floor_reached":22,"playtime":709,"items_purged":["Strike_B"],"score":376,"play_id":"4c6b4854-a0ed-4fcb-acc7-cd5c88b4b698","local_time":"20190406164712","is_ascension_mode":true,"campfire_choices":[{"data":"Hyperbeam","floor":6.0,"key":"SMITH"},{"data":"Transmutation","floor":11.0,"key":"SMITH"},{"data":"Metamorphosis","floor":13.0,"key":"SMITH"},{"data":"Defragment","floor":15.0,"key":"SMITH"}],"neow_cost":"TEN_PERCENT_HP_LOSS","seed_source_timestamp":21965556361818,"circlet_count":0,"master_deck":["AscendersBane","Strike_B+1","Strike_B+1","Defend_B","Defend_B","Defend_B","Zap","Dualcast","Transmutation+1","Metamorphosis+1","Reinforced Body","Cold Snap","Hologram","Hyperbeam+1","Defragment+1","Meteor Strike","Recycle","Recycle","Reboot","Turbo","Turbo","Creative AI"],"special_seed":0,"relics":["Cracked Core","Girya","Whetstone","Empty Cage","Anchor"],"potions_floor_usage":[],"damage_taken":[{"damage":2.0,"enemies":"Cultist","floor":1.0,"turns":4.0},{"damage":0.0,"enemies":"2 Louse","floor":3.0,"turns":2.0},{"damage":2.0,"enemies":"Jaw Worm","floor":4.0,"turns":4.0},{"damage":10.0,"enemies":"Lagavulin","floor":7.0,"turns":5.0},{"damage":1.0,"enemies":"Blue Slaver","floor":8.0,"turns":3.0},{"damage":7.0,"enemies":"Large Slime","floor":10.0,"turns":3.0},{"damage":7.0,"enemies":"2 Fungi Beasts","floor":12.0,"turns":4.0},{"damage":0.0,"enemies":"3 Louse","floor":14.0,"turns":1.0},{"damage":22.0,"enemies":"Slime Boss","floor":16.0,"turns":9.0},{"damage":3.0,"enemies":"Spheric Guardian","floor":18.0,"turns":4.0},{"damage":18,"enemies":"Chosen","floor":20,"turns":5},{"damage":0,"enemies":"Shelled Parasite and Fungi","floor":22,"turns":1}],"seed_played":"3878090880946667249","potions_obtained":[{"floor":3.0,"key":"SkillPotion"},{"floor":7.0,"key":"SmokeBomb"},{"floor":14.0,"key":"Fire Potion"},{"floor":16.0,"key":"GamblersBrew"}],"is_trial":false,"path_per_floor":["M","$","M","M","?","R","E","M","T","M","R","M","R","M","R","B",null,"M","T","M","?","M"],"character_chosen":"DEFECT","items_purchased":["Cold Snap"],"campfire_rested":0,"item_purchase_floors":[2],"current_hp_per_floor":[62,62,62,60,60,60,50,49,49,42,42,35,35,35,35,13,51,48,48,30,30,30],"gold":328,"neow_bonus":"RANDOM_COLORLESS_2","is_prod":false,"is_daily":false,"chose_seed":false,"campfire_upgraded":4,"win_rate":0,"timestamp":1554540432,"path_taken":["M","$","?","M","?","R","E","M","T","M","R","M","R","M","R","BOSS","M","?","M","?","M"],"build_version":"2019-01-23","purchased_purges":1,"victory":false,"max_hp_per_floor":[64,64,64,64,64,64,64,64,64,64,64,64,64,64,64,64,64,64,64,64,64,64],"card_choices":[{"not_picked":["Redo","Go for the Eyes"],"picked":"Reinforced Body","floor":1.0},{"not_picked":["Chaos","Sweeping Beam"],"picked":"Hologram","floor":3.0},{"not_picked":["BootSequence","Beam Cell"],"picked":"Hyperbeam","floor":4.0},{"not_picked":["Streamline","Rebound","Doom and Gloom"],"picked":"SKIP","floor":7.0},{"not_picked":["Skim","Storm"],"picked":"Defragment","floor":8.0},{"not_picked":["Stack","Aggregate"],"picked":"Meteor Strike","floor":10.0},{"not_picked":["Self Repair","Ball Lightning"],"picked":"Recycle","floor":12.0},{"not_picked":["Hologram","Streamline"],"picked":"Recycle","floor":14.0},{"not_picked":["Rainbow","Creative AI"],"picked":"Reboot","floor":16.0},{"not_picked":["Barrage","Rebound"],"picked":"Turbo","floor":18.0},{"not_picked":["Gash","Melter"],"picked":"Turbo","floor":20}],"player_experience":4091833,"relics_obtained":[{"floor":7.0,"key":"Whetstone"},{"floor":19.0,"key":"Anchor"}],"event_choices":[{"damage_healed":0.0,"max_hp_gain":0.0,"max_hp_loss":0.0,"gold_gain":0.0,"event_name":"WeMeetAgain","player_choice":"Gave Potion","floor":5.0,"gold_loss":0.0,"damage_taken":0.0,"relics_obtained":["Girya"]},{"damage_healed":0,"gold_gain":0,"player_choice":"Read","damage_taken":0,"max_hp_gain":0,"max_hp_loss":0,"event_name":"The Library","floor":21,"gold_loss":0,"cards_obtained":["Creative AI"]}],"is_beta":false,"boss_relics":[{"not_picked":["FrozenCore","Velvet Choker"],"picked":"Empty Cage"}],"items_purged_floors":[2],"is_endless":false,"potions_floor_spawned":[3,7,14,16,18],"killed_by":"Shelled Parasite and Fungi","ascension_level":20}