{"gold_per_floor":[365,365,381,69,79,79,94,94,121,134,34,34,49,68,68,68],"floor_reached":16,"playtime":365,"items_purged":["Strike_G","Strike_G"],"score":188,"play_id":"63cb9892-1f53-4819-af60-6dddf0c012c1","local_time":"20181227231545","is_ascension_mode":true,"campfire_choices":[{"data":"Well Laid Plans","floor":6,"key":"SMITH"},{"data":"Caltrops","floor":8,"key":"SMITH"},{"data":"Neutralize","floor":15,"key":"SMITH"}],"neow_cost":"PERCENT_DAMAGE","seed_source_timestamp":41542460503464,"circlet_count":0,"master_deck":["AscendersBane","Defend_G","Defend_G","Defend_G","Defend_G","Defend_G","Strike_G","Strike_G","Strike_G","Survivor","Neutralize+1","Caltrops+1","Crippling Poison","Well Laid Plans+1","Backstab","Footwork","Pain","Escape Plan"],"relics":["Ring of the Snake","Bronze Scales","Blood Vial","WarpedTongs"],"potions_floor_usage":[3,14],"damage_taken":[{"damage":5,"enemies":"Small Slimes","floor":1,"turns":5},{"damage":2,"enemies":"Cultist","floor":3,"turns":5},{"damage":6,"enemies":"2 Louse","floor":5,"turns":3},{"damage":15,"enemies":"Gremlin Gang","floor":7,"turns":3},{"damage":0,"enemies":"Blue Slaver","floor":10,"turns":4},{"damage":4,"enemies":"3 Louse","floor":13,"turns":4},{"damage":2,"enemies":"Exordium Thugs","floor":14,"turns":4},{"damage":0,"enemies":"Slime Boss","floor":16,"turns":1}],"seed_played":"-1057103010772121406","potions_obtained":[{"floor":1,"key":"Regen Potion"},{"floor":5,"key":"Swift Potion"},{"floor":10,"key":"Energy Potion"},{"floor":14,"key":"Strength Potion"}],"is_trial":false,"path_per_floor":["M","?","M","$","M","R","M","R","T","M","$","?","M","M","R","B"],"character_chosen":"THE_SILENT","items_purchased":["Well Laid Plans","Bronze Scales"],"campfire_rested":0,"item_purchase_floors":[4,4],"current_hp_per_floor":[39,35,47,47,41,41,26,26,26,28,28,28,26,26,26,28],"gold":68,"neow_bonus":"TWO_FIFTY_GOLD","is_prod":false,"is_daily":false,"chose_seed":false,"campfire_upgraded":3,"win_rate":0,"timestamp":1545923745,"path_taken":["M","?","?","$","M","R","M","R","T","M","$","?","M","M","R","BOSS"],"build_version":"2018-12-20","purchased_purges":2,"victory":false,"max_hp_per_floor":[66,66,66,66,66,66,66,66,66,66,66,66,66,66,66,66],"card_choices":[{"not_picked":["Bane","Underhanded Strike"],"picked":"Caltrops","floor":1},{"not_picked":["Quick Slash","Dagger Spray"],"picked":"Crippling Poison","floor":3},{"not_picked":["Masterful Stab","Underhanded Strike"],"picked":"Backstab","floor":5},{"not_picked":["Finisher","Distraction"],"picked":"Footwork","floor":7},{"not_picked":["Flying Knee","Outmaneuver","Dagger Spray"],"picked":"SKIP","floor":10},{"not_picked":["PiercingWail","Finisher"],"picked":"Escape Plan","floor":13},{"not_picked":["Flying Knee","Bane","Eviscerate"],"picked":"SKIP","floor":14}],"player_experience":1539473,"relics_obtained":[{"floor":9,"key":"Blood Vial"}],"event_choices":[{"damage_healed":0,"gold_gain":0,"player_choice":"Bought 0 Potions","damage_taken":0,"max_hp_gain":0,"max_hp_loss":0,"event_name":"The Woman in Blue","floor":2,"gold_loss":0},{"damage_healed":0,"gold_gain":0,"player_choice":"Rummage","damage_taken":0,"relics_obtained":["WarpedTongs"],"max_hp_gain":0,"max_hp_loss":0,"event_name":"Accursed Blacksmith","floor":12,"gold_loss":0,"cards_obtained":["Pain"]}],"is_beta":false,"boss_relics":[],"items_purged_floors":[4,11],"is_endless":false,"potions_floor_spawned":[1,5,10,14],"killed_by":"Slime Boss","ascension_level":20}