{"gold_per_floor":[217,235,250,262,280,280,294,369,369,369,369,369,382,396,396,525,525,539,524,524,538,561,599,599,643,643,742,742,786,786,504,504,627,627,648,648,648,668,684,684,699,743,743,413,413,413,413,434,434,434],"floor_reached":51,"playtime":2888,"items_purged":["Strike_G","Strike_G"],"score":804,"play_id":"b554f1ed-5b19-4ca0-bfee-e8e3aa26957f","local_time":"20181028112102","is_ascension_mode":false,"campfire_choices":[{"data":"Deadly Poison","floor":6.0,"key":"SMITH"},{"data":"Neutralize","floor":10.0,"key":"SMITH"},{"data":"Footwork","floor":15.0,"key":"SMITH"},{"data":"Concentrate","floor":24.0,"key":"SMITH"},{"data":"Adrenaline","floor":28.0,"key":"SMITH"},{"data":"Leg Sweep","floor":30.0,"key":"SMITH"},{"data":"Dodge and Roll","floor":32.0,"key":"SMITH"},{"data":"Leg Sweep","floor":40.0,"key":"SMITH"},{"floor":46.0,"key":"REST"},{"floor":49,"key":"REST"}],"neow_cost":"NONE","seed_source_timestamp":2357270468698,"circlet_count":0,"master_deck":["Defend_G","Defend_G","Defend_G","Defend_G","Defend_G","Strike_G","Strike_G","Strike_G","Survivor","Neutralize+1","Deadly Poison+1","Footwork+1","Adrenaline+1","Escape Plan","Dodge and Roll+1","Acrobatics+1","Noxious Fumes+1","Concentrate+1","Calculated Gamble+1","Leg Sweep+1","Die Die Die","Endless Agony+1","Well Laid Plans+1","Leg Sweep+1","Escape Plan","Concentrate+1","Escape Plan","Sucker Punch+1"],"special_seed":0,"relics":["Ring of the Snake","Gambling Chip","Golden Idol","Tingsha","Sozu","Nunchaku","Dead Branch","Mango","Lee\u0027s Waffle","Cursed Key","Du-Vu Doll","Pen Nib"],"potions_floor_usage":[50],"damage_taken":[{"damage":0.0,"enemies":"Small Slimes","floor":1.0,"turns":4.0},{"damage":1.0,"enemies":"Jaw Worm","floor":2.0,"turns":5.0},{"damage":0.0,"enemies":"2 Louse","floor":3.0,"turns":3.0},{"damage":6.0,"enemies":"Large Slime","floor":4.0,"turns":8.0},{"damage":0.0,"enemies":"Blue Slaver","floor":5.0,"turns":4.0},{"damage":5.0,"enemies":"Lots of Slimes","floor":7.0,"turns":6.0},{"damage":0.0,"enemies":"Gremlin Gang","floor":13.0,"turns":5.0},{"damage":0.0,"enemies":"3 Louse","floor":14.0,"turns":2.0},{"damage":10.0,"enemies":"The Guardian","floor":16.0,"turns":12.0},{"damage":0.0,"enemies":"Shell Parasite","floor":18.0,"turns":5.0},{"damage":0.0,"enemies":"2 Thieves","floor":19.0,"turns":4.0},{"damage":0.0,"enemies":"Snake Plant","floor":21.0,"turns":4.0},{"damage":1.0,"enemies":"Centurion and Healer","floor":22.0,"turns":7.0},{"damage":4.0,"enemies":"Gremlin Leader","floor":23.0,"turns":8.0},{"damage":19.0,"enemies":"Slavers","floor":25.0,"turns":6.0},{"damage":3.0,"enemies":"Gremlin Leader","floor":29.0,"turns":6.0},{"damage":32.0,"enemies":"Collector","floor":33.0,"turns":9.0},{"damage":0.0,"enemies":"Orb Walker","floor":35.0,"turns":3.0},{"damage":0.0,"enemies":"3 Shapes","floor":38.0,"turns":4.0},{"damage":0.0,"enemies":"Transient","floor":39.0,"turns":5.0},{"damage":18.0,"enemies":"Spire Growth","floor":41.0,"turns":5.0},{"damage":8.0,"enemies":"Nemesis","floor":42.0,"turns":7.0},{"damage":18.0,"enemies":"Writhing Mass","floor":48.0,"turns":4.0},{"damage":0,"enemies":"Awakened One","floor":50,"turns":15}],"seed_played":"-560332068879522348","potions_obtained":[{"floor":2.0,"key":"EssenceOfSteel"},{"floor":5.0,"key":"EntropicBrew"},{"floor":7.0,"key":"SkillPotion"}],"is_trial":false,"path_per_floor":["M","M","M","M","M","R","M","?","T","R","?","T","M","M","R","B",null,"M","M","?","M","M","E","R","E","T","?","R","E","R","$","R","B",null,"M","?","?","M","M","R","M","E","T","$","?","R","?","M","R","B"],"character_chosen":"THE_SILENT","items_purchased":["Lee\u0027s Waffle","Pen Nib","Escape Plan"],"campfire_rested":2,"item_purchase_floors":[31,44,44],"current_hp_per_floor":[70,69,69,63,63,63,58,47,47,47,30,30,30,30,30,20,70,70,70,70,70,69,65,65,46,46,46,46,57,57,91,91,59,91,91,91,91,91,91,91,73,65,65,65,65,91,86,68,86,86],"gold":434,"neow_bonus":"HUNDRED_GOLD","is_prod":false,"is_daily":false,"chose_seed":false,"campfire_upgraded":8,"win_rate":0,"timestamp":1540696862,"path_taken":["M","M","M","M","M","R","M","?","T","R","?","?","?","?","R","BOSS","M","M","?","M","M","E","R","E","T","?","R","E","R","$","R","BOSS","M","?","?","M","?","R","M","E","T","$","?","R","?","M","R","BOSS"],"build_version":"2018-10-25v2","purchased_purges":2,"victory":true,"max_hp_per_floor":[70,70,70,70,70,70,70,70,70,70,70,70,70,70,70,70,70,70,70,70,70,70,70,70,70,70,70,70,84,84,91,91,91,91,91,91,91,91,91,91,91,91,91,91,91,91,86,86,86,86],"card_choices":[{"not_picked":["Poisoned Stab","Backflip"],"picked":"Deadly Poison","floor":1.0},{"not_picked":["Dagger Spray","Quick Slash","Calculated Gamble"],"picked":"SKIP","floor":2.0},{"not_picked":["Poisoned Stab","Acrobatics"],"picked":"Footwork","floor":3.0},{"not_picked":["Acrobatics","Terror"],"picked":"Adrenaline","floor":4.0},{"not_picked":["Deflect","Accuracy","Dagger Throw"],"picked":"SKIP","floor":5.0},{"not_picked":["Eviscerate","Calculated Gamble","Slice"],"picked":"SKIP","floor":7.0},{"not_picked":["Dagger Spray","Concentrate"],"picked":"Escape Plan","floor":13.0},{"not_picked":["Flying Knee","Bane","Flechettes"],"picked":"SKIP","floor":14.0},{"not_picked":["Flying Knee+1","Poisoned Stab"],"picked":"Dodge and Roll","floor":18.0},{"not_picked":["Dodge and Roll","Dagger Spray"],"picked":"Acrobatics+1","floor":19.0},{"not_picked":["Accuracy+1","Deflect"],"picked":"Noxious Fumes+1","floor":21.0},{"not_picked":["Eviscerate","Accuracy","Bane"],"picked":"SKIP","floor":22.0},{"not_picked":["Riddle With Holes+1","Deflect+1"],"picked":"Concentrate","floor":23.0},{"not_picked":["Footwork","Storm of Steel"],"picked":"Calculated Gamble+1","floor":25.0},{"not_picked":["Underhanded Strike+1","Finisher"],"picked":"Leg Sweep","floor":29.0},{"not_picked":["Envenom","Bullet Time"],"picked":"Die Die Die","floor":33.0},{"not_picked":["Riddle With Holes+1","Cloak And Dagger+1"],"picked":"Endless Agony+1","floor":35.0},{"not_picked":["All Out Attack+1","Cloak And Dagger+1"],"picked":"Well Laid Plans+1","floor":38.0},{"not_picked":["Riddle With Holes+1","Flying Knee+1"],"picked":"Leg Sweep","floor":39.0},{"not_picked":["Underhanded Strike+1","Quick Slash+1"],"picked":"Escape Plan","floor":41.0},{"not_picked":["Choke","Deflect"],"picked":"Concentrate+1","floor":42.0},{"not_picked":["Concentrate+1","Dagger Spray+1"],"picked":"Sucker Punch+1","floor":48}],"player_experience":688618,"relics_obtained":[{"floor":9.0,"key":"Gambling Chip"},{"floor":12.0,"key":"Tingsha"},{"floor":23.0,"key":"Nunchaku"},{"floor":26.0,"key":"Dead Branch"},{"floor":29.0,"key":"Mango"},{"floor":42.0,"key":"Du-Vu Doll"}],"event_choices":[{"damage_healed":0.0,"max_hp_gain":0.0,"max_hp_loss":0.0,"gold_gain":75.0,"event_name":"World of Goop","player_choice":"Gather Gold","floor":8.0,"gold_loss":0.0,"damage_taken":11.0},{"damage_healed":0.0,"max_hp_gain":0.0,"max_hp_loss":0.0,"gold_gain":0.0,"event_name":"Golden Idol","player_choice":"Take Damage","floor":11.0,"gold_loss":0.0,"damage_taken":17.0,"relics_obtained":["Golden Idol"]},{"damage_healed":0.0,"max_hp_gain":0.0,"max_hp_loss":0.0,"gold_gain":0.0,"event_name":"The Mausoleum","player_choice":"Ignored","floor":20.0,"gold_loss":0.0,"damage_taken":0.0},{"damage_healed":0.0,"max_hp_gain":0.0,"max_hp_loss":0.0,"gold_gain":99.0,"event_name":"Nest","player_choice":"Stole From Cult","floor":27.0,"gold_loss":0.0,"damage_taken":0.0},{"damage_healed":0.0,"max_hp_gain":0.0,"max_hp_loss":0.0,"gold_gain":0.0,"event_name":"The Woman in Blue","player_choice":"Bought 0 Potions","floor":36.0,"gold_loss":0.0,"damage_taken":0.0},{"damage_healed":0.0,"max_hp_gain":0.0,"max_hp_loss":0.0,"gold_gain":0.0,"event_name":"Tomb of Lord Red Mask","player_choice":"Ignored","floor":37.0,"gold_loss":0.0,"damage_taken":0.0},{"damage_healed":0.0,"max_hp_gain":0.0,"max_hp_loss":0.0,"gold_gain":0.0,"event_name":"Mysterious Sphere","player_choice":"Ignored","floor":45.0,"gold_loss":0.0,"damage_taken":0.0},{"damage_healed":0.0,"max_hp_gain":0.0,"max_hp_loss":5.0,"gold_gain":0.0,"event_name":"Winding Halls","player_choice":"Max HP","floor":47.0,"gold_loss":0.0,"damage_taken":0.0}],"is_beta":false,"boss_relics":[{"not_picked":["Astrolabe","Calling Bell"],"picked":"Sozu"},{"not_picked":["Snecko Eye","Lizard Tail"],"picked":"Cursed Key"}],"items_purged_floors":[31,44],"is_endless":false,"potions_floor_spawned":[2,5,7,16,18,23,35,42],"ascension_level":0}