{"gold_per_floor":[113,126,141,141,30,63,124,155,155,181,181,212,224,247,259,373,385,416,438,350,364,376,376,406,406,406,22,37,57,70,70,70,167,167,179,197,209,59,109,134,134,149,173,184,199,214,135,154,154,154],"floor_reached":51,"playtime":2502,"items_purged":["Strike_B","Defend_B","Defend_B","Defend_B"],"score":1100,"play_id":"e4597a11-cdf8-47c9-b4aa-b2c3b8c95e48","local_time":"20181008014533","is_ascension_mode":true,"campfire_choices":[{"data":"Zap","floor":11.0,"key":"SMITH"},{"data":"Dualcast","floor":13.0,"key":"SMITH"},{"data":"Glacier","floor":15.0,"key":"SMITH"},{"data":"Defragment","floor":23.0,"key":"SMITH"},{"data":"Fission","floor":25.0,"key":"SMITH"},{"data":"Consume","floor":32.0,"key":"SMITH"},{"data":"Machine Learning","floor":41,"key":"SMITH"},{"data":"Blizzard","floor":49,"key":"SMITH"}],"neow_cost":"TEN_PERCENT_HP_LOSS","seed_source_timestamp":0,"circlet_count":0,"master_deck":["Strike_B+1","Strike_B+1","Zap+1","Dualcast+1","Conserve Battery","Ball Lightning+1","Glacier+1","Leap","Reinforced Body","Gash","Fission+1","Defragment+1","Gash","Coolheaded","FTL","Barrage+1","Beam Cell","Consume+1","Echo Form","Redo+1","Chill+1","Machine Learning+1","Decay","FTL+1","Reboot","Blizzard+1","Coolheaded+1"],"special_seed":0,"relics":["Cracked Core","Whetstone","Calipers","Bronze Scales","Shuriken","Gambling Chip","MawBank","Du-Vu Doll","Happy Flower","Sundial","Cursed Key","Incense Burner","FossilizedHelix","Centennial Puzzle"],"potions_floor_usage":[42,46,50,50],"damage_taken":[{"damage":7.0,"enemies":"Small Slimes","floor":1.0,"turns":3.0},{"damage":3.0,"enemies":"2 Louse","floor":2.0,"turns":2.0},{"damage":0.0,"enemies":"Jaw Worm","floor":3.0,"turns":3.0},{"damage":7.0,"enemies":"Gremlin Nob","floor":6.0,"turns":4.0},{"damage":10.0,"enemies":"Lagavulin Event","floor":7.0,"turns":8.0},{"damage":2.0,"enemies":"Lagavulin","floor":8.0,"turns":8.0},{"damage":3.0,"enemies":"3 Sentries","floor":10.0,"turns":7.0},{"damage":0.0,"enemies":"Lagavulin","floor":12.0,"turns":7.0},{"damage":0.0,"enemies":"Blue Slaver","floor":14.0,"turns":3.0},{"damage":0.0,"enemies":"Hexaghost","floor":16.0,"turns":9.0},{"damage":7.0,"enemies":"Spheric Guardian","floor":18.0,"turns":4.0},{"damage":0.0,"enemies":"Chosen","floor":19.0,"turns":6.0},{"damage":0.0,"enemies":"Centurion and Healer","floor":21.0,"turns":9.0},{"damage":13.0,"enemies":"Snake Plant","floor":22.0,"turns":4.0},{"damage":15.0,"enemies":"Slavers","floor":24.0,"turns":8.0},{"damage":0.0,"enemies":"Shelled Parasite and Fungi","floor":28.0,"turns":5.0},{"damage":0.0,"enemies":"Snecko","floor":29.0,"turns":5.0},{"damage":0.0,"enemies":"Centurion and Healer","floor":30.0,"turns":5.0},{"damage":31.0,"enemies":"Collector","floor":33.0,"turns":11.0},{"damage":0.0,"enemies":"3 Shapes","floor":35.0,"turns":6.0},{"damage":0.0,"enemies":"Orb Walker","floor":36.0,"turns":2.0},{"damage":2.0,"enemies":"Sphere and 2 Shapes","floor":37.0,"turns":5.0},{"damage":9.0,"enemies":"Mysterious Sphere","floor":39.0,"turns":4.0},{"damage":22,"enemies":"Nemesis","floor":40,"turns":9},{"damage":0,"enemies":"Reptomancer","floor":42,"turns":4},{"damage":4,"enemies":"Spire Growth","floor":44,"turns":5},{"damage":0,"enemies":"Transient","floor":45,"turns":5},{"damage":0,"enemies":"Reptomancer","floor":46,"turns":7},{"damage":0,"enemies":"Sphere and 2 Shapes","floor":48,"turns":5},{"damage":0,"enemies":"Donu and Deca","floor":50,"turns":8}],"seed_played":"2970979652138047199","potions_obtained":[{"floor":2.0,"key":"SteroidPotion"},{"floor":3.0,"key":"Poison Potion"},{"floor":7.0,"key":"Strength Potion"},{"floor":8.0,"key":"FocusPotion"},{"floor":18.0,"key":"Strength Potion"},{"floor":22.0,"key":"Regen Potion"},{"floor":24.0,"key":"GamblersBrew"},{"floor":33.0,"key":"FocusPotion"},{"floor":42,"key":"Poison Potion"},{"floor":45,"key":"Regen Potion"},{"floor":46,"key":"GamblersBrew"}],"is_trial":false,"path_per_floor":["M","M","M","?","$","E","?","E","T","E","R","E","R","M","R","B",null,"M","M","$","M","M","R","E","R","T","$","M","M","M","?","R","B",null,"M","M","M","$","?","E","R","M","T","M","M","M","$","M","R","B"],"character_chosen":"DEFECT","items_purchased":["Glacier","Sundial","Blizzard"],"campfire_rested":0,"item_purchase_floors":[5,27,47],"current_hp_per_floor":[61,58,58,44,44,37,27,25,25,22,22,22,22,22,22,22,57,50,50,50,50,37,37,37,37,37,37,37,37,37,37,37,6,53,53,53,51,51,42,20,20,20,20,16,16,31,31,31,31,31],"gold":154,"neow_bonus":"REMOVE_TWO","is_prod":false,"is_daily":false,"chose_seed":false,"campfire_upgraded":8,"win_rate":0,"timestamp":1538934333,"path_taken":["M","M","M","?","$","E","?","E","T","E","R","E","R","M","R","BOSS","M","M","$","M","?","R","E","R","T","$","M","M","M","?","R","BOSS","M","?","M","$","?","E","R","M","T","?","?","M","$","?","R","BOSS"],"build_version":"2018-10-04v2","purchased_purges":4,"victory":true,"max_hp_per_floor":[68,68,68,68,68,68,68,68,68,68,68,68,68,68,68,68,68,68,68,68,68,68,68,68,68,68,68,68,68,68,68,68,68,68,68,68,68,68,68,68,68,68,68,68,68,68,68,68,68,68],"card_choices":[{"not_picked":["Beam Cell","Recycle"],"picked":"Conserve Battery","floor":1.0},{"not_picked":["Skim","Leap","Beam Cell"],"picked":"SKIP","floor":2.0},{"not_picked":["Rebound","Hologram"],"picked":"Ball Lightning","floor":3.0},{"not_picked":["Gash","Recycle","Steam"],"picked":"SKIP","floor":6.0},{"not_picked":["Doom and Gloom","Steam Power"],"picked":"Leap","floor":7.0},{"not_picked":["Tempest","Steam","Sweeping Beam"],"picked":"SKIP","floor":8.0},{"not_picked":["Sweeping Beam","Chaos"],"picked":"Reinforced Body","floor":10.0},{"not_picked":["Chaos","Multi-Cast"],"picked":"Gash","floor":12.0},{"not_picked":["Conserve Battery","Redo","Recycle"],"picked":"SKIP","floor":14.0},{"not_picked":["Multi-Cast","Rainbow"],"picked":"Fission","floor":16.0},{"not_picked":["Compile Driver","Sweeping Beam"],"picked":"Defragment","floor":18.0},{"not_picked":["Sunder+1","Chaos","Go for the Eyes"],"picked":"SKIP","floor":19.0},{"not_picked":["Turbo","Force Field","Steam"],"picked":"SKIP","floor":21.0},{"not_picked":["Stack","Coolheaded"],"picked":"Gash","floor":22.0},{"not_picked":["Leap","Stack"],"picked":"Coolheaded","floor":24.0},{"not_picked":["Redo","Biased Cognition"],"picked":"FTL","floor":28.0},{"not_picked":["Recycle","Redo"],"picked":"Barrage+1","floor":29.0},{"not_picked":["Chaos+1","Redo"],"picked":"Beam Cell","floor":30.0},{"not_picked":["Fission","Buffer"],"picked":"Echo Form","floor":33.0},{"not_picked":["Go for the Eyes","Recycle","Darkness"],"picked":"SKIP","floor":35.0},{"not_picked":["Gash+1","Streamline"],"picked":"Redo+1","floor":36.0},{"not_picked":["Leap+1","Hologram"],"picked":"Chill+1","floor":37.0},{"not_picked":["Gash","Compile Driver+1"],"picked":"Machine Learning","floor":40},{"not_picked":["Doom and Gloom+1","Beam Cell+1","Redo+1"],"picked":"SKIP","floor":42},{"not_picked":["Redo","Rebound+1"],"picked":"FTL+1","floor":44},{"not_picked":["Auto Shields+1","Gash","Cold Snap+1"],"picked":"SKIP","floor":45},{"not_picked":["Darkness+1","Compile Driver"],"picked":"Reboot","floor":46},{"not_picked":["Ball Lightning","Rip and Tear+1"],"picked":"Coolheaded+1","floor":48}],"player_experience":230317,"relics_obtained":[{"floor":6.0,"key":"Whetstone"},{"floor":7.0,"key":"Calipers"},{"floor":8.0,"key":"Bronze Scales"},{"floor":9.0,"key":"Shuriken"},{"floor":10.0,"key":"Gambling Chip"},{"floor":12.0,"key":"MawBank"},{"floor":24.0,"key":"Du-Vu Doll"},{"floor":26.0,"key":"Happy Flower"},{"floor":39.0,"key":"Incense Burner"},{"floor":40,"key":"FossilizedHelix"},{"floor":43,"key":"Centennial Puzzle"}],"event_choices":[{"event_name":"Shining Light","player_choice":"Entered Light","floor":4.0,"damage_taken":0.0},{"event_name":"Dead Adventurer","player_choice":"Searched \u00271\u0027 times","floor":7.0,"damage_taken":0.0},{"event_name":"The Library","player_choice":"Read","floor":31.0,"damage_taken":0.0},{"event_name":"Mysterious Sphere","player_choice":"Fight","floor":39.0,"damage_taken":0.0}],"is_beta":false,"boss_relics":[{"not_picked":["Snecko Eye","Velvet Choker","Fusion Hammer"]},{"not_picked":["Lizard Tail","Sozu"],"picked":"Cursed Key"}],"items_purged_floors":[5,20,27,38],"is_endless":false,"potions_floor_spawned":[2,3,7,8,10,18,22,24,33,35,39,40,42,45,46],"ascension_level":6}