{"gold_per_floor":[368,378,378,428,142,142,177,177,201,233,233,249,249,269,269,343,343,354,61,76,76,87,87,112,112,112,112,140,140,90,90,90,167,167,178,128,144,157,157,189,217,244,318,318,318,351,91,124,124,124,124,124,124,20,52,52],"floor_reached":57,"playtime":3610,"items_purged":["Strike_G","Strike_G","Strike_G","Defend_G","Defend_G","Defend_G"],"score":3155,"play_id":"b4d65511-5aae-4a9f-a83a-a8d5498f5f37","local_time":"20190117153211","is_ascension_mode":true,"campfire_choices":[{"data":"Corpse Explosion","floor":6.0,"key":"SMITH"},{"data":"Neutralize","floor":8.0,"key":"SMITH"},{"data":"Footwork","floor":11.0,"key":"SMITH"},{"floor":15.0,"key":"RECALL"},{"data":"Apotheosis","floor":23.0,"key":"SMITH"},{"data":"Adrenaline","floor":25.0,"key":"SMITH"},{"data":"Catalyst","floor":27.0,"key":"SMITH"},{"data":"After Image","floor":29.0,"key":"SMITH"},{"data":"Backstab","floor":32.0,"key":"SMITH"},{"data":"Catalyst","floor":44,"key":"SMITH"},{"data":"Cloak And Dagger","floor":49,"key":"SMITH"},{"data":"Survivor","floor":53,"key":"SMITH"}],"neow_cost":"PERCENT_DAMAGE","seed_source_timestamp":7681449680479,"circlet_count":0,"master_deck":["AscendersBane","Defend_G","Defend_G","Survivor+1","Neutralize+1","Backstab+1","Footwork+1","Corpse Explosion+1","Adrenaline+1","After Image+1","After Image","Apotheosis+1","Catalyst+1","After Image","Cloak And Dagger+1","Infinite Blades+1","Burst","Calculated Gamble","Blur+1","Catalyst+1","Escape Plan+1"],"special_seed":0,"relics":["Ring of the Snake","Smiling Mask","Mummified Hand","PreservedInsect","Bag of Marbles","Runic Pyramid","Regal Pillow","WingedGreaves","Coffee Dripper","Juzu Bracelet","Lantern","The Specimen","Bottled Lightning","Toxic Egg 2","TwistedFunnel","Ancient Tea Set","Bird Faced Urn"],"potions_floor_usage":[51,51,56],"damage_taken":[{"damage":11.0,"enemies":"Cultist","floor":1.0,"turns":5.0},{"damage":0.0,"enemies":"Jaw Worm","floor":2.0,"turns":5.0},{"damage":10.0,"enemies":"3 Sentries","floor":7.0,"turns":3.0},{"damage":18.0,"enemies":"Gremlin Nob","floor":10.0,"turns":4.0},{"damage":0.0,"enemies":"2 Louse","floor":12.0,"turns":1.0},{"damage":2.0,"enemies":"Red Slaver","floor":14.0,"turns":2.0},{"damage":10.0,"enemies":"Hexaghost","floor":16.0,"turns":12.0},{"damage":0.0,"enemies":"2 Thieves","floor":18.0,"turns":3.0},{"damage":0.0,"enemies":"3 Byrds","floor":20.0,"turns":3.0},{"damage":4.0,"enemies":"Shelled Parasite and Fungi","floor":22.0,"turns":7.0},{"damage":6.0,"enemies":"Slavers","floor":24.0,"turns":2.0},{"damage":0.0,"enemies":"Gremlin Leader","floor":28.0,"turns":6.0},{"damage":14.0,"enemies":"Collector","floor":33.0,"turns":12.0},{"damage":0.0,"enemies":"Orb Walker","floor":35.0,"turns":4.0},{"damage":0.0,"enemies":"3 Shapes","floor":37.0,"turns":3.0},{"damage":0.0,"enemies":"Spire Growth","floor":38.0,"turns":5.0},{"damage":0.0,"enemies":"Reptomancer","floor":40.0,"turns":5.0},{"damage":0.0,"enemies":"Giant Head","floor":41.0,"turns":7.0},{"damage":1,"enemies":"Reptomancer","floor":42,"turns":3},{"damage":0,"enemies":"Nemesis","floor":46,"turns":5},{"damage":0,"enemies":"Giant Head","floor":48,"turns":6},{"damage":19,"enemies":"Donu and Deca","floor":50,"turns":3},{"damage":5,"enemies":"Awakened One","floor":51,"turns":14},{"damage":0,"enemies":"Shield and Spear","floor":55,"turns":2},{"damage":37,"enemies":"The Heart","floor":56,"turns":7}],"seed_played":"-2916871928634042012","potions_obtained":[{"floor":1.0,"key":"Energy Potion"},{"floor":12.0,"key":"GhostInAJar"},{"floor":13.0,"key":"PowerPotion"},{"floor":14.0,"key":"Poison Potion"},{"floor":16.0,"key":"EssenceOfSteel"},{"floor":22.0,"key":"FearPotion"},{"floor":24.0,"key":"SkillPotion"},{"floor":48,"key":"Weak Potion"}],"is_trial":false,"path_per_floor":["M","M","?","T","$","R","E","R","T","E","R","M","?","M","R","B",null,"M","$","M","?","M","R","E","R","T","R","E","R","$","?","R","B",null,"M","$","M","M","?","E","E","E","T","R","?","E","$","E","R","B","B",null,"R","$","E","B",null],"character_chosen":"THE_SILENT","items_purchased":["Footwork","Corpse Explosion","Apotheosis","Catalyst","TwistedFunnel","Swift Potion"],"campfire_rested":0,"item_purchase_floors":[5,5,19,19,47,54],"current_hp_per_floor":[33,33,55,55,55,55,45,45,45,27,27,27,27,25,25,15,53,53,53,53,53,49,49,43,43,43,43,43,43,43,43,43,29,57,57,57,57,57,57,57,57,56,56,56,56,56,56,56,56,37,32,58,58,58,58,30],"gold":52,"neow_bonus":"TWO_FIFTY_GOLD","is_prod":false,"is_daily":false,"chose_seed":false,"campfire_upgraded":11,"win_rate":0,"timestamp":1547710331,"path_taken":["M","M","?","?","$","R","E","R","T","E","R","M","?","M","R","BOSS","M","$","M","?","M","R","E","R","T","R","E","R","$","?","R","BOSS","M","$","M","?","?","E","E","E","T","R","?","E","?","E","R","BOSS","BOSS","R","$","E","BOSS"],"build_version":"2019-01-10","purchased_purges":6,"victory":true,"max_hp_per_floor":[66,66,66,66,66,66,66,66,66,66,66,66,66,66,66,66,66,66,66,66,66,66,66,66,66,66,66,66,66,66,66,66,66,66,66,66,66,66,66,66,66,66,66,66,66,66,66,66,66,66,66,66,66,66,66,66],"card_choices":[{"not_picked":["Quick Slash","Bane"],"picked":"Dash","floor":1.0},{"not_picked":["Caltrops","Slice"],"picked":"Backstab","floor":2.0},{"not_picked":["Expertise","Cloak And Dagger"],"picked":"Adrenaline","floor":7.0},{"not_picked":["Reflex","Deadly Poison"],"picked":"After Image","floor":10.0},{"not_picked":["Reflex","Heel Hook","PiercingWail"],"picked":"SKIP","floor":12.0},{"not_picked":["Cloak And Dagger","Outmaneuver","All Out Attack"],"picked":"SKIP","floor":14.0},{"not_picked":["Night Terror","Tools of the Trade"],"picked":"After Image","floor":16.0},{"not_picked":["Endless Agony","Expertise","Sucker Punch"],"picked":"SKIP","floor":18.0},{"not_picked":["Flying Knee","Deadly Poison","Eviscerate"],"picked":"SKIP","floor":20.0},{"not_picked":["Poisoned Stab","Sucker Punch+1","Acrobatics"],"picked":"SKIP","floor":22.0},{"not_picked":["Doppelganger","Riddle With Holes","Dodge and Roll"],"picked":"SKIP","floor":24.0},{"not_picked":["Cloak And Dagger","Blade Dance"],"picked":"Infinite Blades","floor":28.0},{"not_picked":["Wraith Form v2","Tools of the Trade"],"picked":"Burst","floor":33.0},{"not_picked":["Deflect","Reflex","Tactician"],"picked":"SKIP","floor":35.0},{"not_picked":["Concentrate","Quick Slash","Distraction"],"picked":"SKIP","floor":37.0},{"not_picked":["PiercingWail","Quick Slash"],"picked":"Calculated Gamble","floor":38.0},{"not_picked":["Outmaneuver","Underhanded Strike+1"],"picked":"Blur+1","floor":40.0},{"not_picked":["Dodge and Roll+1","Acrobatics+1"],"picked":"Catalyst","floor":41.0},{"not_picked":["Cloak And Dagger","Dagger Spray","Caltrops"],"picked":"SKIP","floor":42},{"not_picked":["Leg Sweep+1","Acrobatics"],"picked":"Escape Plan+1","floor":46},{"not_picked":["Bane","Underhanded Strike","Eviscerate"],"picked":"SKIP","floor":48},{"not_picked":["Bouncing Flask+1","Sucker Punch","Outmaneuver+1"],"picked":"SKIP","floor":55}],"player_experience":1972201,"relics_obtained":[{"floor":4.0,"key":"Smiling Mask"},{"floor":7.0,"key":"Mummified Hand"},{"floor":9.0,"key":"PreservedInsect"},{"floor":10.0,"key":"Bag of Marbles"},{"floor":24.0,"key":"Regal Pillow"},{"floor":28.0,"key":"WingedGreaves"},{"floor":40.0,"key":"Juzu Bracelet"},{"floor":41.0,"key":"Lantern"},{"floor":42,"key":"The Specimen"},{"floor":43,"key":"Bottled Lightning"},{"floor":46,"key":"Toxic Egg 2"},{"floor":48,"key":"Ancient Tea Set"},{"floor":55,"key":"Bird Faced Urn"}],"event_choices":[{"damage_healed":22.0,"max_hp_gain":0.0,"max_hp_loss":0.0,"gold_gain":0.0,"event_name":"Big Fish","player_choice":"Banana","floor":3.0,"gold_loss":0.0,"damage_taken":0.0},{"damage_healed":0.0,"max_hp_gain":0.0,"max_hp_loss":0.0,"gold_gain":0.0,"event_name":"Lab","player_choice":"Got Potions","floor":13.0,"gold_loss":0.0,"damage_taken":0.0},{"damage_healed":0.0,"max_hp_gain":0.0,"max_hp_loss":0.0,"gold_gain":0.0,"cards_transformed":["Strike_G","Strike_G"],"event_name":"Drug Dealer","player_choice":"Became Test Subject","floor":21.0,"gold_loss":0.0,"damage_taken":0.0,"cards_obtained":["After Image","Cloak And Dagger"]},{"damage_healed":0.0,"max_hp_gain":0.0,"max_hp_loss":0.0,"gold_gain":0.0,"event_name":"Upgrade Shrine","player_choice":"Upgraded","floor":31.0,"gold_loss":0.0,"damage_taken":0.0,"cards_upgraded":["Infinite Blades"]},{"damage_healed":0.0,"max_hp_gain":0.0,"max_hp_loss":0.0,"gold_gain":0.0,"event_name":"Tomb of Lord Red Mask","player_choice":"Ignored","floor":39.0,"gold_loss":0.0,"damage_taken":0.0},{"cards_removed":["Dash"],"damage_healed":0,"gold_gain":0,"player_choice":"Removed Attack","damage_taken":0,"max_hp_gain":0,"max_hp_loss":0,"event_name":"Falling","floor":45,"gold_loss":0}],"is_beta":false,"boss_relics":[{"not_picked":["Snecko Eye","Sozu"],"picked":"Runic Pyramid"},{"not_picked":["Pandora\u0027s Box","Busted Crown"],"picked":"Coffee Dripper"}],"items_purged_floors":[5,19,30,36,47,54],"is_endless":false,"potions_floor_spawned":[1,12,14,16,22,24,37,38,46,48],"ascension_level":20}