{"gold_per_floor":[110,385,396,414,489,489,514,514,514,514,530,412,445,365,365,439,439,458,47,67,67,84,84,84,84,84,84,95,370,370,402,402,480,480,498,510,248,268,278,291,291,324,324,324,353,353,378,378,378,378,378,378,84,113,113],"floor_reached":56,"playtime":2341,"items_purged":["Regret","Strike_R","Strike_R","Regret","Strike_R"],"score":2292,"play_id":"73d44d08-e56a-420c-9ab5-59f5c64bd9eb","local_time":"20181216233515","is_ascension_mode":true,"campfire_choices":[{"data":"Metallicize","floor":6.0,"key":"SMITH"},{"data":"Exhume","floor":8.0,"key":"SMITH"},{"data":"Bash","floor":10.0,"key":"SMITH"},{"data":"Demon Form","floor":15.0,"key":"SMITH"},{"data":"Offering","floor":23.0,"key":"SMITH"},{"data":"Burning Pact","floor":25.0,"key":"SMITH"},{"floor":30.0,"key":"REST"},{"data":"Sword Boomerang","floor":32.0,"key":"SMITH"},{"data":"Feed","floor":44,"key":"SMITH"},{"floor":49,"key":"RECALL"},{"data":"Second Wind","floor":52,"key":"SMITH"}],"neow_cost":"NONE","seed_source_timestamp":39848863966225,"circlet_count":0,"master_deck":["AscendersBane","Strike_R","Strike_R","Defend_R","Defend_R","Defend_R","Defend_R","Bash+1","Exhume+1","Pummel","Rage","Metallicize+1","Demon Form+1","Burning Pact+1","Dropkick","Offering+1","Second Wind+1","Shrug It Off+1","Shrug It Off+1","Sword Boomerang+1","Feed+1","Dramatic Entrance","Finesse+1","Dropkick","Shrug It Off+1","Doubt","Power Through+1","Writhe","Panacea+1","Finesse+1","Trip+1","Purity+1","Dropkick","Evolve","Entrench+1"],"special_seed":0,"relics":["Burning Blood","Vajra","The Courier","Oddly Smooth Stone","Sozu","Toxic Egg 2","Lantern","Ornamental Fan","Mummified Hand","Runic Pyramid","Darkstone Periapt","Calipers","PreservedInsect","Bronze Scales"],"potions_floor_usage":[55],"damage_taken":[{"damage":1.0,"enemies":"Cultist","floor":1.0,"turns":4.0},{"damage":10.0,"enemies":"2 Louse","floor":3.0,"turns":3.0},{"damage":9.0,"enemies":"Jaw Worm","floor":4.0,"turns":5.0},{"damage":10.0,"enemies":"Lots of Slimes","floor":11.0,"turns":6.0},{"damage":32.0,"enemies":"3 Sentries","floor":13.0,"turns":9.0},{"damage":18.0,"enemies":"Hexaghost","floor":16.0,"turns":7.0},{"damage":6.0,"enemies":"Spheric Guardian","floor":18.0,"turns":3.0},{"damage":14.0,"enemies":"Shell Parasite","floor":20.0,"turns":4.0},{"damage":18.0,"enemies":"Snake Plant","floor":22.0,"turns":6.0},{"damage":39.0,"enemies":"Sentry and Sphere","floor":28.0,"turns":8.0},{"damage":12.0,"enemies":"Gremlin Leader","floor":31.0,"turns":6.0},{"damage":26,"enemies":"Collector","floor":33,"turns":5},{"damage":5,"enemies":"Orb Walker","floor":35,"turns":4},{"damage":11,"enemies":"3 Shapes","floor":36,"turns":4},{"damage":3,"enemies":"3 Darklings","floor":38,"turns":7},{"damage":26,"enemies":"Transient","floor":39,"turns":5},{"damage":6,"enemies":"Spire Growth","floor":40,"turns":4},{"damage":0,"enemies":"Giant Head","floor":42,"turns":6},{"damage":34,"enemies":"Reptomancer","floor":45,"turns":5},{"damage":6,"enemies":"Nemesis","floor":47,"turns":5},{"damage":49,"enemies":"Awakened One","floor":50,"turns":9},{"damage":12,"enemies":"Shield and Spear","floor":54,"turns":6},{"damage":35,"enemies":"The Heart","floor":55,"turns":9}],"seed_played":"-5431160561285127138","potions_obtained":[{"floor":4.0,"key":"Block Potion"},{"floor":11.0,"key":"SkillPotion"}],"is_trial":false,"path_per_floor":["M","?","M","M","?","R","T","R","T","R","M","$","E","$","R","B",null,"M","$","M","?","M","R","$","R","T","?","M","?","R","E","R","B",null,"M","M","$","M","M","M","?","E","T","R","E","?","E","?","R","B",null,"R","$","E","B",null],"character_chosen":"IRONCLAD","items_purchased":["Burning Pact","Toxic Egg 2","Lantern","Dramatic Entrance","Finesse+1","Purity+1","Dropkick","Evolve"],"campfire_rested":1,"item_purchase_floors":[12,19,19,37,37,53,53,53],"current_hp_per_floor":[73,73,69,66,55,55,55,55,55,55,51,51,25,25,25,13,60,60,60,52,52,40,40,40,40,40,55,22,22,44,38,38,18,61,65,66,66,72,52,55,90,93,93,93,69,94,98,88,88,53,100,100,100,98,69],"gold":113,"neow_bonus":"ONE_RANDOM_RARE_CARD","is_prod":false,"is_daily":false,"chose_seed":false,"campfire_upgraded":9,"win_rate":0,"timestamp":1544974515,"path_taken":["M","?","?","M","?","R","?","R","T","R","?","$","E","$","R","BOSS","M","$","M","?","M","R","?","R","T","?","M","?","R","E","R","BOSS","M","?","$","M","M","M","?","E","T","R","E","?","E","?","R","BOSS","R","$","E","BOSS"],"build_version":"2018-12-13","purchased_purges":5,"victory":true,"max_hp_per_floor":[75,75,75,75,75,75,75,75,75,75,75,75,75,75,75,75,75,75,75,75,75,75,75,75,75,75,75,75,75,75,75,75,75,75,78,84,84,87,87,90,90,93,93,93,97,103,107,107,107,115,115,115,115,119,119],"card_choices":[{"not_picked":["Body Slam","Pommel Strike"],"picked":"Pummel","floor":1.0},{"not_picked":["Rampage","Heavy Blade"],"picked":"Rage","floor":3.0},{"not_picked":["Iron Wave","Warcry"],"picked":"Metallicize","floor":4.0},{"not_picked":["Pommel Strike","Shrug It Off"],"picked":"Demon Form","floor":11.0},{"not_picked":["Headbutt","Evolve"],"picked":"Dropkick","floor":13.0},{"not_picked":["Demon Form","Exhume"],"picked":"Offering","floor":16.0},{"not_picked":["Rupture","Armaments"],"picked":"Second Wind","floor":18.0},{"not_picked":["Twin Strike","Sever Soul"],"picked":"Shrug It Off+1","floor":20.0},{"not_picked":["Twin Strike","Wild Strike","Havoc+1"],"picked":"SKIP","floor":22.0},{"not_picked":["Blood for Blood","Rage+1"],"picked":"Shrug It Off+1","floor":28.0},{"not_picked":["Headbutt","Pommel Strike"],"picked":"Sword Boomerang","floor":31.0},{"not_picked":["Immolate","Barricade"],"picked":"Feed","floor":33},{"not_picked":["Perfected Strike","Twin Strike+1","Sword Boomerang"],"picked":"SKIP","floor":35},{"not_picked":["Whirlwind","Iron Wave+1","Intimidate+1"],"picked":"SKIP","floor":36},{"not_picked":["Corruption","Pommel Strike","Second Wind+1"],"picked":"SKIP","floor":38},{"not_picked":["Pommel Strike","Sword Boomerang"],"picked":"Dropkick","floor":39},{"not_picked":["Armaments+1","Hemokinesis"],"picked":"Shrug It Off+1","floor":40},{"not_picked":["Immolate","Flame Barrier+1","Twin Strike"],"picked":"SKIP","floor":42},{"not_picked":["Iron Wave","Juggernaut"],"picked":"Power Through+1","floor":45},{"not_picked":["Spot Weakness+1","Rage+1","Heavy Blade+1"],"picked":"SKIP","floor":47},{"not_picked":["HandOfGreed","Sadistic Nature"],"picked":"Panacea+1","floor":48},{"not_picked":["PanicButton+1","Dramatic Entrance"],"picked":"Finesse+1","floor":48},{"not_picked":["Forethought+1","Bandage Up+1"],"picked":"Trip+1","floor":48},{"not_picked":["Warcry+1","Ghostly Armor+1"],"picked":"Entrench+1","floor":54}],"player_experience":1297548,"relics_obtained":[{"floor":7.0,"key":"Vajra"},{"floor":9.0,"key":"The Courier"},{"floor":13.0,"key":"Oddly Smooth Stone"},{"floor":26.0,"key":"Ornamental Fan"},{"floor":31.0,"key":"Mummified Hand"},{"floor":42,"key":"Darkstone Periapt"},{"floor":45,"key":"Calipers"},{"floor":47,"key":"PreservedInsect"},{"floor":54,"key":"Bronze Scales"}],"event_choices":[{"damage_healed":0.0,"max_hp_gain":0.0,"max_hp_loss":0.0,"gold_gain":275.0,"event_name":"Golden Shrine","player_choice":"Desecrate","floor":2.0,"gold_loss":0.0,"damage_taken":0.0,"cards_obtained":["Regret"]},{"damage_healed":0.0,"max_hp_gain":0.0,"max_hp_loss":0.0,"gold_gain":75.0,"event_name":"World of Goop","player_choice":"Gather Gold","floor":5.0,"gold_loss":0.0,"damage_taken":11.0},{"damage_healed":0.0,"max_hp_gain":0.0,"max_hp_loss":0.0,"gold_gain":0.0,"event_name":"Lab","player_choice":"Got Potions","floor":21.0,"gold_loss":0.0,"damage_taken":0.0},{"damage_healed":15.0,"max_hp_gain":0.0,"max_hp_loss":0.0,"gold_gain":0.0,"event_name":"The Library","player_choice":"Heal","floor":27.0,"gold_loss":0.0,"damage_taken":0.0},{"damage_healed":0.0,"max_hp_gain":0.0,"max_hp_loss":0.0,"gold_gain":275.0,"event_name":"Golden Shrine","player_choice":"Desecrate","floor":29.0,"gold_loss":0.0,"damage_taken":0.0,"cards_obtained":["Regret"]},{"damage_healed":35,"gold_gain":0,"player_choice":"Heal","damage_taken":0,"max_hp_gain":0,"max_hp_loss":0,"event_name":"MindBloom","floor":41,"gold_loss":0,"cards_obtained":["Doubt"]},{"damage_healed":19,"gold_gain":0,"player_choice":"Writhe","damage_taken":0,"max_hp_gain":0,"max_hp_loss":0,"event_name":"Winding Halls","floor":46,"gold_loss":0,"cards_obtained":["Writhe"]},{"damage_healed":0,"gold_gain":0,"player_choice":"Memory 3","damage_taken":10,"max_hp_gain":0,"max_hp_loss":0,"event_name":"SensoryStone","floor":48,"gold_loss":0}],"is_beta":false,"boss_relics":[{"not_picked":["Calling Bell","Tiny House"],"picked":"Sozu"},{"not_picked":["Snecko Eye","Velvet Choker"],"picked":"Runic Pyramid"}],"items_purged_floors":[12,14,19,37,53],"is_endless":false,"potions_floor_spawned":[4,11,28,33,36,38,42,45],"ascension_level":15}