{"gold_per_floor":[364,364,364,88,88,123,142,142,192,204,239,252,268,278,278,352,352,368,212,230,68,68,68,68],"floor_reached":24,"playtime":684,"items_purged":["Regret","Strike_G"],"score":486,"play_id":"422f8feb-14fb-4192-8fdc-92afda0f9c2e","local_time":"20181114205926","is_ascension_mode":true,"campfire_choices":[{"floor":8,"key":"REST"},{"floor":15,"key":"REST"},{"data":"Crippling Poison","floor":23,"key":"SMITH"}],"neow_cost":"PERCENT_DAMAGE","seed_source_timestamp":0,"circlet_count":0,"master_deck":["AscendersBane","Defend_G","Defend_G","Defend_G","Defend_G","Defend_G","Strike_G","Strike_G","Survivor","Neutralize","Noxious Fumes+1","Unload","Backflip","Crippling Poison+1","Backstab","Poisoned Stab","Grand Finale","Acrobatics","Prepared"],"special_seed":0,"relics":["Ring of the Snake","Mummified Hand","Matryoshka","Orichalcum","Lantern","Strawberry","Bronze Scales","Vajra","Empty Cage","Snake Skull"],"potions_floor_usage":[11,16,16,24],"damage_taken":[{"damage":10,"enemies":"Jaw Worm","floor":1,"turns":8},{"damage":22,"enemies":"3 Sentries","floor":6,"turns":9},{"damage":1,"enemies":"Small Slimes","floor":7,"turns":3},{"damage":0,"enemies":"Cultist","floor":10,"turns":3},{"damage":24,"enemies":"Lagavulin","floor":11,"turns":6},{"damage":4,"enemies":"Lots of Slimes","floor":12,"turns":4},{"damage":0,"enemies":"Gremlin Gang","floor":13,"turns":3},{"damage":1,"enemies":"Exordium Thugs","floor":14,"turns":4},{"damage":0,"enemies":"Slime Boss","floor":16,"turns":5},{"damage":17,"enemies":"Shell Parasite","floor":18,"turns":4},{"damage":19,"enemies":"Spheric Guardian","floor":20,"turns":6},{"damage":20,"enemies":"Gremlin Leader","floor":24,"turns":5}],"seed_played":"3500290021511276436","potions_obtained":[{"floor":7,"key":"Poison Potion"},{"floor":12,"key":"Fire Potion"},{"floor":13,"key":"Poison Potion"},{"floor":20,"key":"Poison Potion"}],"is_trial":false,"path_per_floor":["M","?","T","$","?","E","M","R","T","M","E","M","M","M","R","B",null,"M","$","M","$","$","R","E"],"character_chosen":"THE_SILENT","items_purchased":["Orichalcum","Noxious Fumes","Acrobatics","Snake Skull"],"campfire_rested":2,"item_purchase_floors":[4,4,19,21],"current_hp_per_floor":[34,34,34,34,34,12,11,30,37,37,13,9,9,8,29,29,62,45,45,26,26,26,26,6],"gold":68,"neow_bonus":"TWO_FIFTY_GOLD","is_prod":false,"is_daily":false,"chose_seed":false,"campfire_upgraded":1,"win_rate":0,"timestamp":1542200366,"path_taken":["M","?","?","$","?","E","M","R","T","M","E","M","?","M","R","BOSS","M","$","M","?","$","R","E"],"build_version":"2018-11-13","purchased_purges":2,"victory":false,"max_hp_per_floor":[66,66,66,66,66,66,66,66,73,73,73,73,73,73,73,73,73,73,73,73,73,73,73,73],"card_choices":[{"not_picked":["Quick Slash","Dagger Throw","Prepared"],"picked":"SKIP","floor":1},{"not_picked":["PiercingWail","Dodge and Roll","Quick Slash"],"picked":"SKIP","floor":6},{"not_picked":["PiercingWail","Blade Dance"],"picked":"Unload","floor":7},{"not_picked":["Dodge and Roll","Escape Plan"],"picked":"Backflip","floor":10},{"not_picked":["Bane","Slice"],"picked":"Crippling Poison","floor":11},{"not_picked":["Outmaneuver","Flying Knee","Backstab"],"picked":"SKIP","floor":12},{"not_picked":["Outmaneuver","Flying Knee"],"picked":"Backstab","floor":12},{"not_picked":["Flying Knee","Leg Sweep"],"picked":"Poisoned Stab","floor":13},{"not_picked":["PiercingWail","Blade Dance","Prepared"],"picked":"SKIP","floor":14},{"not_picked":["Burst","Wraith Form v2"],"picked":"Grand Finale","floor":16},{"not_picked":["Flying Knee","Backstab","Leg Sweep"],"picked":"SKIP","floor":18},{"not_picked":["PiercingWail+1","Outmaneuver"],"picked":"Prepared","floor":20}],"player_experience":1054788,"relics_obtained":[{"floor":3,"key":"Matryoshka"},{"floor":6,"key":"Lantern"},{"floor":9,"key":"Strawberry"},{"floor":9,"key":"Bronze Scales"},{"floor":11,"key":"Vajra"}],"event_choices":[{"damage_healed":0,"gold_gain":0,"player_choice":"Box","damage_taken":0,"relics_obtained":["Mummified Hand"],"max_hp_gain":0,"max_hp_loss":0,"event_name":"Big Fish","floor":2,"gold_loss":0,"cards_obtained":["Regret"]},{"damage_healed":0,"gold_gain":0,"player_choice":"Forge","damage_taken":0,"max_hp_gain":0,"max_hp_loss":0,"event_name":"Accursed Blacksmith","floor":5,"gold_loss":0,"cards_upgraded":["Noxious Fumes"]}],"is_beta":true,"boss_relics":[{"not_picked":["Velvet Choker","Black Star"],"picked":"Empty Cage"}],"items_purged_floors":[4,19],"is_endless":false,"potions_floor_spawned":[7,12,13,14,20],"killed_by":"Gremlin Leader","ascension_level":18}