{"gold_per_floor":[367,381,400,414,269,269,269,269,269,269,344,344,44,44,44,140,140,155,86,70,70,84,84,84,96,96,96,111,111,130,130,130,230,230,250,250,250,266,281,281,306,306,306,321,339,349,349,16,16,16],"floor_reached":51,"playtime":1432,"items_purged":["Strike_G","Strike_G"],"score":692,"play_id":"3070baa8-7e53-4164-8361-3cade0081439","local_time":"20181015105932","is_ascension_mode":false,"campfire_choices":[{"data":"Catalyst","floor":6,"key":"SMITH"},{"data":"Deadly Poison","floor":8,"key":"SMITH"},{"data":"Poisoned Stab","floor":10,"key":"SMITH"},{"data":"Poisoned Stab","floor":12,"key":"SMITH"},{"data":"Neutralize","floor":15,"key":"SMITH"},{"data":"Well Laid Plans","floor":23,"key":"SMITH"},{"data":"Noxious Fumes","floor":27,"key":"SMITH"},{"data":"Night Terror","floor":32,"key":"SMITH"},{"data":"Night Terror","floor":40,"key":"SMITH"},{"floor":42,"key":"REST"},{"floor":47,"key":"REST"},{"floor":49,"key":"REST"}],"neow_cost":"CURSE","seed_source_timestamp":1505227367799,"circlet_count":0,"master_deck":["Defend_G","Defend_G","Defend_G","Defend_G","Defend_G","Strike_G","Survivor","Neutralize+1","Poisoned Stab+1","Poisoned Stab+1","Deadly Poison+1","Catalyst+1","Night Terror+1","Footwork","Noxious Fumes+1","Well Laid Plans+1","Deadly Poison+1","Backflip","Adrenaline","Footwork","Bouncing Flask+1","Night Terror+1","Noxious Fumes+1","Dodge and Roll+1","Noxious Fumes+1","Prepared+1","Escape Plan"],"relics":["Mango","Shuriken","TwistedFunnel","Runic Dome","Nloth\u0027s Gift","Molten Egg 2","Cursed Key","Torii","Paper Crane"],"potions_floor_usage":[20,20,22,41,41,44,45],"damage_taken":[{"damage":0,"enemies":"2 Louse","floor":1,"turns":3},{"damage":2,"enemies":"Small Slimes","floor":2,"turns":4},{"damage":0,"enemies":"Cultist","floor":3,"turns":3},{"damage":9,"enemies":"Large Slime","floor":4,"turns":8},{"damage":29,"enemies":"Hexaghost","floor":16,"turns":5},{"damage":0,"enemies":"Spheric Guardian","floor":18,"turns":3},{"damage":0,"enemies":"2 Thieves","floor":20,"turns":4},{"damage":0,"enemies":"Sentry and Sphere","floor":22,"turns":4},{"damage":17,"enemies":"Snecko","floor":25,"turns":5},{"damage":12,"enemies":"Snake Plant","floor":28,"turns":3},{"damage":8,"enemies":"Shelled Parasite and Fungi","floor":30,"turns":3},{"damage":41,"enemies":"Collector","floor":33,"turns":4},{"damage":17,"enemies":"3 Shapes","floor":35,"turns":4},{"damage":6,"enemies":"Orb Walker","floor":38,"turns":3},{"damage":0,"enemies":"Maw","floor":39,"turns":5},{"damage":29,"enemies":"2 Orb Walkers","floor":41,"turns":5},{"damage":8,"enemies":"4 Shapes","floor":44,"turns":6},{"damage":15,"enemies":"Sphere and 2 Shapes","floor":45,"turns":4},{"damage":0,"enemies":"3 Darklings","floor":46,"turns":9},{"damage":60,"enemies":"Awakened One","floor":50,"turns":12}],"seed_played":"1916012882889376339","potions_obtained":[{"floor":3,"key":"SpeedPotion"},{"floor":16,"key":"Swift Potion"},{"floor":18,"key":"SkillPotion"},{"floor":30,"key":"Block Potion"},{"floor":33,"key":"EssenceOfSteel"},{"floor":35,"key":"Fire Potion"},{"floor":41,"key":"SkillPotion"},{"floor":45,"key":"Ancient Potion"}],"is_trial":false,"path_per_floor":["M","M","M","M","$","R","?","R","T","R","?","R","$","?","R","B",null,"M","$","M","?","M","R","$","M","T","R","M","?","M","?","R","B",null,"M","?","?","M","M","R","E","R","T","M","M","M","R","$","R","B"],"character_chosen":"THE_SILENT","items_purchased":["Catalyst","TwistedFunnel","Noxious Fumes","Paper Crane","Escape Plan"],"campfire_rested":3,"item_purchase_floors":[5,13,19,48,48],"current_hp_per_floor":[70,68,68,59,59,59,66,66,66,66,55,55,55,55,55,26,84,84,84,84,84,84,84,84,67,67,67,55,55,47,47,47,6,84,67,67,67,61,61,61,32,57,57,49,34,34,59,59,84,24],"gold":16,"neow_bonus":"TWO_FIFTY_GOLD","is_prod":false,"is_daily":false,"chose_seed":false,"campfire_upgraded":9,"win_rate":0,"timestamp":1539572372,"path_taken":["M","M","M","M","$","R","?","R","T","R","?","R","$","?","R","BOSS","M","$","M","?","M","R","?","M","T","R","?","?","M","?","R","BOSS","M","?","?","M","M","R","E","R","T","M","M","M","R","$","R","BOSS"],"build_version":"2018-10-11","purchased_purges":2,"victory":true,"max_hp_per_floor":[70,70,70,70,70,70,84,84,84,84,84,84,84,84,84,84,84,84,84,84,84,84,84,84,84,84,84,84,84,84,84,84,84,84,84,84,84,84,84,84,84,84,84,84,84,84,84,84,84,84],"card_choices":[{"not_picked":["Quick Slash","Dodge and Roll"],"picked":"Poisoned Stab","floor":1},{"not_picked":["Quick Slash","Flying Knee"],"picked":"Poisoned Stab","floor":2},{"not_picked":["Infinite Blades","Blade Dance","Underhanded Strike"],"picked":"SKIP","floor":3},{"not_picked":["Dodge and Roll","Backflip"],"picked":"Deadly Poison","floor":4},{"not_picked":["Adrenaline","Grand Finale"],"picked":"Night Terror","floor":16},{"not_picked":["Dagger Throw","Underhanded Strike"],"picked":"Footwork","floor":18},{"not_picked":["Dash","Underhanded Strike"],"picked":"Well Laid Plans","floor":20},{"not_picked":["Die Die Die","Cloak And Dagger"],"picked":"Deadly Poison+1","floor":22},{"not_picked":["Flechettes+1","Slice"],"picked":"Backflip","floor":25},{"not_picked":["Heel Hook+1","Outmaneuver"],"picked":"Adrenaline","floor":28},{"not_picked":["Expertise+1","Eviscerate+1"],"picked":"Bouncing Flask+1","floor":30},{"not_picked":["Unload+1","Grand Finale+1"],"picked":"Night Terror","floor":33},{"not_picked":["Poisoned Stab+1","Endless Agony+1"],"picked":"Noxious Fumes+1","floor":35},{"not_picked":["Blade Dance","Crippling Poison"],"picked":"Dodge and Roll+1","floor":38},{"not_picked":["Dodge and Roll","Flying Knee+1"],"picked":"Noxious Fumes+1","floor":39},{"not_picked":["Poisoned Stab+1","Flying Knee+1","Slice+1"],"picked":"SKIP","floor":41},{"not_picked":["Poisoned Stab+1","Flying Knee+1","Predator+1"],"picked":"SKIP","floor":44},{"not_picked":["Prepared","Dagger Spray+1","Poisoned Stab+1"],"picked":"SKIP","floor":45},{"not_picked":["Blade Dance","Underhanded Strike+1"],"picked":"Prepared+1","floor":46}],"player_experience":195237,"relics_obtained":[{"floor":9,"key":"Shuriken"},{"floor":26,"key":"Molten Egg 2"},{"floor":41,"key":"Torii"}],"event_choices":[{"event_name":"Scrap Ooze","player_choice":"success","floor":7,"damage_taken":7},{"event_name":"World of Goop","player_choice":"Gather Gold","floor":11,"damage_taken":0},{"event_name":"Purifier","player_choice":"One Purge","floor":14,"damage_taken":0},{"event_name":"N\u0027loth","player_choice":"Traded a Ring of the Snake","floor":21,"damage_taken":0},{"event_name":"Transmorgrifier","player_choice":"Transform","floor":29,"damage_taken":0},{"event_name":"Fountain of Cleansing","player_choice":"Removed Curse","floor":31,"damage_taken":0},{"event_name":"Tomb of Lord Red Mask","player_choice":"Ignored","floor":36,"damage_taken":0},{"event_name":"The Woman in Blue","player_choice":"Bought 0 Potions","floor":37,"damage_taken":0}],"is_beta":false,"boss_relics":[{"not_picked":["Lizard Tail","White Beast Statue"],"picked":"Runic Dome"},{"not_picked":["Pandora\u0027s Box","Tiny House"],"picked":"Cursed Key"}],"items_purged_floors":[5,13],"is_endless":false,"potions_floor_spawned":[3,16,18,30,33,35,41,45],"ascension_level":0}