{"gold_per_floor":[20,38,52,68,86,86,86,86,111,111,111,136,153,78,78,152,152,166,143,160,0,0,0,0],"floor_reached":24,"playtime":670,"items_purged":["Strike_G"],"score":396,"play_id":"b62911fe-0d61-4838-beff-b19566b2026d","local_time":"20181115213716","is_ascension_mode":true,"campfire_choices":[{"data":"Deadly Poison","floor":6,"key":"SMITH"},{"data":"Noxious Fumes","floor":8,"key":"SMITH"},{"floor":11,"key":"REST"},{"floor":15,"key":"REST"},{"floor":23,"key":"REST"}],"neow_cost":"NO_GOLD","seed_source_timestamp":13009226607107,"circlet_count":0,"master_deck":["AscendersBane","Defend_G","Defend_G","Defend_G","Defend_G","Strike_G","Strike_G","Survivor","Neutralize","Noxious Fumes+1","Deadly Poison+1","PiercingWail","Deflect","Escape Plan","Bullet Time"],"relics":["Ring of the Serpent","Vajra","Dream Catcher"],"potions_floor_usage":[12,16,16],"damage_taken":[{"damage":6,"enemies":"Jaw Worm","floor":1,"turns":6},{"damage":10,"enemies":"Cultist","floor":2,"turns":5},{"damage":7,"enemies":"Small Slimes","floor":3,"turns":3},{"damage":12,"enemies":"Exordium Wildlife","floor":4,"turns":5},{"damage":9,"enemies":"2 Fungi Beasts","floor":5,"turns":4},{"damage":10,"enemies":"Lagavulin","floor":12,"turns":6},{"damage":10,"enemies":"Large Slime","floor":13,"turns":5},{"damage":8,"enemies":"Hexaghost","floor":16,"turns":9},{"damage":5,"enemies":"Spheric Guardian","floor":18,"turns":5},{"damage":12,"enemies":"2 Thieves","floor":19,"turns":4},{"damage":17,"enemies":"Snake Plant","floor":20,"turns":6},{"damage":43,"enemies":"Book of Stabbing","floor":24,"turns":5}],"seed_played":"5891719730159220434","potions_obtained":[{"floor":1,"key":"Weak Potion"},{"floor":3,"key":"SkillPotion"},{"floor":4,"key":"PowerPotion"},{"floor":12,"key":"Poison Potion"}],"is_trial":false,"path_per_floor":["M","M","M","M","M","R","?","R","T","?","R","E","M","$","R","B",null,"M","M","M","?","$","R","E"],"character_chosen":"THE_SILENT","items_purchased":[],"campfire_rested":3,"item_purchase_floors":[],"current_hp_per_floor":[53,43,36,24,15,15,8,8,8,8,27,17,7,7,26,18,54,49,37,20,20,20,39,0],"gold":0,"neow_bonus":"REMOVE_TWO","is_prod":false,"is_daily":false,"chose_seed":false,"campfire_upgraded":2,"win_rate":0,"timestamp":1542289036,"path_taken":["M","M","M","M","M","R","?","R","T","?","R","E","M","$","R","BOSS","M","?","M","?","?","R","E"],"build_version":"2018-11-14","purchased_purges":1,"victory":false,"max_hp_per_floor":[66,66,66,66,66,66,66,66,66,66,66,66,66,66,66,66,66,66,66,66,66,66,66,66],"card_choices":[{"not_picked":["Distraction","Caltrops"],"picked":"Noxious Fumes","floor":1},{"not_picked":["Noxious Fumes","Terror"],"picked":"Deadly Poison","floor":2},{"not_picked":["Endless Agony","Accuracy","Dagger Throw"],"picked":"SKIP","floor":3},{"not_picked":["Infinite Blades","Noxious Fumes"],"picked":"PiercingWail","floor":4},{"not_picked":["Distraction","Underhanded Strike","Slice"],"picked":"SKIP","floor":5},{"not_picked":["Quick Slash","Poisoned Stab","Skewer"],"picked":"SKIP","floor":12},{"not_picked":["Cloak And Dagger","Dash"],"picked":"Escape Plan","floor":13},{"not_picked":["Glass Knife","Unload"],"picked":"Bullet Time","floor":16},{"not_picked":["Poisoned Stab+1","Distraction","Blade Dance"],"picked":"SKIP","floor":18},{"not_picked":["Deflect","Concentrate","Deadly Poison+1"],"picked":"SKIP","floor":19},{"not_picked":["Acrobatics+1","Dagger Throw","Sucker Punch"],"picked":"SKIP","floor":20}],"player_experience":1068626,"relics_obtained":[{"floor":9,"key":"Vajra"},{"floor":12,"key":"Dream Catcher"}],"event_choices":[{"cards_removed":["Strike_G"],"damage_healed":0,"gold_gain":0,"player_choice":"Card Removal","damage_taken":7,"max_hp_gain":0,"max_hp_loss":0,"event_name":"Golden Wing","floor":7,"gold_loss":0},{"damage_healed":0,"gold_gain":0,"player_choice":"1 cards matched","damage_taken":0,"max_hp_gain":0,"max_hp_loss":0,"event_name":"Match and Keep!","floor":10,"gold_loss":0,"cards_obtained":["Deflect"]},{"damage_healed":0,"gold_gain":0,"player_choice":"Paid Fearfully","damage_taken":0,"max_hp_gain":0,"max_hp_loss":0,"event_name":"Masked Bandits","floor":21,"gold_loss":160}],"is_beta":true,"boss_relics":[{"not_picked":["Coffee Dripper","White Beast Statue"],"picked":"Ring of the Serpent"}],"items_purged_floors":[14],"is_endless":false,"potions_floor_spawned":[1,3,4,12],"killed_by":"Book of Stabbing","ascension_level":20}