{"gold_per_floor":[112,123,123,123,138,138,164,164,216,216,231,231,245,260,260,334,334,350,350,350,366,376,376,394,394,420,420,420,420,178,193,193,193],"floor_reached":33,"playtime":1097,"items_purged":["Decay"],"score":594,"play_id":"f84322f9-3627-4c1c-a348-ea5d9c90dc05","local_time":"20190403011456","is_ascension_mode":true,"campfire_choices":[{"data":"Deadly Poison","floor":6.0,"key":"SMITH"},{"data":"Envenom","floor":8.0,"key":"SMITH"},{"data":"Acrobatics","floor":12.0,"key":"SMITH"},{"data":"Tactician","floor":15.0,"key":"SMITH"},{"data":"Expertise","floor":23,"key":"SMITH"},{"data":"Acrobatics","floor":25,"key":"SMITH"},{"data":"Neutralize","floor":27,"key":"SMITH"},{"data":"Backflip","floor":29,"key":"SMITH"},{"floor":32,"key":"REST"}],"neow_cost":"PERCENT_DAMAGE","seed_source_timestamp":0,"circlet_count":0,"master_deck":["AscendersBane","Defend_G","Defend_G","Defend_G","Defend_G","Defend_G","Survivor","Neutralize+1","Envenom+1","Distraction","Backstab","Deadly Poison+1","Caltrops","Tactician+1","Acrobatics+1","Glass Knife","Expertise+1","Backflip+1","Deflect","Acrobatics+1"],"special_seed":0,"relics":["Ring of the Snake","Lantern","Orichalcum","Sozu","PreservedInsect","Omamori"],"potions_floor_usage":[],"damage_taken":[{"damage":1.0,"enemies":"Cultist","floor":1.0,"turns":5.0},{"damage":0.0,"enemies":"Jaw Worm","floor":2.0,"turns":6.0},{"damage":0.0,"enemies":"Small Slimes","floor":5.0,"turns":5.0},{"damage":34.0,"enemies":"3 Sentries","floor":7.0,"turns":13.0},{"damage":0.0,"enemies":"Red Slaver","floor":11.0,"turns":3.0},{"damage":0.0,"enemies":"Exordium Wildlife","floor":13.0,"turns":5.0},{"damage":0.0,"enemies":"Blue Slaver","floor":14.0,"turns":3.0},{"damage":0.0,"enemies":"The Guardian","floor":16.0,"turns":9.0},{"damage":0.0,"enemies":"3 Byrds","floor":18.0,"turns":3.0},{"damage":23,"enemies":"Spheric Guardian","floor":21,"turns":6},{"damage":3,"enemies":"Snake Plant","floor":22,"turns":4},{"damage":18,"enemies":"Snecko","floor":24,"turns":5},{"damage":8,"enemies":"Chosen and Byrds","floor":31,"turns":4},{"damage":0,"enemies":"Champ","floor":33,"turns":4}],"seed_played":"-6269895171498218917","potions_obtained":[{"floor":2.0,"key":"SteroidPotion"},{"floor":7.0,"key":"Swift Potion"},{"floor":14.0,"key":"Block Potion"}],"is_trial":false,"path_per_floor":["M","M","?","?","M","R","E","R","T","?","M","R","M","M","R","B",null,"M","?","?","M","M","R","M","R","T","R","?","R","$","M","R","B"],"character_chosen":"THE_SILENT","items_purchased":["Omamori"],"campfire_rested":1,"item_purchase_floors":[30],"current_hp_per_floor":[43,43,36,41,41,41,7,7,7,7,7,7,7,7,7,7,55,55,55,55,32,29,29,11,11,11,11,11,11,11,3,24,24],"gold":193,"neow_bonus":"TRANSFORM_TWO_CARDS","is_prod":false,"is_daily":false,"chose_seed":false,"campfire_upgraded":8,"win_rate":0,"timestamp":1554225296,"path_taken":["M","M","?","?","M","R","E","R","T","?","?","R","M","M","R","BOSS","M","?","?","M","M","R","M","R","T","R","?","R","?","?","R","BOSS"],"build_version":"2019-01-23","purchased_purges":1,"victory":false,"max_hp_per_floor":[66,66,66,71,71,71,71,71,71,71,71,71,71,71,71,71,71,71,71,71,71,71,71,71,71,71,71,71,71,71,71,71,71],"card_choices":[{"not_picked":["Flying Knee","Prepared"],"picked":"Backstab","floor":1.0},{"not_picked":["Blade Dance","Poisoned Stab"],"picked":"Deadly Poison","floor":2.0},{"not_picked":["Dodge and Roll","Sucker Punch"],"picked":"Caltrops","floor":5.0},{"not_picked":["Dagger Spray","Flying Knee"],"picked":"Tactician","floor":7.0},{"not_picked":["Dodge and Roll","Concentrate"],"picked":"Expertise","floor":11.0},{"not_picked":["Dodge and Roll","Sucker Punch"],"picked":"Backflip","floor":13.0},{"not_picked":["Outmaneuver","Envenom","Dagger Spray"],"picked":"SKIP","floor":14.0},{"not_picked":["Crippling Poison","Underhanded Strike","Deflect"],"picked":"SKIP","floor":18.0},{"not_picked":["Dagger Throw","PiercingWail","Flying Knee"],"picked":"SKIP","floor":21},{"not_picked":["PiercingWail","Choke+1","Skewer"],"picked":"SKIP","floor":22},{"not_picked":["Prepared","Endless Agony"],"picked":"Acrobatics","floor":24},{"not_picked":["Deflect","Prepared","Underhanded Strike"],"picked":"SKIP","floor":31}],"player_experience":4031352,"relics_obtained":[{"floor":7.0,"key":"Lantern"},{"floor":9.0,"key":"Orichalcum"},{"floor":26,"key":"PreservedInsect"}],"event_choices":[{"cards_removed":["Strike_G"],"damage_healed":0.0,"max_hp_gain":0.0,"max_hp_loss":0.0,"gold_gain":0.0,"event_name":"Golden Wing","player_choice":"Card Removal","floor":3.0,"gold_loss":0.0,"damage_taken":7.0},{"damage_healed":0.0,"max_hp_gain":5.0,"max_hp_loss":0.0,"gold_gain":0.0,"event_name":"Big Fish","player_choice":"Donut","floor":4.0,"gold_loss":0.0,"damage_taken":0.0},{"damage_healed":0.0,"max_hp_gain":0.0,"max_hp_loss":0.0,"gold_gain":0.0,"event_name":"Match and Keep!","player_choice":"2 cards matched","floor":10.0,"gold_loss":0.0,"damage_taken":0.0,"cards_obtained":["Acrobatics","Glass Knife"]},{"damage_healed":0,"gold_gain":0,"cards_transformed":["Strike_G","Strike_G"],"player_choice":"Became Test Subject","damage_taken":0,"max_hp_gain":0,"max_hp_loss":0,"event_name":"Drug Dealer","floor":19,"gold_loss":0,"cards_obtained":["Blade Dance","Deflect"]},{"cards_removed":["Blade Dance"],"damage_healed":0,"gold_gain":0,"player_choice":"Elegance","damage_taken":0,"max_hp_gain":0,"max_hp_loss":0,"event_name":"Back to Basics","floor":20,"gold_loss":0},{"damage_healed":0,"gold_gain":0,"player_choice":"Smashed Altar","damage_taken":0,"max_hp_gain":0,"max_hp_loss":0,"event_name":"Forgotten Altar","floor":28,"gold_loss":0,"cards_obtained":["Decay"]}],"is_beta":false,"boss_relics":[{"not_picked":["Busted Crown","Black Star"],"picked":"Sozu"}],"items_purged_floors":[30],"is_endless":false,"potions_floor_spawned":[2,7,14,21,22],"killed_by":"Champ","ascension_level":20}