{"gold_per_floor":[368,97,116,127,52,52,85,96,96,96,19,19,50,70,70,70],"floor_reached":16,"playtime":500,"items_purged":["Strike_G"],"score":204,"play_id":"9e0c13ad-88b2-477f-80de-ecb68bb3db3b","local_time":"20190216141924","is_ascension_mode":true,"campfire_choices":[{"data":"Neutralize","floor":6.0,"key":"SMITH"},{"data":"Well Laid Plans","floor":15.0,"key":"SMITH"}],"neow_cost":"TEN_PERCENT_HP_LOSS","seed_source_timestamp":19418362214383,"circlet_count":0,"master_deck":["AscendersBane","Defend_G","Defend_G","Defend_G","Defend_G","Defend_G","Strike_G","Strike_G","Strike_G","Survivor","Neutralize+1","Endless Agony","Magnetism","Infinite Blades","Dagger Throw","Deflect+1","Catalyst+1","Well Laid Plans+1","Outmaneuver+1","PiercingWail+1"],"special_seed":0,"relics":["Ring of the Snake","Toxic Egg 2","Singing Bowl","Ornamental Fan"],"potions_floor_usage":[16],"damage_taken":[{"damage":4.0,"enemies":"Cultist","floor":1.0,"turns":6.0},{"damage":4.0,"enemies":"2 Louse","floor":3.0,"turns":4.0},{"damage":3.0,"enemies":"Jaw Worm","floor":4.0,"turns":7.0},{"damage":30.0,"enemies":"Gremlin Nob","floor":7.0,"turns":4.0},{"damage":4.0,"enemies":"Blue Slaver","floor":8.0,"turns":4.0},{"damage":1.0,"enemies":"Large Slime","floor":13.0,"turns":4.0},{"damage":0.0,"enemies":"3 Louse","floor":14.0,"turns":5.0},{"damage":0,"enemies":"The Guardian","floor":16,"turns":2}],"seed_played":"-7355711950021465516","potions_obtained":[{"floor":1.0,"key":"Energy Potion"},{"floor":3.0,"key":"SteroidPotion"},{"floor":8.0,"key":"SkillPotion"}],"is_trial":false,"path_per_floor":["M","$","M","M","?","R","E","M","T","T","$","?","M","M","R","B"],"character_chosen":"THE_SILENT","items_purchased":["Magnetism","Well Laid Plans"],"campfire_rested":0,"item_purchase_floors":[2,11],"current_hp_per_floor":[55,55,51,48,48,48,18,14,14,14,14,14,13,13,13,13],"gold":70,"neow_bonus":"TWO_FIFTY_GOLD","is_prod":false,"is_daily":false,"chose_seed":false,"campfire_upgraded":2,"win_rate":0,"timestamp":1550297964,"path_taken":["M","$","?","M","?","R","E","M","T","?","$","?","?","M","R","BOSS"],"build_version":"2019-01-23","purchased_purges":1,"victory":false,"max_hp_per_floor":[60,60,60,60,60,60,60,60,60,60,60,60,60,60,60,60],"card_choices":[{"not_picked":["Backflip","Prepared"],"picked":"Endless Agony","floor":1.0},{"not_picked":["Choke","Poisoned Stab"],"picked":"Infinite Blades","floor":3.0},{"not_picked":["Bane","Blur"],"picked":"Dagger Throw","floor":4.0},{"not_picked":["Choke","Acrobatics"],"picked":"Deflect","floor":7.0},{"not_picked":["Bullet Time+1","PiercingWail+1"],"picked":"Catalyst+1","floor":8.0},{"not_picked":["Eviscerate","Poisoned Stab"],"picked":"Outmaneuver+1","floor":13.0},{"not_picked":["Underhanded Strike","Quick Slash"],"picked":"PiercingWail+1","floor":14.0}],"player_experience":2821003,"relics_obtained":[{"floor":7.0,"key":"Toxic Egg 2"},{"floor":9.0,"key":"Singing Bowl"},{"floor":10.0,"key":"Ornamental Fan"}],"event_choices":[{"cards_removed":["Strike_G"],"damage_healed":0.0,"max_hp_gain":0.0,"max_hp_loss":0.0,"gold_gain":0.0,"event_name":"The Cleric","player_choice":"Card Removal","floor":5.0,"gold_loss":75.0,"damage_taken":0.0},{"damage_healed":0.0,"max_hp_gain":0.0,"max_hp_loss":0.0,"gold_gain":0.0,"event_name":"Liars Game","player_choice":"Ignored","floor":12.0,"gold_loss":0.0,"damage_taken":0.0}],"is_beta":false,"boss_relics":[],"items_purged_floors":[2],"is_endless":false,"potions_floor_spawned":[1,3,8],"killed_by":"The Guardian","ascension_level":20}