{"gold_per_floor":[112,131,131,56,69,69,69,69,96,96,127,139,166,178,190,332,344,381,382,0,0,36,36,36,36,36,61,80,80,80,121,121,244,244,265,265,265],"floor_reached":38,"playtime":1445,"items_purged":["Pain"],"score":663,"play_id":"6ee7552e-0520-4b6b-b7b7-9e2f284cb725","local_time":"20190618174706","is_ascension_mode":false,"campfire_choices":[{"data":"Coolheaded","floor":6,"key":"SMITH"},{"data":"Hologram","floor":10,"key":"SMITH"},{"data":"Blizzard","floor":12,"key":"SMITH"},{"data":"Capacitor","floor":15,"key":"SMITH"},{"data":"Defragment","floor":23,"key":"SMITH"},{"data":"Biased Cognition","floor":25,"key":"SMITH"},{"data":"Capacitor","floor":29,"key":"SMITH"},{"data":"Ghostly","floor":32,"key":"SMITH"}],"neow_cost":"NONE","seed_source_timestamp":26872551119305,"circlet_count":0,"master_deck":["Strike_B+1","Defend_B+1","Defend_B","Defend_B","Zap","Dualcast","Aggregate","Hologram+1","Blizzard+1","Coolheaded+1","Capacitor+1","Biased Cognition+1","Force Field+1","Defragment+1","Cold Snap","Ghostly","Ghostly","Ghostly","Ghostly","Ghostly+1","Capacitor+1","Capacitor","Buffer","Cold Snap+1","Rainbow+1","Reboot+1"],"relics":["Cracked Core","WarpedTongs","Golden Idol","DataDisk","MawBank","Coffee Dripper","Bird Faced Urn","Red Mask","Happy Flower","Pantograph","Symbiotic Virus","Astrolabe"],"potions_floor_usage":[19,37,37],"damage_taken":[{"damage":1,"enemies":"Cultist","floor":1,"turns":3},{"damage":0,"enemies":"2 Louse","floor":2,"turns":4},{"damage":0,"enemies":"Small Slimes","floor":5,"turns":3},{"damage":2,"enemies":"Lagavulin","floor":11,"turns":7},{"damage":0,"enemies":"Looter","floor":13,"turns":3},{"damage":19,"enemies":"Slime Boss","floor":16,"turns":9},{"damage":15,"enemies":"Shell Parasite","floor":18,"turns":5},{"damage":11,"enemies":"2 Thieves","floor":19,"turns":5},{"damage":2,"enemies":"Masked Bandits","floor":22,"turns":6},{"damage":15,"enemies":"Cultist and Chosen","floor":27,"turns":7},{"damage":0,"enemies":"Sentry and Sphere","floor":28,"turns":7},{"damage":0,"enemies":"Gremlin Leader","floor":31,"turns":10},{"damage":32,"enemies":"Collector","floor":33,"turns":11},{"damage":0,"enemies":"3 Darklings","floor":35,"turns":6},{"damage":4,"enemies":"Time Eater","floor":37,"turns":12}],"seed_played":"6543575351133556039","potions_obtained":[{"floor":2,"key":"Dexterity Potion"},{"floor":5,"key":"FearPotion"},{"floor":16,"key":"FearPotion"},{"floor":18,"key":"SkillPotion"},{"floor":28,"key":"Dexterity Potion"},{"floor":31,"key":"Explosive Potion"}],"is_trial":false,"path_per_floor":["M","M","?","$","M","R","?","?","T","R","E","R","M","?","R","B",null,"M","M","$","?","?","R","?","R","T","M","M","R","$","E","R","B",null,"M","?","B",null],"character_chosen":"DEFECT","items_purchased":["Bird Faced Urn","Defragment","Cold Snap"],"campfire_rested":0,"item_purchase_floors":[20,20,20],"current_hp_per_floor":[74,74,74,74,74,74,56,41,41,41,39,39,39,39,39,20,75,60,49,49,37,37,37,37,37,37,23,31,31,31,37,37,11,37,37,37,37],"gold":265,"neow_bonus":"TRANSFORM_CARD","is_prod":false,"is_daily":false,"chose_seed":false,"campfire_upgraded":8,"win_rate":0,"timestamp":1560851226,"path_taken":["M","M","?","$","?","R","?","?","T","R","E","R","M","?","R","BOSS","M","M","$","?","?","R","?","R","T","?","M","R","$","E","R","BOSS","M","?","BOSS"],"build_version":"2019-01-23","purchased_purges":1,"victory":true,"max_hp_per_floor":[75,75,75,75,75,75,75,75,75,75,75,75,75,75,75,75,75,75,75,75,37,37,37,37,37,37,37,37,37,37,37,37,37,37,37,37,37],"card_choices":[{"not_picked":["Rebound","Steam"],"picked":"Hologram","floor":1},{"not_picked":["Streamline","Genetic Algorithm"],"picked":"Blizzard","floor":2},{"not_picked":["White Noise","Blizzard"],"picked":"Coolheaded","floor":5},{"not_picked":["Rip and Tear","Sweeping Beam","Turbo"],"picked":"SKIP","floor":11},{"not_picked":["Turbo","Barrage"],"picked":"Capacitor","floor":13},{"not_picked":["Multi-Cast","Electrodynamics"],"picked":"Biased Cognition","floor":16},{"not_picked":["Beam Cell","Sweeping Beam+1"],"picked":"Force Field+1","floor":18},{"not_picked":["Lockon","Genetic Algorithm","Barrage"],"picked":"SKIP","floor":19},{"not_picked":["Sunder","Force Field"],"picked":"Capacitor","floor":27},{"not_picked":["Scrape","Rebound","Stack"],"picked":"SKIP","floor":28},{"not_picked":["Auto Shields+1","Hologram"],"picked":"Capacitor","floor":31},{"not_picked":["Amplify","Reboot"],"picked":"Buffer","floor":33},{"not_picked":["Cold Snap+1","Gash","Hologram+1"],"picked":"SKIP","floor":35}],"player_experience":5407788,"relics_obtained":[{"floor":9,"key":"DataDisk"},{"floor":11,"key":"MawBank"},{"floor":22,"key":"Red Mask"},{"floor":26,"key":"Pantograph"},{"floor":31,"key":"Symbiotic Virus"}],"event_choices":[{"damage_healed":0,"gold_gain":0,"player_choice":"Rummage","damage_taken":0,"relics_obtained":["WarpedTongs"],"max_hp_gain":0,"max_hp_loss":0,"event_name":"Accursed Blacksmith","floor":3,"gold_loss":0,"cards_obtained":["Pain"]},{"damage_healed":0,"gold_gain":0,"player_choice":"Take Damage","damage_taken":18,"relics_obtained":["Golden Idol"],"max_hp_gain":0,"max_hp_loss":0,"event_name":"Golden Idol","floor":7,"gold_loss":0},{"damage_healed":0,"gold_gain":0,"player_choice":"Entered Light","damage_taken":15,"max_hp_gain":0,"max_hp_loss":0,"event_name":"Shining Light","floor":8,"gold_loss":0,"cards_upgraded":["Defend_B","Strike_B"]},{"damage_healed":0,"gold_gain":0,"player_choice":"Ignored","damage_taken":0,"max_hp_gain":0,"max_hp_loss":0,"event_name":"Liars Game","floor":14,"gold_loss":0},{"damage_healed":0,"gold_gain":0,"player_choice":"Became a Ghost","damage_taken":0,"max_hp_gain":0,"max_hp_loss":38,"event_name":"Ghosts","floor":21,"gold_loss":0,"cards_obtained":["Ghostly","Ghostly","Ghostly","Ghostly","Ghostly"]},{"damage_healed":0,"gold_gain":0,"player_choice":"Fought Bandits","damage_taken":0,"max_hp_gain":0,"max_hp_loss":0,"event_name":"Masked Bandits","floor":22,"gold_loss":0},{"damage_healed":0,"gold_gain":0,"player_choice":"Gave Potion","damage_taken":0,"relics_obtained":["Happy Flower"],"max_hp_gain":0,"max_hp_loss":0,"event_name":"WeMeetAgain","floor":24,"gold_loss":0},{"damage_healed":0,"gold_gain":0,"player_choice":"Took Portal","damage_taken":0,"max_hp_gain":0,"max_hp_loss":0,"event_name":"SecretPortal","floor":36,"gold_loss":0}],"is_beta":false,"boss_relics":[{"not_picked":["Eternal Feather","FrozenCore"],"picked":"Coffee Dripper"},{"not_picked":["Busted Crown","Philosopher\u0027s Stone"],"picked":"Astrolabe"}],"items_purged_floors":[4],"is_endless":false,"potions_floor_spawned":[2,5,16,18,28,31,33],"ascension_level":0}