{"gold_per_floor":[118,131,27,27,46,46,63,63,63,97,116,71,132,145,145,249,249,267,232,68,80,96,96,146,209,209,209,229,229,279,47,47,144,144,156,176,51,66,76,76,173,173,173,184,200,250,311,14,14,14],"floor_reached":51,"playtime":2552,"items_purged":["Strike_B","Strike_B","Defend_B","All For One"],"score":803,"play_id":"88f604ad-eb19-4ccd-86d6-09781b0e7b21","local_time":"20190618154925","is_ascension_mode":false,"campfire_choices":[{"data":"Impatience","floor":6.0,"key":"SMITH"},{"data":"Coolheaded","floor":8.0,"key":"SMITH"},{"data":"Turbo","floor":15.0,"key":"SMITH"},{"data":"Turbo","floor":23.0,"key":"SMITH"},{"data":"Dualcast","floor":27.0,"key":"SMITH"},{"data":"Zap","floor":29.0,"key":"SMITH"},{"data":"Recycle","floor":32.0,"key":"SMITH"},{"data":"Impatience","floor":40.0,"key":"SMITH"},{"data":"Auto Shields","floor":42,"key":"SMITH"},{"data":"Gash","floor":49,"key":"SMITH"}],"neow_cost":"PERCENT_DAMAGE","seed_source_timestamp":18646372296985,"circlet_count":0,"master_deck":["Defend_B","Zap+1","Dualcast+1","Gash+1","Skim","Coolheaded+1","Impatience+1","Auto Shields+1","Skim","Turbo+1","Turbo+1","Self Repair","Madness+1","Beam Cell","Skim","Recycle+1","Impatience+1","Scrape+1","Gash+1"],"special_seed":0,"relics":["Cracked Core","SsserpentHead","Nunchaku","Gambling Chip","Runic Pyramid","Bronze Scales","Blue Candle","Empty Cage","Ice Cream","Mercury Hourglass","Pen Nib"],"potions_floor_usage":[50,50,50],"damage_taken":[{"damage":1.0,"enemies":"Cultist","floor":1.0,"turns":3.0},{"damage":6.0,"enemies":"2 Louse","floor":2.0,"turns":2.0},{"damage":6.0,"enemies":"Jaw Worm","floor":5.0,"turns":3.0},{"damage":12.0,"enemies":"Gremlin Gang","floor":7.0,"turns":6.0},{"damage":10.0,"enemies":"Lagavulin","floor":10.0,"turns":9.0},{"damage":0.0,"enemies":"2 Fungi Beasts","floor":11.0,"turns":5.0},{"damage":1.0,"enemies":"Looter","floor":13.0,"turns":3.0},{"damage":0.0,"enemies":"Large Slime","floor":14.0,"turns":4.0},{"damage":9.0,"enemies":"Hexaghost","floor":16.0,"turns":10.0},{"damage":10.0,"enemies":"2 Thieves","floor":18.0,"turns":4.0},{"damage":0.0,"enemies":"Chosen","floor":21.0,"turns":2.0},{"damage":0.0,"enemies":"Snecko","floor":22.0,"turns":3.0},{"damage":0.0,"enemies":"Snake Plant","floor":25.0,"turns":4.0},{"damage":0.0,"enemies":"Centurion and Healer","floor":28.0,"turns":3.0},{"damage":0.0,"enemies":"Collector","floor":33.0,"turns":1.0},{"damage":0.0,"enemies":"3 Darklings","floor":35.0,"turns":1.0},{"damage":0.0,"enemies":"Orb Walker","floor":36.0,"turns":1.0},{"damage":0.0,"enemies":"Maw","floor":38.0,"turns":1.0},{"damage":0.0,"enemies":"Jaw Worm Horde","floor":39.0,"turns":1.0},{"damage":0,"enemies":"2 Orb Walkers","floor":41,"turns":1},{"damage":0,"enemies":"Spire Growth","floor":44,"turns":1},{"damage":0,"enemies":"3 Darklings","floor":45,"turns":1},{"damage":0,"enemies":"Transient","floor":47,"turns":2},{"damage":28,"enemies":"Time Eater","floor":50,"turns":5}],"seed_played":"-14737699145005602","potions_obtained":[{"floor":2.0,"key":"PowerPotion"},{"floor":11.0,"key":"Regen Potion"},{"floor":13.0,"key":"AttackPotion"},{"floor":22.0,"key":"Weak Potion"},{"floor":47,"key":"Weak Potion"}],"is_trial":false,"path_per_floor":["M","M","$","?","M","R","M","R","T","E","M","$","M","M","R","B",null,"M","?","$","M","M","R","?","M","T","R","M","R","?","$","R","B",null,"M","M","$","M","M","R","?","R","T","M","M","?","M","$","R","B",null],"character_chosen":"DEFECT","items_purchased":["Coolheaded","Impatience","Turbo","Madness","Recycle","Impatience","Pen Nib"],"campfire_rested":0,"item_purchase_floors":[3,3,12,20,31,31,48],"current_hp_per_floor":[53,47,47,47,41,41,29,29,29,19,19,19,18,18,18,16,75,72,72,72,75,75,75,75,75,75,75,75,75,75,75,75,75,75,75,75,75,75,75,75,75,75,75,75,75,75,75,75,75,54],"gold":14,"neow_bonus":"REMOVE_TWO","is_prod":false,"is_daily":false,"chose_seed":false,"campfire_upgraded":10,"win_rate":0,"timestamp":1560844165,"path_taken":["M","?","$","?","M","R","M","R","T","E","M","$","?","M","R","BOSS","M","?","$","M","M","R","?","?","T","R","M","R","?","$","R","BOSS","M","M","$","M","M","R","?","R","T","M","M","?","?","$","R","BOSS"],"build_version":"2019-01-23","purchased_purges":4,"victory":true,"max_hp_per_floor":[75,75,75,75,75,75,75,75,75,75,75,75,75,75,75,75,75,75,75,75,75,75,75,75,75,75,75,75,75,75,75,75,75,75,75,75,75,75,75,75,75,75,75,75,75,75,75,75,75,75],"card_choices":[{"not_picked":["Ball Lightning","Coolheaded"],"picked":"Gash","floor":1.0},{"not_picked":["Beam Cell","Sweeping Beam"],"picked":"Skim","floor":2.0},{"not_picked":["Stack","Turbo"],"picked":"Auto Shields","floor":5.0},{"not_picked":["Compile Driver","Turbo"],"picked":"Skim","floor":7.0},{"not_picked":["Coolheaded","Leap","Rebound"],"picked":"SKIP","floor":10.0},{"not_picked":["Thunder Strike","Go for the Eyes","Coolheaded"],"picked":"SKIP","floor":11.0},{"not_picked":["Double Energy","Scrape"],"picked":"Turbo","floor":13.0},{"not_picked":["Stack","Coolheaded"],"picked":"Self Repair","floor":14.0},{"not_picked":["Rainbow","Electrodynamics"],"picked":"All For One","floor":16.0},{"not_picked":["Streamline","Sweeping Beam","Barrage"],"picked":"SKIP","floor":18.0},{"not_picked":["Beam Cell","Rebound","Auto Shields"],"picked":"SKIP","floor":21.0},{"not_picked":["Rebound","Auto Shields"],"picked":"Beam Cell","floor":21.0},{"not_picked":["Steam","Hello World","Loop"],"picked":"SKIP","floor":22.0},{"not_picked":["Cold Snap","Stack+1","Darkness+1"],"picked":"SKIP","floor":25.0},{"not_picked":["Scrape","Stack","Steam Power"],"picked":"SKIP","floor":28.0},{"not_picked":["Turbo+1","Compile Driver","Cold Snap+1"],"picked":"SKIP","floor":35.0},{"not_picked":["Streamline+1","Beam Cell"],"picked":"Scrape+1","floor":36.0},{"not_picked":["Turbo","Redo","Hyperbeam"],"picked":"SKIP","floor":38.0},{"not_picked":["Conserve Battery","Fusion+1","Double Energy"],"picked":"SKIP","floor":39.0},{"not_picked":["Rebound+1","White Noise+1","Capacitor"],"picked":"SKIP","floor":44},{"not_picked":["Compile Driver+1","Steam+1","Hello World+1"],"picked":"SKIP","floor":45},{"not_picked":["Redo+1","Ball Lightning+1"],"picked":"Gash","floor":47}],"player_experience":5399960,"relics_obtained":[{"floor":9.0,"key":"Nunchaku"},{"floor":10.0,"key":"Gambling Chip"},{"floor":26.0,"key":"Blue Candle"},{"floor":41,"key":"Ice Cream"},{"floor":43,"key":"Mercury Hourglass"}],"event_choices":[{"damage_healed":0.0,"max_hp_gain":0.0,"max_hp_loss":0.0,"gold_gain":0.0,"event_name":"FaceTrader","player_choice":"Trade","floor":4.0,"gold_loss":0.0,"damage_taken":0.0,"relics_obtained":["SsserpentHead"]},{"damage_healed":0.0,"max_hp_gain":0.0,"max_hp_loss":0.0,"gold_gain":0.0,"event_name":"Addict","player_choice":"Obtained Relic","floor":19.0,"gold_loss":85.0,"damage_taken":0.0,"relics_obtained":["Bronze Scales"]},{"damage_healed":0.0,"max_hp_gain":0.0,"max_hp_loss":0.0,"gold_gain":0.0,"event_name":"Upgrade Shrine","player_choice":"Upgraded","floor":24.0,"gold_loss":0.0,"damage_taken":0.0,"cards_upgraded":["Madness"]},{"damage_healed":0.0,"max_hp_gain":0.0,"max_hp_loss":0.0,"gold_gain":0.0,"event_name":"The Library","player_choice":"Read","floor":30.0,"gold_loss":0.0,"damage_taken":0.0,"cards_obtained":["Skim"]},{"damage_healed":0,"gold_gain":0,"player_choice":"Fight","damage_taken":0,"max_hp_gain":0,"max_hp_loss":0,"event_name":"Mysterious Sphere","floor":41,"gold_loss":0},{"damage_healed":0,"gold_gain":0,"player_choice":"Forge","damage_taken":0,"max_hp_gain":0,"max_hp_loss":0,"event_name":"Accursed Blacksmith","floor":46,"gold_loss":0,"cards_upgraded":["Gash"]}],"is_beta":false,"boss_relics":[{"not_picked":["Ectoplasm","FrozenCore"],"picked":"Runic Pyramid"},{"not_picked":["Eternal Feather","Sozu"],"picked":"Empty Cage"}],"items_purged_floors":[20,31,37,48],"is_endless":false,"potions_floor_spawned":[2,11,13,14,16,21,22,33,36,39,44,47],"ascension_level":0}