{"gold_per_floor":[109,63,63,82,82,82,100,100,100,100,123,123,161,186,186,316,316,334,358,125,125,143,162,162,187,259,259,259,184,184,205,205,335,335,358,691,671,686,697,697,697,712,736,1061,1061,1061,16,36,36,36],"floor_reached":51,"playtime":2681,"items_purged":["Strike_B","Defend_B+1"],"score":777,"play_id":"047b87b7-8d9c-4d07-8f7e-c988cf7f1f0d","local_time":"20190615114419","is_ascension_mode":false,"campfire_choices":[{"data":"Dualcast","floor":6.0,"key":"SMITH"},{"data":"Darkness","floor":8.0,"key":"SMITH"},{"data":"Recycle","floor":12.0,"key":"SMITH"},{"data":"Buffer","floor":15.0,"key":"SMITH"},{"data":"Redo","floor":24.0,"key":"SMITH"},{"data":"Multi-Cast","floor":27.0,"key":"SMITH"},{"data":"Fission","floor":30.0,"key":"SMITH"},{"data":"Machine Learning","floor":32.0,"key":"SMITH"},{"data":"Zap","floor":40,"key":"SMITH"},{"floor":45,"key":"REST"},{"data":"Discovery","floor":49,"key":"SMITH"}],"neow_cost":"NONE","seed_source_timestamp":2841708610177,"circlet_count":0,"master_deck":["Defend_B+1","Defend_B+1","Zap+1","Dualcast+1","Compile Driver+1","Ball Lightning+1","Recycle+1","Darkness+1","Buffer+1","Hologram+1","Machine Learning+1","Hologram+1","Undo+1","BootSequence+1","Chill+1","Redo+1","Hologram+1","Multi-Cast+1","Fission+1","Machine Learning+1","Electrodynamics+1","Go for the Eyes+1","Glacier+1","Double Energy+1","Defragment+1","Discovery+1","Feel No Pain+1"],"special_seed":0,"relics":["Cracked Core","NeowsBlessing","PreservedInsect","War Paint","Orrery","Smiling Mask","Frozen Egg 2","Runic Dome","Mark of the Bloom","Potion Belt","Old Coin","Pocketwatch","Meat on the Bone","PrismaticShard"],"potions_floor_usage":[50,50],"damage_taken":[{"damage":0.0,"enemies":"Cultist","floor":1.0,"turns":1.0},{"damage":0.0,"enemies":"Jaw Worm","floor":4.0,"turns":1.0},{"damage":0.0,"enemies":"Small Slimes","floor":7.0,"turns":1.0},{"damage":5.0,"enemies":"Looter","floor":11.0,"turns":3.0},{"damage":3.0,"enemies":"Lagavulin","floor":13.0,"turns":5.0},{"damage":17.0,"enemies":"Gremlin Gang","floor":14.0,"turns":3.0},{"damage":0.0,"enemies":"Slime Boss","floor":16.0,"turns":5.0},{"damage":0.0,"enemies":"Spheric Guardian","floor":18.0,"turns":4.0},{"damage":0.0,"enemies":"Chosen","floor":19.0,"turns":6.0},{"damage":13.0,"enemies":"Snake Plant","floor":22.0,"turns":4.0},{"damage":5.0,"enemies":"3 Cultists","floor":23.0,"turns":6.0},{"damage":5.0,"enemies":"Chosen and Byrds","floor":25.0,"turns":4.0},{"damage":0.0,"enemies":"Centurion and Healer","floor":31.0,"turns":7.0},{"damage":1.0,"enemies":"Collector","floor":33.0,"turns":9.0},{"damage":0,"enemies":"Orb Walker","floor":35,"turns":4},{"damage":0,"enemies":"3 Shapes","floor":38,"turns":3},{"damage":0,"enemies":"Spire Growth","floor":39,"turns":4},{"damage":9,"enemies":"Writhing Mass","floor":42,"turns":4},{"damage":0,"enemies":"Reptomancer","floor":44,"turns":5},{"damage":4,"enemies":"Transient","floor":48,"turns":5},{"damage":12,"enemies":"Donu and Deca","floor":50,"turns":7}],"seed_played":"-5004658500985194903","potions_obtained":[{"floor":4.0,"key":"SpeedPotion"},{"floor":14.0,"key":"SteroidPotion"},{"floor":16.0,"key":"Explosive Potion"},{"floor":31.0,"key":"SpeedPotion"},{"floor":37,"key":"Fire Potion"},{"floor":44,"key":"Regen Potion"}],"is_trial":false,"path_per_floor":["M","$","$","M","?","R","M","R","T","?","M","R","E","M","R","B",null,"M","M","$","?","M","M","R","M","T","R","?","?","R","M","R","B",null,"M","?","?","M","M","R","?","M","T","E","R","?","$","M","R","B",null],"character_chosen":"DEFECT","items_purchased":["Ball Lightning","Multi-Cast","Defragment+1","SkillPotion","Dexterity Potion","Pocketwatch","Meat on the Bone","Discovery","PrismaticShard"],"campfire_rested":1,"item_purchase_floors":[2,20,47,47,47,47,47,47,47],"current_hp_per_floor":[75,75,75,75,57,57,57,57,57,50,45,45,42,25,25,25,75,75,75,75,75,62,57,57,52,52,52,52,52,52,52,52,51,75,75,75,75,75,75,75,75,66,66,66,66,66,66,62,62,50],"gold":36,"neow_bonus":"THREE_ENEMY_KILL","is_prod":false,"is_daily":false,"chose_seed":false,"campfire_upgraded":10,"win_rate":0,"timestamp":1560570259,"path_taken":["M","?","$","?","?","R","M","R","T","?","M","R","E","M","R","BOSS","M","M","$","?","?","M","R","M","T","R","?","?","R","M","R","BOSS","M","?","?","M","?","R","?","M","T","E","R","?","$","?","R","BOSS"],"build_version":"2019-01-23","purchased_purges":2,"victory":true,"max_hp_per_floor":[75,75,75,75,75,75,75,75,75,75,75,75,75,75,75,75,75,75,75,75,75,75,75,75,75,75,75,75,75,75,75,75,75,75,75,75,75,75,75,75,75,75,75,75,75,75,75,75,75,75],"card_choices":[{"not_picked":["Compile Driver","Scrape","Leap"],"picked":"SKIP","floor":1.0},{"not_picked":["Scrape","Leap"],"picked":"Compile Driver","floor":1.0},{"not_picked":["Tempest","Conserve Battery"],"picked":"Recycle","floor":4.0},{"not_picked":["Leap","Undo"],"picked":"Darkness","floor":7.0},{"not_picked":["Conserve Battery","Hello World","Barrage"],"picked":"SKIP","floor":11.0},{"not_picked":["Hologram","Coolheaded"],"picked":"Buffer","floor":13.0},{"not_picked":["FTL","Melter"],"picked":"Hologram","floor":14.0},{"not_picked":["Echo Form","Reboot"],"picked":"Machine Learning","floor":16.0},{"not_picked":["Barrage","Rebound"],"picked":"Hologram","floor":17.0},{"not_picked":["Rebound","Cold Snap"],"picked":"Undo","floor":17.0},{"not_picked":["Compile Driver","Barrage"],"picked":"BootSequence","floor":17.0},{"not_picked":["Reprogram","Compile Driver"],"picked":"Chill","floor":17.0},{"not_picked":["Beam Cell+1","Doom and Gloom"],"picked":"Redo","floor":18.0},{"not_picked":["FTL","Chaos"],"picked":"Hologram+1","floor":19.0},{"not_picked":["Meteor Strike","Gash","Heatsinks"],"picked":"SKIP","floor":22.0},{"not_picked":["Steam","Stack","Hologram+1"],"picked":"SKIP","floor":23.0},{"not_picked":["Go for the Eyes","Rip and Tear+1","Leap"],"picked":"SKIP","floor":25.0},{"not_picked":["Gash","Redo","Reprogram"],"picked":"SKIP","floor":31.0},{"not_picked":["Echo Form+1","Meteor Strike"],"picked":"Electrodynamics+1","floor":33.0},{"not_picked":["Cold Snap","Turbo"],"picked":"Go for the Eyes+1","floor":35},{"not_picked":["Recycle","Steam","Force Field"],"picked":"SKIP","floor":38},{"not_picked":["Stack","Storm+1","Gash+1"],"picked":"SKIP","floor":39},{"not_picked":["Compile Driver+1","Recycle"],"picked":"Glacier+1","floor":42},{"not_picked":["Sweeping Beam+1","Thunder Strike"],"picked":"Double Energy+1","floor":44},{"not_picked":["Deflect","Cleave+1"],"picked":"Feel No Pain+1","floor":48}],"player_experience":5233034,"relics_obtained":[{"floor":9.0,"key":"PreservedInsect"},{"floor":13.0,"key":"War Paint"},{"floor":26.0,"key":"Frozen Egg 2"},{"floor":43,"key":"Potion Belt"},{"floor":44,"key":"Old Coin"}],"event_choices":[{"damage_healed":0.0,"max_hp_gain":0.0,"max_hp_loss":0.0,"gold_gain":0.0,"event_name":"Golden Idol","player_choice":"Take Damage","floor":5.0,"gold_loss":0.0,"damage_taken":18.0,"relics_obtained":["Golden Idol"]},{"cards_removed":["Strike_B"],"damage_healed":0.0,"max_hp_gain":0.0,"max_hp_loss":0.0,"gold_gain":0.0,"event_name":"Golden Wing","player_choice":"Card Removal","floor":10.0,"gold_loss":0.0,"damage_taken":7.0},{"damage_healed":0.0,"max_hp_gain":0.0,"max_hp_loss":0.0,"gold_gain":0.0,"event_name":"WeMeetAgain","player_choice":"Gave Potion","floor":21.0,"gold_loss":0.0,"damage_taken":0.0,"relics_obtained":["Smiling Mask"]},{"damage_healed":0.0,"max_hp_gain":0.0,"max_hp_loss":0.0,"gold_gain":0.0,"cards_transformed":["Strike_B","Strike_B"],"event_name":"Drug Dealer","player_choice":"Became Test Subject","floor":28.0,"gold_loss":0.0,"damage_taken":0.0,"cards_obtained":["Fission","Machine Learning"]},{"cards_removed":["Defend_B"],"damage_healed":0.0,"max_hp_gain":0.0,"max_hp_loss":0.0,"gold_gain":0.0,"event_name":"Beggar","player_choice":"Gave Gold","floor":29.0,"gold_loss":75.0,"damage_taken":0.0},{"damage_healed":0,"gold_gain":333,"player_choice":"Gave Idol","damage_taken":0,"max_hp_gain":0,"max_hp_loss":0,"event_name":"The Moai Head","floor":36,"relics_lost":["Golden Idol"],"gold_loss":0},{"damage_healed":0,"gold_gain":0,"player_choice":"Bought 1 Potion","damage_taken":0,"max_hp_gain":0,"max_hp_loss":0,"event_name":"The Woman in Blue","floor":37,"gold_loss":0},{"damage_healed":0,"gold_gain":0,"player_choice":"Upgrade","damage_taken":0,"relics_obtained":["Mark of the Bloom"],"max_hp_gain":0,"max_hp_loss":0,"event_name":"MindBloom","floor":41,"gold_loss":0,"cards_upgraded":["Defend_B","Compile Driver","Ball Lightning","Hologram","Hologram","Undo","BootSequence","Chill"]},{"damage_healed":0,"gold_gain":0,"player_choice":"Ignored","damage_taken":0,"max_hp_gain":0,"max_hp_loss":0,"event_name":"Accursed Blacksmith","floor":46,"gold_loss":0}],"is_beta":false,"boss_relics":[{"not_picked":["FrozenCore","Eternal Feather"],"picked":"Orrery"},{"not_picked":["Pandora\u0027s Box","Calling Bell"],"picked":"Runic Dome"}],"items_purged_floors":[20,47],"is_endless":false,"potions_floor_spawned":[4,14,16,31,44],"ascension_level":0}