{"gold_per_floor":[116,41,54,54,73,73,103,103,103,103,115,127,127,143,143,219,219,236,136,51,151,169,169,188,188,188,63,80,99,133,81,81,156,156,168,168,168,168],"floor_reached":39,"playtime":1791,"items_purged":["Strike_G","Strike_G","Strike_G"],"score":1888,"play_id":"bdd1d2ea-efbc-4362-81d7-def0b52548b3","local_time":"20190204135040","is_ascension_mode":true,"campfire_choices":[{"data":"Expertise","floor":6.0,"key":"SMITH"},{"data":"Grand Finale","floor":8.0,"key":"SMITH"},{"data":"Neutralize","floor":10.0,"key":"SMITH"},{"floor":13.0,"key":"REST"},{"data":"Acrobatics","floor":15.0,"key":"SMITH"},{"data":"Grand Finale","floor":23.0,"key":"SMITH"},{"data":"Wraith Form v2","floor":25.0,"key":"SMITH"},{"data":"Acrobatics","floor":32.0,"key":"SMITH"}],"neow_cost":"TEN_PERCENT_HP_LOSS","seed_source_timestamp":14958942818336,"circlet_count":0,"master_deck":["AscendersBane","Defend_G","Defend_G","Defend_G","Defend_G","Defend_G","Strike_G","Strike_G","Survivor","Neutralize+1","Grand Finale+1","Expertise+1","Acrobatics+1","Grand Finale+1","Calculated Gamble","Wraith Form v2+1","Grand Finale","Acrobatics+1","Night Terror"],"special_seed":0,"relics":["Ring of the Snake","Unceasing Top","Sozu","Boot","Thread and Needle","Red Mask","Runic Pyramid"],"potions_floor_usage":[],"damage_taken":[{"damage":20.0,"enemies":"Cultist","floor":1.0,"turns":7.0},{"damage":11.0,"enemies":"Jaw Worm","floor":3.0,"turns":10.0},{"damage":1.0,"enemies":"Small Slimes","floor":5.0,"turns":4.0},{"damage":1.0,"enemies":"Exordium Wildlife","floor":11.0,"turns":4.0},{"damage":4.0,"enemies":"2 Fungi Beasts","floor":12.0,"turns":5.0},{"damage":3.0,"enemies":"Blue Slaver","floor":14.0,"turns":2.0},{"damage":23.0,"enemies":"Slime Boss","floor":16.0,"turns":5.0},{"damage":0.0,"enemies":"Spheric Guardian","floor":18.0,"turns":3.0},{"damage":0.0,"enemies":"Colosseum Slavers","floor":21.0,"turns":1.0},{"damage":0.0,"enemies":"Colosseum Nobs","floor":21.0,"turns":1.0},{"damage":10.0,"enemies":"2 Thieves","floor":22.0,"turns":3.0},{"damage":10.0,"enemies":"Chosen and Byrds","floor":24.0,"turns":5.0},{"damage":0.0,"enemies":"Snecko","floor":28.0,"turns":3.0},{"damage":0.0,"enemies":"Sentry and Sphere","floor":29.0,"turns":2.0},{"damage":0.0,"enemies":"Masked Bandits","floor":30.0,"turns":1.0},{"damage":0.0,"enemies":"Collector","floor":33.0,"turns":5.0},{"damage":0.0,"enemies":"Orb Walker","floor":35.0,"turns":3.0},{"damage":0.0,"enemies":"Time Eater","floor":37.0,"turns":4.0},{"damage":0,"enemies":"Donu and Deca","floor":38,"turns":4}],"seed_played":"7694743902217148618","potions_obtained":[{"floor":1.0,"key":"GhostInAJar"},{"floor":11.0,"key":"Explosive Potion"}],"is_trial":false,"path_per_floor":["M","$","M","?","M","R","?","R","T","R","M","M","R","M","R","B",null,"M","$","?","?","M","R","M","R","T","$","M","M","?","$","R","B",null,"M","?","B","B",null],"character_chosen":"THE_SILENT","items_purchased":["Acrobatics"],"campfire_rested":1,"item_purchase_floors":[31],"current_hp_per_floor":[39,39,28,28,27,27,27,27,27,27,26,22,40,37,37,14,49,49,49,49,49,39,39,29,29,29,29,29,29,29,29,29,29,52,52,52,52,52],"gold":168,"neow_bonus":"THREE_RARE_CARDS","is_prod":false,"is_daily":false,"chose_seed":false,"campfire_upgraded":7,"win_rate":0,"timestamp":1549259440,"path_taken":["M","$","M","?","?","R","?","R","T","R","M","M","R","M","R","BOSS","M","$","?","?","M","R","M","R","T","$","M","M","?","?","R","BOSS","M","?","BOSS","BOSS"],"build_version":"2019-01-23","purchased_purges":3,"victory":true,"max_hp_per_floor":[60,60,60,60,60,60,60,60,60,60,60,60,60,60,60,60,60,60,60,60,60,60,60,60,60,60,60,60,60,60,60,60,60,60,60,60,60,60],"card_choices":[{"not_picked":["Venomology","Bullet Time"],"picked":"Grand Finale","floor":0.0},{"not_picked":["Finisher","Skewer","Prepared"],"picked":"SKIP","floor":1.0},{"not_picked":["Dagger Throw","Backstab"],"picked":"Expertise","floor":3.0},{"not_picked":["Poisoned Stab","Crippling Poison","Dash"],"picked":"SKIP","floor":5.0},{"not_picked":["Eviscerate","Cloak And Dagger","Sucker Punch"],"picked":"SKIP","floor":11.0},{"not_picked":["Deflect","Dodge and Roll","Poisoned Stab"],"picked":"SKIP","floor":12.0},{"not_picked":["Bane","Outmaneuver"],"picked":"Acrobatics","floor":14.0},{"not_picked":["Wraith Form v2","Corpse Explosion"],"picked":"Grand Finale","floor":16.0},{"not_picked":["Dash","Bane"],"picked":"Calculated Gamble","floor":18.0},{"not_picked":["PiercingWail","Eviscerate","Dagger Spray"],"picked":"SKIP","floor":22.0},{"not_picked":["Catalyst","Choke+1"],"picked":"Wraith Form v2","floor":24.0},{"not_picked":["Slice","Sucker Punch","Backflip"],"picked":"SKIP","floor":28.0},{"not_picked":["Venomology","Blade Dance","Poisoned Stab"],"picked":"SKIP","floor":29.0},{"not_picked":["Venomology","Blade Dance","Poisoned Stab"],"picked":"SKIP","floor":29.0},{"not_picked":["Poisoned Stab","Blade Dance"],"picked":"Grand Finale","floor":30.0},{"not_picked":["Tools of the Trade","Unload"],"picked":"Night Terror","floor":33.0},{"not_picked":["Sucker Punch+1","Flying Knee","Backflip"],"picked":"SKIP","floor":35.0}],"player_experience":2502961,"relics_obtained":[{"floor":9.0,"key":"Unceasing Top"},{"floor":21.0,"key":"Thread and Needle"},{"floor":30.0,"key":"Red Mask"}],"event_choices":[{"damage_healed":0.0,"max_hp_gain":0.0,"max_hp_loss":0.0,"gold_gain":0.0,"event_name":"FaceTrader","player_choice":"Leave","floor":4.0,"gold_loss":0.0,"damage_taken":0.0},{"damage_healed":0.0,"max_hp_gain":0.0,"max_hp_loss":0.0,"gold_gain":30.0,"event_name":"Dead Adventurer","player_choice":"Searched \u00271\u0027 times","floor":7.0,"gold_loss":0.0,"damage_taken":0.0},{"damage_healed":0.0,"max_hp_gain":0.0,"max_hp_loss":0.0,"gold_gain":0.0,"event_name":"Addict","player_choice":"Obtained Relic","floor":20.0,"gold_loss":85.0,"damage_taken":0.0,"relics_obtained":["Boot"]},{"damage_healed":0.0,"max_hp_gain":0.0,"max_hp_loss":0.0,"gold_gain":0.0,"event_name":"Colosseum","player_choice":"Fight","floor":21.0,"gold_loss":0.0,"damage_taken":0.0},{"damage_healed":0.0,"max_hp_gain":0.0,"max_hp_loss":0.0,"gold_gain":0.0,"event_name":"Colosseum","player_choice":"Fought Nobs","floor":21.0,"gold_loss":0.0,"damage_taken":0.0},{"damage_healed":0.0,"max_hp_gain":0.0,"max_hp_loss":0.0,"gold_gain":0.0,"event_name":"Masked Bandits","player_choice":"Fought Bandits","floor":30.0,"gold_loss":0.0,"damage_taken":0.0},{"damage_healed":0.0,"max_hp_gain":0.0,"max_hp_loss":0.0,"gold_gain":0.0,"event_name":"SecretPortal","player_choice":"Took Portal","floor":36.0,"gold_loss":0.0,"damage_taken":0.0}],"is_beta":false,"boss_relics":[{"not_picked":["Snecko Eye","Fusion Hammer"],"picked":"Sozu"},{"not_picked":["Black Star","Philosopher\u0027s Stone"],"picked":"Runic Pyramid"}],"items_purged_floors":[2,19,27],"is_endless":false,"potions_floor_spawned":[1,11,21,22,30],"ascension_level":20}