{"gold_per_floor":[369,369,369,380,227,227,245,245,245,245,245,264,280,295,295,396,396,416,428,443,368,388,388,388,388,388,388,190,204,204,204,204,301,301,317,317,336,355,255,255,273,292,292,292,304,304,61,77,77,77],"floor_reached":51,"playtime":1989,"items_purged":["Strike_G","Strike_G","Strike_G+1","Defend_G+1"],"score":741,"play_id":"b449df09-ee1e-43af-a4f3-b7231f3c7a0b","local_time":"20181020112833","is_ascension_mode":false,"campfire_choices":[{"data":"Well Laid Plans","floor":6.0,"key":"SMITH"},{"data":"Deadly Poison","floor":8.0,"key":"SMITH"},{"data":"Footwork","floor":10.0,"key":"SMITH"},{"data":"Bouncing Flask","floor":15.0,"key":"SMITH"},{"data":"Footwork","floor":23.0,"key":"SMITH"},{"data":"Leg Sweep","floor":25.0,"key":"SMITH"},{"data":"Grand Finale","floor":27.0,"key":"SMITH"},{"data":"Well Laid Plans","floor":30.0,"key":"SMITH"},{"data":"Noxious Fumes","floor":32.0,"key":"SMITH"},{"data":"Backflip","floor":40,"key":"SMITH"},{"data":"Backflip","floor":46,"key":"SMITH"},{"data":"Footwork","floor":49,"key":"SMITH"}],"neow_cost":"CURSE","seed_source_timestamp":2636316366604,"circlet_count":0,"master_deck":["Defend_G+1","Defend_G+1","Defend_G+1","Strike_G+1","Survivor+1","Neutralize+1","Well Laid Plans+1","Footwork+1","Deadly Poison+1","Bouncing Flask+1","Grand Finale+1","Setup+1","Leg Sweep+1","Footwork+1","Noxious Fumes+1","Well Laid Plans+1","Malaise+1","Backflip+1","Backflip+1","Footwork+1","Well Laid Plans"],"special_seed":0,"relics":["Ring of the Snake","Sundial","The Courier","Coffee Dripper","Matryoshka","Mummified Hand","Cursed Key","Mark of the Bloom"],"potions_floor_usage":[50,50,50,50,50],"damage_taken":[{"damage":6.0,"enemies":"Cultist","floor":1.0,"turns":6.0},{"damage":0.0,"enemies":"Small Slimes","floor":4.0,"turns":3.0},{"damage":0.0,"enemies":"2 Louse","floor":7.0,"turns":6.0},{"damage":0.0,"enemies":"Red Slaver","floor":12.0,"turns":4.0},{"damage":0.0,"enemies":"Large Slime","floor":13.0,"turns":7.0},{"damage":4.0,"enemies":"3 Louse","floor":14.0,"turns":4.0},{"damage":30.0,"enemies":"Slime Boss","floor":16.0,"turns":13.0},{"damage":4.0,"enemies":"3 Byrds","floor":18.0,"turns":6.0},{"damage":14.0,"enemies":"2 Thieves","floor":19.0,"turns":5.0},{"damage":12.0,"enemies":"Centurion and Healer","floor":20.0,"turns":3.0},{"damage":0.0,"enemies":"Snake Plant","floor":22.0,"turns":3.0},{"damage":11.0,"enemies":"Colosseum Slavers","floor":24.0,"turns":8.0},{"damage":0.0,"enemies":"Shelled Parasite and Fungi","floor":29.0,"turns":6.0},{"damage":0,"enemies":"Automaton","floor":33,"turns":7},{"damage":6,"enemies":"3 Shapes","floor":35,"turns":6},{"damage":0,"enemies":"Orb Walker","floor":37,"turns":5},{"damage":0,"enemies":"Jaw Worm Horde","floor":38,"turns":5},{"damage":0,"enemies":"Transient","floor":41,"turns":5},{"damage":0,"enemies":"4 Shapes","floor":42,"turns":5},{"damage":0,"enemies":"Maw","floor":45,"turns":6},{"damage":0,"enemies":"Jaw Worm Horde","floor":48,"turns":3},{"damage":0,"enemies":"Donu and Deca","floor":50,"turns":7}],"seed_played":"-8148075030966626482","potions_obtained":[{"floor":4.0,"key":"LiquidBronze"},{"floor":7.0,"key":"SteroidPotion"},{"floor":12.0,"key":"FearPotion"},{"floor":20.0,"key":"SteroidPotion"},{"floor":35,"key":"Ancient Potion"},{"floor":45,"key":"EntropicBrew"}],"is_trial":false,"path_per_floor":["M","T","?","M","$","R","M","R","T","R","?","M","M","M","R","B",null,"M","M","M","?","M","R","?","R","T","R","$","M","R","?","R","B",null,"M","?","M","M","$","R","M","M","T","T","M","R","$","M","R","B"],"character_chosen":"THE_SILENT","items_purchased":["Footwork","Noxious Fumes","Well Laid Plans","Footwork","Well Laid Plans"],"campfire_rested":0,"item_purchase_floors":[5,28,28,47,47],"current_hp_per_floor":[64,64,64,64,64,64,64,64,64,64,57,57,57,53,53,23,70,66,52,40,40,40,40,29,29,29,29,29,29,29,29,29,29,70,64,64,64,64,64,64,64,64,64,64,64,64,64,64,64,64],"gold":77,"neow_bonus":"TWO_FIFTY_GOLD","is_prod":false,"is_daily":false,"chose_seed":false,"campfire_upgraded":12,"win_rate":0,"timestamp":1540006113,"path_taken":["M","?","?","M","$","R","M","R","T","R","?","?","M","M","R","BOSS","M","M","M","?","M","R","?","R","T","R","?","?","R","?","R","BOSS","M","?","?","M","$","R","M","?","T","?","M","R","$","M","R","BOSS"],"build_version":"2018-10-18","purchased_purges":4,"victory":true,"max_hp_per_floor":[70,70,70,70,70,70,70,70,70,70,70,70,70,70,70,70,70,70,70,70,70,70,70,70,70,70,70,70,70,70,70,70,70,70,70,70,70,70,70,70,70,70,70,70,70,70,70,70,70,70],"card_choices":[{"not_picked":["Dagger Spray","Prepared","Dodge and Roll"],"picked":"SKIP","floor":1.0},{"not_picked":["Masterful Stab","PiercingWail"],"picked":"Well Laid Plans","floor":4.0},{"not_picked":["Flechettes","Escape Plan"],"picked":"Deadly Poison","floor":7.0},{"not_picked":["Prepared","Quick Slash"],"picked":"Bouncing Flask","floor":12.0},{"not_picked":["Flying Knee","Expertise","PiercingWail"],"picked":"SKIP","floor":13.0},{"not_picked":["Sucker Punch","Quick Slash","Underhanded Strike"],"picked":"SKIP","floor":14.0},{"not_picked":["Glass Knife","After Image"],"picked":"Grand Finale","floor":16.0},{"not_picked":["Flying Knee","Poisoned Stab","Outmaneuver"],"picked":"SKIP","floor":18.0},{"not_picked":["Caltrops","Bane+1"],"picked":"Setup+1","floor":19.0},{"not_picked":["Deflect","Acrobatics"],"picked":"Leg Sweep","floor":20.0},{"not_picked":["Deflect","Reflex"],"picked":"Footwork","floor":22.0},{"not_picked":["Underhanded Strike","Terror","Slice"],"picked":"SKIP","floor":29.0},{"not_picked":["Corpse Explosion","Tools of the Trade"],"picked":"Malaise","floor":33},{"not_picked":["Deadly Poison+1","Flying Knee","Infinite Blades+1"],"picked":"SKIP","floor":35},{"not_picked":["Calculated Gamble+1","Tactician"],"picked":"Backflip","floor":37},{"not_picked":["Poisoned Stab","Blade Dance+1","All Out Attack"],"picked":"SKIP","floor":38},{"not_picked":["Deadly Poison","Reflex+1","Dagger Throw"],"picked":"SKIP","floor":41},{"not_picked":["Finisher","Outmaneuver+1"],"picked":"Backflip","floor":42},{"not_picked":["Poisoned Stab","Skewer+1","Masterful Stab"],"picked":"SKIP","floor":45},{"not_picked":["Blur+1","Masterful Stab+1","Distraction+1"],"picked":"SKIP","floor":48}],"player_experience":389301,"relics_obtained":[{"floor":2.0,"key":"Sundial"},{"floor":9.0,"key":"The Courier"},{"floor":26.0,"key":"Matryoshka"}],"event_choices":[{"cards_removed":["Regret"],"damage_healed":0.0,"max_hp_gain":0.0,"max_hp_loss":0.0,"gold_gain":0.0,"event_name":"Living Wall","player_choice":"Forget","floor":3.0,"gold_loss":0.0,"damage_taken":0.0},{"cards_removed":["Defend_G"],"damage_healed":0.0,"max_hp_gain":0.0,"max_hp_loss":0.0,"gold_gain":0.0,"event_name":"Golden Wing","player_choice":"Card Removal","floor":11.0,"gold_loss":0.0,"damage_taken":7.0},{"cards_removed":["Strike_G"],"damage_healed":0.0,"max_hp_gain":0.0,"max_hp_loss":0.0,"gold_gain":0.0,"event_name":"Beggar","player_choice":"Gave Gold","floor":21.0,"gold_loss":75.0,"damage_taken":0.0},{"damage_healed":0.0,"max_hp_gain":0.0,"max_hp_loss":0.0,"gold_gain":0.0,"event_name":"Colosseum","player_choice":"Fight","floor":24.0,"gold_loss":0.0,"damage_taken":0.0},{"damage_healed":0.0,"max_hp_gain":0.0,"max_hp_loss":0.0,"gold_gain":0.0,"event_name":"Colosseum","player_choice":"Fled From Nobs","floor":24.0,"gold_loss":0.0,"damage_taken":0.0},{"damage_healed":0.0,"max_hp_gain":0.0,"max_hp_loss":0.0,"gold_gain":0.0,"event_name":"The Mausoleum","player_choice":"Opened","floor":31.0,"gold_loss":0.0,"damage_taken":0.0,"relics_obtained":["Mummified Hand"]},{"damage_healed":0,"gold_gain":0,"player_choice":"Upgrade","damage_taken":0,"relics_obtained":["Mark of the Bloom"],"max_hp_gain":0,"max_hp_loss":0,"event_name":"MindBloom","floor":36,"gold_loss":0,"cards_upgraded":["Defend_G","Defend_G","Defend_G","Defend_G","Strike_G","Strike_G","Survivor","Neutralize","Malaise"]}],"is_beta":false,"boss_relics":[{"not_picked":["White Beast Statue","Sozu"],"picked":"Coffee Dripper"},{"not_picked":["Astrolabe","Runic Dome"],"picked":"Cursed Key"}],"items_purged_floors":[5,28,39,47],"is_endless":false,"potions_floor_spawned":[4,7,12,20,22,24,33,35,45],"ascension_level":0}