{"gold_per_floor":[364,364,514,527,175,175,195,195,195,21,36,36,36,36,36,36],"floor_reached":16,"playtime":827,"items_purged":["Strike_G","Strike_G"],"score":176,"play_id":"4df9ce1c-f99f-4469-a5f6-debe8387b348","local_time":"20181230210316","is_ascension_mode":true,"campfire_choices":[{"data":"Deadly Poison","floor":6,"key":"SMITH"},{"data":"Neutralize","floor":8,"key":"SMITH"},{"data":"Noxious Fumes","floor":12,"key":"SMITH"},{"data":"Grand Finale","floor":15,"key":"SMITH"}],"neow_cost":"CURSE","seed_source_timestamp":32170006085330,"circlet_count":0,"master_deck":["AscendersBane","Defend_G","Defend_G+1","Defend_G","Defend_G","Defend_G","Strike_G","Strike_G+1","Strike_G","Survivor","Neutralize+1","Writhe","Deadly Poison+1","Doubt","Noxious Fumes+1","Grand Finale+1","Injury"],"relics":["Ring of the Snake","Blue Candle","Vajra","Golden Idol"],"potions_floor_usage":[],"damage_taken":[{"damage":2,"enemies":"Small Slimes","floor":1,"turns":4},{"damage":2,"enemies":"2 Louse","floor":4,"turns":3},{"damage":5,"enemies":"Jaw Worm","floor":7,"turns":5},{"damage":7,"enemies":"Red Slaver","floor":11,"turns":5},{"damage":30,"enemies":"Hexaghost","floor":16,"turns":9}],"seed_played":"-4960416514574897383","potions_obtained":[{"floor":4,"key":"FairyPotion"}],"is_trial":false,"path_per_floor":["M","?","?","M","$","R","M","R","T","$","M","R","?","?","R","B"],"character_chosen":"THE_SILENT","items_purchased":["Blue Candle","Noxious Fumes"],"campfire_rested":0,"item_purchase_floors":[5,10],"current_hp_per_floor":[57,37,37,35,35,35,30,30,30,30,23,23,23,23,23,0],"gold":36,"neow_bonus":"TWO_FIFTY_GOLD","is_prod":false,"is_daily":false,"chose_seed":false,"campfire_upgraded":4,"win_rate":0,"timestamp":1546174996,"path_taken":["M","?","?","M","$","R","M","R","T","$","M","R","?","?","R","BOSS"],"build_version":"2018-12-20","purchased_purges":2,"victory":false,"max_hp_per_floor":[66,66,66,66,66,66,66,66,66,66,66,66,66,66,66,66],"card_choices":[{"not_picked":["Flying Knee","Dagger Throw"],"picked":"Deadly Poison","floor":1},{"not_picked":["Heel Hook","Dodge and Roll","Outmaneuver"],"picked":"SKIP","floor":4},{"not_picked":["Setup","Backstab","Underhanded Strike"],"picked":"SKIP","floor":7},{"not_picked":["Dagger Spray","Noxious Fumes"],"picked":"Grand Finale","floor":11}],"player_experience":1610644,"relics_obtained":[{"floor":9,"key":"Vajra"}],"event_choices":[{"damage_healed":0,"gold_gain":0,"player_choice":"Entered Light","damage_taken":20,"max_hp_gain":0,"max_hp_loss":0,"event_name":"Shining Light","floor":2,"gold_loss":0,"cards_upgraded":["Strike_G","Defend_G"]},{"damage_healed":0,"gold_gain":150,"player_choice":"AGREE","damage_taken":0,"max_hp_gain":0,"max_hp_loss":0,"event_name":"Liars Game","floor":3,"gold_loss":0,"cards_obtained":["Doubt"]},{"damage_healed":0,"gold_gain":0,"player_choice":"Take Wound","damage_taken":0,"relics_obtained":["Golden Idol"],"max_hp_gain":0,"max_hp_loss":0,"event_name":"Golden Idol","floor":13,"gold_loss":0,"cards_obtained":["Injury"]},{"damage_healed":0,"gold_gain":0,"player_choice":"Leave","damage_taken":0,"max_hp_gain":0,"max_hp_loss":0,"event_name":"The Cleric","floor":14,"gold_loss":0}],"is_beta":false,"boss_relics":[],"items_purged_floors":[5,10],"is_endless":false,"potions_floor_spawned":[4],"killed_by":"Hexaghost","ascension_level":20}