{"gold_per_floor":[115,133,58,58,77,102,102,102,128,142,142,42,42,74,74,179,229,242,253,253,253,128,128,148,148,174,266,278],"floor_reached":28,"playtime":1622,"items_purged":["Strike_G","Strike_G","Defend_G"],"score":274,"play_id":"72ae49f1-9503-4271-b228-1c6a8c6bcd0c","local_time":"20190602024450","is_ascension_mode":false,"campfire_choices":[{"data":"Dagger Throw","floor":7,"key":"SMITH"},{"data":"Tactician","floor":11,"key":"SMITH"},{"data":"Neutralize","floor":13,"key":"SMITH"},{"floor":15,"key":"REST"},{"data":"Tools of the Trade","floor":23,"key":"SMITH"},{"data":"Footwork","floor":25,"key":"SMITH"}],"neow_cost":"NONE","seed_source_timestamp":50219526360183,"circlet_count":0,"master_deck":["Defend_G","Defend_G","Defend_G","Strike_G+1","Strike_G","Strike_G","Survivor","Neutralize+1","Dagger Throw+1","Leg Sweep","Footwork+1","Tactician+1","Calculated Gamble","Dodge and Roll","Tools of the Trade+1","Unload","Heel Hook","Cloak And Dagger"],"relics":["Ring of the Snake","Bronze Scales","Orichalcum","Mummified Hand","Tiny House","MawBank","Ninja Scroll"],"potions_floor_usage":[24],"damage_taken":[{"damage":2,"enemies":"Small Slimes","floor":1,"turns":4},{"damage":0,"enemies":"2 Louse","floor":2,"turns":4},{"damage":0,"enemies":"Cultist","floor":5,"turns":5},{"damage":39,"enemies":"Gremlin Nob","floor":6,"turns":7},{"damage":0,"enemies":"Blue Slaver","floor":10,"turns":4},{"damage":6,"enemies":"Lagavulin","floor":14,"turns":13},{"damage":0,"enemies":"Hexaghost","floor":16,"turns":15},{"damage":2,"enemies":"Spheric Guardian","floor":18,"turns":4},{"damage":13,"enemies":"3 Byrds","floor":19,"turns":4},{"damage":37,"enemies":"Sentry and Sphere","floor":24,"turns":7},{"damage":12,"enemies":"Shelled Parasite and Fungi","floor":28,"turns":2}],"seed_played":"9109064157749952201","potions_obtained":[{"floor":5,"key":"GamblersBrew"},{"floor":6,"key":"GamblersBrew"},{"floor":17,"key":"PowerPotion"}],"is_trial":false,"path_per_floor":["M","M","$","?","M","E","R","?","T","M","R","$","R","E","R","B",null,"M","M","?","?","$","R","M","R","T","T","M"],"character_chosen":"THE_SILENT","items_purchased":[],"campfire_rested":1,"item_purchase_floors":[],"current_hp_per_floor":[75,75,75,75,75,36,36,36,36,36,36,36,36,30,53,53,82,80,67,67,67,67,67,30,30,30,30,18],"gold":278,"neow_bonus":"TEN_PERCENT_HP_BONUS","is_prod":false,"is_daily":false,"chose_seed":false,"campfire_upgraded":5,"win_rate":0,"timestamp":1559436290,"path_taken":["M","M","$","?","M","E","R","?","T","M","R","$","R","E","R","BOSS","M","M","?","?","$","R","M","R","T","?","M"],"build_version":"2019-01-23","purchased_purges":3,"victory":false,"max_hp_per_floor":[77,77,77,77,77,77,77,77,77,77,77,77,77,77,77,77,82,82,82,82,82,82,82,82,82,82,82,82],"card_choices":[{"not_picked":["PiercingWail","Reflex"],"picked":"Dagger Throw","floor":1},{"not_picked":["Cloak And Dagger","Choke"],"picked":"Leg Sweep","floor":2},{"not_picked":["Backflip","Blade Dance"],"picked":"Footwork","floor":5},{"not_picked":["Underhanded Strike","Deflect"],"picked":"Tactician","floor":6},{"not_picked":["Blade Dance","Masterful Stab"],"picked":"Dodge and Roll","floor":10},{"not_picked":["Heel Hook","Underhanded Strike"],"picked":"Tools of the Trade","floor":14},{"not_picked":["Tools of the Trade","A Thousand Cuts"],"picked":"Unload","floor":16},{"not_picked":["Poisoned Stab","Blade Dance"],"picked":"Heel Hook","floor":17},{"not_picked":["Quick Slash","Distraction+1","Sucker Punch+1"],"picked":"SKIP","floor":18},{"not_picked":["Flying Knee+1","Flechettes","Bane+1"],"picked":"SKIP","floor":19},{"not_picked":["Underhanded Strike","Outmaneuver"],"picked":"Cloak And Dagger","floor":24}],"player_experience":463150,"relics_obtained":[{"floor":6,"key":"Bronze Scales"},{"floor":9,"key":"Orichalcum"},{"floor":14,"key":"Mummified Hand"},{"floor":26,"key":"MawBank"},{"floor":27,"key":"Ninja Scroll"}],"event_choices":[{"damage_healed":0,"gold_gain":0,"player_choice":"Ignored","damage_taken":0,"max_hp_gain":0,"max_hp_loss":0,"event_name":"Liars Game","floor":4,"gold_loss":0},{"damage_healed":0,"gold_gain":0,"cards_transformed":["Defend_G"],"player_choice":"Transformed","damage_taken":0,"max_hp_gain":0,"max_hp_loss":0,"event_name":"Transmorgrifier","floor":8,"gold_loss":0,"cards_obtained":["Calculated Gamble"]},{"damage_healed":0,"gold_gain":0,"player_choice":"Ignored","damage_taken":0,"max_hp_gain":0,"max_hp_loss":0,"event_name":"Ghosts","floor":20,"gold_loss":0},{"damage_healed":0,"gold_gain":0,"player_choice":"Ignored","damage_taken":0,"max_hp_gain":0,"max_hp_loss":0,"event_name":"Vampires","floor":21,"gold_loss":0}],"is_beta":false,"boss_relics":[{"not_picked":["Eternal Feather","Coffee Dripper"],"picked":"Tiny House"}],"items_purged_floors":[3,12,22],"is_endless":false,"potions_floor_spawned":[5,6,18,19],"killed_by":"Shelled Parasite and Fungi","ascension_level":0}