{"gold_per_floor":[113,126,139,23,38,65,65,45,99,5,31,31,52,52],"floor_reached":14,"playtime":412,"items_purged":["Strike_G"],"score":196,"play_id":"30508753-c15b-408d-9ff3-bf9db778f86e","local_time":"20190705160906","is_ascension_mode":true,"campfire_choices":[{"data":"Noxious Fumes","floor":7.0,"key":"SMITH"},{"data":"Deadly Poison","floor":12.0,"key":"SMITH"}],"neow_cost":"NONE","seed_source_timestamp":236426767422447,"circlet_count":0,"master_deck":["AscendersBane","Strike_G","Strike_G","Strike_G","Strike_G","Defend_G","Defend_G+1","Defend_G","Defend_G","Defend_G+1","Survivor","Neutralize","Choke","Backstab","Caltrops","Noxious Fumes+1","Endless Agony","Noxious Fumes","Deadly Poison+1","Well Laid Plans"],"special_seed":0,"relics":["Ring of the Snake","NeowsBlessing","Gremlin Horn","War Paint","PreservedInsect","Odd Mushroom"],"potions_floor_usage":[],"damage_taken":[{"damage":0.0,"enemies":"Jaw Worm","floor":1.0,"turns":1.0},{"damage":0.0,"enemies":"Cultist","floor":2.0,"turns":1.0},{"damage":0.0,"enemies":"Small Slimes","floor":3.0,"turns":1.0},{"damage":0.0,"enemies":"3 Louse","floor":5.0,"turns":3.0},{"damage":21.0,"enemies":"3 Sentries","floor":6.0,"turns":8.0},{"damage":25.0,"enemies":"Gremlin Nob","floor":11.0,"turns":4.0},{"damage":7.0,"enemies":"The Mushroom Lair","floor":13.0,"turns":5.0},{"damage":6,"enemies":"Lagavulin","floor":14,"turns":4}],"seed_played":"4525917264746284680","potions_obtained":[{"floor":3.0,"key":"SkillPotion"},{"floor":5.0,"key":"Strength Potion"},{"floor":6.0,"key":"EssenceOfSteel"}],"is_trial":false,"path_per_floor":["M","M","M","$","M","E","R","?","T","$","E","R","?","E"],"character_chosen":"THE_SILENT","items_purchased":["Caltrops","Noxious Fumes","Deadly Poison"],"campfire_rested":0,"item_purchase_floors":[4,10,10],"current_hp_per_floor":[59,59,59,59,59,38,38,38,38,38,13,13,6,0],"gold":52,"neow_bonus":"THREE_ENEMY_KILL","is_prod":false,"is_daily":false,"chose_seed":false,"campfire_upgraded":2,"win_rate":0,"timestamp":1562314146,"path_taken":["M","M","M","$","M","E","R","?","T","?","E","R","?","E"],"build_version":"2019-07-01","purchased_purges":1,"victory":false,"max_hp_per_floor":[66,66,66,66,66,66,66,66,66,66,66,66,66,66],"card_choices":[{"not_picked":["Blade Dance","Choke","Crippling Poison"],"picked":"SKIP","floor":1.0},{"not_picked":["Blade Dance","Crippling Poison"],"picked":"Choke","floor":1.0},{"not_picked":["Poisoned Stab","Bane"],"picked":"Backstab","floor":2.0},{"not_picked":["Deflect","Poisoned Stab","Slice"],"picked":"SKIP","floor":3.0},{"not_picked":["Acrobatics","Footwork"],"picked":"Noxious Fumes","floor":5.0},{"not_picked":["Dodge and Roll","PiercingWail"],"picked":"Endless Agony","floor":6.0},{"not_picked":["Dagger Spray","Bouncing Flask"],"picked":"Well Laid Plans","floor":11.0}],"player_experience":1552492,"relics_obtained":[{"floor":6.0,"key":"Gremlin Horn"},{"floor":9.0,"key":"War Paint"},{"floor":11.0,"key":"PreservedInsect"},{"floor":13.0,"key":"Odd Mushroom"}],"event_choices":[{"damage_healed":0.0,"max_hp_gain":0.0,"max_hp_loss":0.0,"gold_gain":0.0,"event_name":"The Woman in Blue","player_choice":"Bought 1 Potion","floor":8.0,"gold_loss":0.0,"damage_taken":0.0},{"damage_healed":0.0,"max_hp_gain":0.0,"max_hp_loss":0.0,"gold_gain":0.0,"event_name":"Mushrooms","player_choice":"Fought Mushrooms","floor":13.0,"gold_loss":0.0,"damage_taken":0.0}],"is_beta":false,"boss_relics":[],"items_purged_floors":[4],"is_endless":false,"potions_floor_spawned":[3,5,6],"killed_by":"Lagavulin","ascension_level":20}