{"path_per_floor":["M","$","M","M","M","E","M","R","T","M","E","R","E","?","R","B",null,"M","$","$","?","?","R","?","E","T"],"character_chosen":"THE_SILENT","items_purchased":["Dagger Throw","Mummified Hand","Boot"],"gold_per_floor":[116,66,77,94,111,136,155,155,212,226,252,252,287,287,287,387,387,407,159,9,9,9,9,9,37,64,64],"floor_reached":27,"campfire_rested":0,"playtime":1135,"item_purchase_floors":[2,19,20],"current_hp_per_floor":[77,77,76,76,67,52,50,50,50,50,49,49,43,43,43,22,69,39,39,39,39,39,39,39,28,28,0],"items_purged":[],"gold":64,"score":349,"play_id":"ff2f7485-0960-48e1-9fbf-c60fdeceb756","local_time":"20180527172427","is_prod":false,"is_daily":false,"chose_seed":false,"is_ascension_mode":true,"campfire_upgraded":4,"win_rate":0,"timestamp":1527413067,"campfire_choices":[{"data":"Envenom","floor":8,"key":"SMITH"},{"data":"After Image","floor":12,"key":"SMITH"},{"data":"Prepared","floor":15,"key":"SMITH"},{"data":"Neutralize","floor":23,"key":"SMITH"}],"path_taken":["M","$","M","M","M","E","M","R","T","M","E","R","E","?","R","BOSS","M","?","$","?","?","R","?","E","T","E"],"build_version":"2018-05-25","seed_source_timestamp":29739043775220,"purchased_purges":0,"victory":false,"master_deck":["Defend_G+1","Defend_G+1","Defend_G+1","Defend_G+1","Defend_G+1","Strike_G+1","Strike_G+1","Strike_G+1","Strike_G+1","Strike_G+1","Survivor","Neutralize+1","Backflip","Dagger Throw","Infinite Blades","Prepared+1","Envenom+1","After Image+1","Infinite Blades","Venomology"],"max_hp_per_floor":[84,84,84,84,84,84,84,84,84,84,84,84,84,84,84,84,84,84,84,84,84,84,84,84,84,84,84],"relics":["Ring of the Snake","Meat on the Bone","Tiny Chest","Potion Belt","Ancient Tea Set","Black Star","Mummified Hand","Boot","Regal Pillow","Pen Nib","Bag of Preparation"],"card_choices":[{"not_picked":["Deadly Poison","Blur"],"picked":"Backflip","floor":1},{"not_picked":["Slice","Sucker Punch"],"picked":"Infinite Blades","floor":3},{"not_picked":["PiercingWail","Blade Dance"],"picked":"Prepared","floor":4},{"not_picked":["Blur","Prepared"],"picked":"Envenom","floor":5},{"not_picked":["Noxious Fumes","Dagger Spray"],"picked":"After Image","floor":6},{"not_picked":["Backflip","Accuracy","Finisher"],"picked":"SKIP","floor":7},{"not_picked":["Poisoned Stab","Underhanded Strike","Sucker Punch"],"picked":"SKIP","floor":10},{"not_picked":["Dodge and Roll","Blade Dance","Outmaneuver"],"picked":"SKIP","floor":11},{"not_picked":["Heel Hook","Slice"],"picked":"Infinite Blades","floor":13},{"not_picked":["Corpse Explosion","Burst"],"picked":"Venomology","floor":16},{"not_picked":["Deadly Poison","Caltrops+1","Eviscerate"],"picked":"SKIP","floor":18},{"not_picked":["Choke","Underhanded Strike","Wraith Form v2"],"picked":"SKIP","floor":25}],"player_experience":500282,"potions_floor_usage":[6,6,16,25,27],"damage_taken":[{"damage":0,"enemies":"2 Louse","floor":1,"turns":5},{"damage":1,"enemies":"Jaw Worm","floor":3,"turns":4},{"damage":0,"enemies":"Cultist","floor":4,"turns":3},{"damage":9,"enemies":"2 Fungi Beasts","floor":5,"turns":4},{"damage":15,"enemies":"Lagavulin","floor":6,"turns":8},{"damage":14,"enemies":"Exordium Thugs","floor":7,"turns":5},{"damage":0,"enemies":"Large Slime","floor":10,"turns":6},{"damage":13,"enemies":"3 Sentries","floor":11,"turns":9},{"damage":18,"enemies":"Lagavulin","floor":13,"turns":9},{"damage":33,"enemies":"Slime Boss","floor":16,"turns":12},{"damage":42,"enemies":"Spheric Guardian","floor":18,"turns":8},{"damage":23,"enemies":"Slavers","floor":25,"turns":7},{"damage":41,"enemies":"Gremlin Leader","floor":27,"turns":6}],"relics_obtained":[{"floor":6,"key":"Meat on the Bone"},{"floor":9,"key":"Tiny Chest"},{"floor":11,"key":"Potion Belt"},{"floor":13,"key":"Ancient Tea Set"},{"floor":25,"key":"Regal Pillow"},{"floor":25,"key":"Pen Nib"},{"floor":26,"key":"Bag of Preparation"}],"event_choices":[{"event_name":"Living Wall","player_choice":"Forget","floor":14,"damage_taken":0},{"event_name":"Vampires","player_choice":"Ignored","floor":21,"damage_taken":0},{"event_name":"Back to Basics","player_choice":"Simplicity","floor":22,"damage_taken":0},{"event_name":"Drug Dealer","player_choice":"Ignored","floor":24,"damage_taken":0}],"boss_relics":[{"not_picked":["Snecko Eye","Velvet Choker"],"picked":"Black Star"}],"items_purged_floors":[],"potions_floor_spawned":[1,4,7,13,18],"seed_played":"-8668184282029450332","killed_by":"Gremlin Leader","ascension_level":8,"potions_obtained":[{"floor":1,"key":"GhostInAJar"},{"floor":4,"key":"AttackPotion"},{"floor":7,"key":"FairyPotion"},{"floor":13,"key":"Poison Potion"},{"floor":18,"key":"SpeedPotion"}],"is_trial":false}