{"gold_per_floor":[114,125,135,135,151,151,206,18,64,93,112,112],"floor_reached":12,"playtime":566,"items_purged":[],"score":180,"play_id":"efa9719c-0b28-4e14-947c-e231704706a6","local_time":"20190728162130","is_ascension_mode":true,"campfire_choices":[{"data":"Dagger Throw","floor":6,"key":"SMITH"}],"neow_cost":"NONE","seed_source_timestamp":18416810715680,"circlet_count":0,"master_deck":["AscendersBane","Strike_G","Strike_G","Strike_G","Strike_G","Strike_G","Defend_G","Defend_G","Defend_G","Defend_G","Defend_G","Survivor","Neutralize","Backflip","Dagger Throw+1","Terror","Well Laid Plans","Caltrops","Slice","Grand Finale","Deadly Poison"],"relics":["Philosopher\u0027s Stone","Pantograph","Tiny Chest","PreservedInsect","Anchor","Bronze Scales"],"potions_floor_usage":[7,10,12],"damage_taken":[{"damage":2,"enemies":"Cultist","floor":1,"turns":4},{"damage":0,"enemies":"2 Louse","floor":2,"turns":4},{"damage":0,"enemies":"Jaw Worm","floor":3,"turns":5},{"damage":7,"enemies":"Gremlin Gang","floor":5,"turns":6},{"damage":18,"enemies":"Lagavulin","floor":7,"turns":4},{"damage":21,"enemies":"3 Sentries","floor":10,"turns":8},{"damage":10,"enemies":"3 Louse","floor":11,"turns":4},{"damage":18,"enemies":"Lagavulin Event","floor":12,"turns":2}],"seed_played":"-1846855114380418682","potions_obtained":[{"floor":5,"key":"Strength Potion"},{"floor":7,"key":"Regen Potion"},{"floor":10,"key":"FearPotion"},{"floor":11,"key":"FearPotion"}],"is_trial":false,"path_per_floor":["M","M","M","?","M","R","E","$","T","E","M","?"],"character_chosen":"THE_SILENT","items_purchased":["PreservedInsect","Slice"],"campfire_rested":0,"item_purchase_floors":[8,8],"current_hp_per_floor":[57,57,57,52,45,45,27,27,27,21,11,0],"gold":112,"neow_bonus":"BOSS_RELIC","is_prod":false,"is_daily":false,"chose_seed":false,"campfire_upgraded":1,"win_rate":0,"timestamp":1564323690,"path_taken":["M","?","M","?","M","R","E","?","T","E","?","?"],"build_version":"2019-07-17","purchased_purges":0,"victory":false,"max_hp_per_floor":[66,66,66,66,66,66,66,66,66,66,66,66],"card_choices":[{"not_picked":["Flying Knee","Sucker Punch"],"picked":"Backflip","floor":1},{"not_picked":["All Out Attack","Underhanded Strike"],"picked":"Dagger Throw","floor":2},{"not_picked":["Dagger Throw","Slice"],"picked":"Terror","floor":3},{"not_picked":["Tools of the Trade","Prepared"],"picked":"Well Laid Plans","floor":5},{"not_picked":["Quick Slash","Sucker Punch"],"picked":"Caltrops","floor":7},{"not_picked":["Doppelganger","Bane"],"picked":"Grand Finale","floor":10},{"not_picked":["Blade Dance","Skewer"],"picked":"Deadly Poison","floor":11}],"player_experience":783209,"relics_obtained":[{"floor":7,"key":"Tiny Chest"},{"floor":9,"key":"Anchor"},{"floor":10,"key":"Bronze Scales"}],"event_choices":[{"damage_healed":0,"gold_gain":0,"player_choice":"Success","damage_taken":5,"relics_obtained":["Pantograph"],"max_hp_gain":0,"max_hp_loss":0,"event_name":"Scrap Ooze","floor":4,"gold_loss":0},{"damage_healed":0,"gold_gain":0,"player_choice":"Searched \u00271\u0027 times","damage_taken":0,"max_hp_gain":0,"max_hp_loss":0,"event_name":"Dead Adventurer","floor":12,"gold_loss":0}],"is_beta":false,"boss_relics":[],"items_purged_floors":[],"is_endless":false,"potions_floor_spawned":[5,7,10,11],"killed_by":"Lagavulin Event","ascension_level":20}