{"gold_per_floor":[116,116,128,53,67,67,84,84,160,179,179,179,196,209,209,308,308,320,220,220,18,51,51,61,72,72,82,82,112,127,138,138,239,239,254,264,284,296,296,296,1,1,1,11,11,11,25,25,25,25],"floor_reached":51,"playtime":1232,"items_purged":["Defend_B","Strike_B","Defend_B"],"score":668,"play_id":"b262a992-7a11-4cd4-a7af-bef357705274","local_time":"20181123171822","is_ascension_mode":false,"campfire_choices":[{"data":"Zap","floor":6.0,"key":"SMITH"},{"data":"Dualcast","floor":8.0,"key":"SMITH"},{"data":"Ball Lightning","floor":11.0,"key":"SMITH"},{"data":"Defragment","floor":15.0,"key":"SMITH"},{"data":"Loop","floor":23.0,"key":"SMITH"},{"floor":28,"key":"REST"},{"floor":32,"key":"REST"},{"data":"Buffer","floor":40,"key":"SMITH"},{"data":"Apotheosis","floor":42,"key":"SMITH"},{"data":"Bandage Up","floor":46,"key":"SMITH"},{"data":"Echo Form","floor":49,"key":"SMITH"}],"neow_cost":"NONE","seed_source_timestamp":3532178259445,"circlet_count":0,"master_deck":["Strike_B","Strike_B","Defend_B","Defend_B","Zap+1","Dualcast+1","Ball Lightning","Ball Lightning+1","Defragment+1","Loop+1","Echo Form+1","Ball Lightning","White Noise+1","Ball Lightning+1","Glacier+1","Hologram+1","Conserve Battery","Coolheaded+1","Buffer+1","Skim+1","Bandage Up+1","Apotheosis+1"],"special_seed":0,"relics":["Cracked Core","Mummified Hand","Cursed Key","Runic Capacitor","Red Mask","Tiny Chest","Coffee Dripper"],"potions_floor_usage":[37,37,50],"damage_taken":[{"damage":0.0,"enemies":"2 Louse","floor":1.0,"turns":3.0},{"damage":4.0,"enemies":"Cultist","floor":3.0,"turns":4.0},{"damage":0.0,"enemies":"Small Slimes","floor":5.0,"turns":2.0},{"damage":0.0,"enemies":"Red Slaver","floor":7.0,"turns":1.0},{"damage":0.0,"enemies":"Exordium Wildlife","floor":10.0,"turns":2.0},{"damage":6.0,"enemies":"3 Louse","floor":13.0,"turns":2.0},{"damage":0.0,"enemies":"Looter","floor":14.0,"turns":2.0},{"damage":50.0,"enemies":"Hexaghost","floor":16.0,"turns":6.0},{"damage":7.0,"enemies":"Shell Parasite","floor":18.0,"turns":4.0},{"damage":26.0,"enemies":"Masked Bandits","floor":22.0,"turns":3.0},{"damage":5.0,"enemies":"Spheric Guardian","floor":24.0,"turns":3.0},{"damage":12.0,"enemies":"3 Cultists","floor":25.0,"turns":3.0},{"damage":8,"enemies":"Shelled Parasite and Fungi","floor":27,"turns":3},{"damage":1,"enemies":"Centurion and Healer","floor":30,"turns":4},{"damage":11,"enemies":"Snake Plant","floor":31,"turns":3},{"damage":44,"enemies":"Collector","floor":33,"turns":5},{"damage":0,"enemies":"3 Darklings","floor":35,"turns":4},{"damage":0,"enemies":"3 Shapes","floor":36,"turns":3},{"damage":17,"enemies":"Jaw Worm Horde","floor":37,"turns":2},{"damage":0,"enemies":"Maw","floor":38,"turns":7},{"damage":0,"enemies":"Sphere and 2 Shapes","floor":44,"turns":5},{"damage":13,"enemies":"Jaw Worm Horde","floor":47,"turns":4},{"damage":31,"enemies":"Time Eater","floor":50,"turns":11}],"seed_played":"-3506702003271315579","potions_obtained":[{"floor":0.0,"key":"FearPotion"},{"floor":0.0,"key":"Regen Potion"},{"floor":0.0,"key":"Fire Potion"},{"floor":1.0,"key":"Fruit Juice"},{"floor":5.0,"key":"Swift Potion"},{"floor":13.0,"key":"PowerPotion"},{"floor":22.0,"key":"Poison Potion"},{"floor":30,"key":"Dexterity Potion"},{"floor":36,"key":"PowerPotion"},{"floor":37,"key":"SpeedPotion"}],"is_trial":false,"path_per_floor":["M","?","M","$","M","R","M","R","T","M","R","?","M","M","R","B",null,"M","$","?","$","?","R","M","M","T","M","R","?","M","M","R","B",null,"M","M","M","M","?","R","$","R","T","M","?","R","M","$","R","B",null],"character_chosen":"DEFECT","items_purchased":["Runic Capacitor","Apotheosis"],"campfire_rested":2,"item_purchase_floors":[21,41],"current_hp_per_floor":[80,80,76,76,76,76,76,76,76,76,76,76,70,70,70,20,80,73,73,58,58,32,32,27,24,24,16,41,41,40,29,54,10,85,85,85,68,68,68,68,68,68,68,74,74,74,67,67,67,42],"gold":25,"neow_bonus":"THREE_SMALL_POTIONS","is_prod":false,"is_daily":false,"chose_seed":false,"campfire_upgraded":9,"win_rate":0,"timestamp":1542964702,"path_taken":["M","?","?","$","M","R","M","R","T","M","R","?","M","M","R","BOSS","M","$","?","$","?","R","M","M","T","M","R","?","M","M","R","BOSS","M","M","M","M","?","R","$","R","T","M","?","R","M","$","R","BOSS"],"build_version":"2018-11-15","purchased_purges":3,"victory":true,"max_hp_per_floor":[80,80,80,80,80,80,80,80,80,80,80,80,80,80,80,80,80,80,80,85,85,85,85,85,85,85,85,85,85,85,85,85,85,85,85,85,85,85,85,85,85,85,85,85,85,85,85,85,85,85],"card_choices":[{"not_picked":["Stack","Hologram","Compile Driver"],"picked":"SKIP","floor":1.0},{"not_picked":["Reprogram","Auto Shields"],"picked":"Ball Lightning","floor":3.0},{"not_picked":["Sweeping Beam","Coolheaded"],"picked":"Ball Lightning","floor":5.0},{"not_picked":["Force Field","Static Discharge","Compile Driver"],"picked":"SKIP","floor":7.0},{"not_picked":["Gash","Turbo","Cold Snap"],"picked":"SKIP","floor":10.0},{"not_picked":["BootSequence","Leap"],"picked":"Defragment","floor":13.0},{"not_picked":["Leap","Redo"],"picked":"Loop","floor":14.0},{"not_picked":["Meteor Strike","Amplify"],"picked":"Echo Form","floor":16.0},{"not_picked":["Auto Shields","Cold Snap+1"],"picked":"Ball Lightning","floor":18.0},{"not_picked":["Recycle","Steam"],"picked":"White Noise+1","floor":22.0},{"not_picked":["Chaos+1","Beam Cell+1"],"picked":"Ball Lightning+1","floor":24.0},{"not_picked":["Hologram","FTL"],"picked":"Glacier+1","floor":25.0},{"not_picked":["Barrage","Gash"],"picked":"Hologram+1","floor":27},{"not_picked":["Auto Shields","Beam Cell"],"picked":"Conserve Battery","floor":30},{"not_picked":["Go for the Eyes+1","Beam Cell"],"picked":"Coolheaded+1","floor":31},{"not_picked":["Machine Learning","All For One"],"picked":"Buffer","floor":33},{"not_picked":["Stack","Reprogram","Compile Driver"],"picked":"SKIP","floor":35},{"not_picked":["Reinforced Body+1","Cold Snap+1","Hologram"],"picked":"SKIP","floor":36},{"not_picked":["Barrage","Streamline+1","Stack"],"picked":"SKIP","floor":37},{"not_picked":["Sweeping Beam","Gash"],"picked":"Skim+1","floor":38},{"not_picked":["Mind Blast","Blind"],"picked":"Bandage Up","floor":39},{"not_picked":["Beam Cell","Cold Snap","FTL"],"picked":"SKIP","floor":44},{"not_picked":["Beam Cell+1","Reprogram+1","Gash"],"picked":"SKIP","floor":47}],"player_experience":1112492,"relics_obtained":[{"floor":9.0,"key":"Mummified Hand"},{"floor":22.0,"key":"Red Mask"}],"event_choices":[{"cards_removed":["Strike_B"],"damage_healed":0.0,"max_hp_gain":0.0,"max_hp_loss":0.0,"gold_gain":0.0,"event_name":"Wheel of Change","player_choice":"Card Removal","floor":2.0,"gold_loss":0.0,"damage_taken":0.0},{"damage_healed":0.0,"max_hp_gain":0.0,"max_hp_loss":0.0,"gold_gain":0.0,"event_name":"Match and Keep!","player_choice":"0 cards matched","floor":12.0,"gold_loss":0.0,"damage_taken":0.0,"cards_obtained":[]},{"damage_healed":0.0,"max_hp_gain":5.0,"max_hp_loss":0.0,"gold_gain":0.0,"event_name":"Forgotten Altar","player_choice":"Shed Blood","floor":20.0,"gold_loss":0.0,"damage_taken":20.0},{"damage_healed":0.0,"max_hp_gain":0.0,"max_hp_loss":0.0,"gold_gain":0.0,"event_name":"Masked Bandits","player_choice":"Fought Bandits","floor":22.0,"gold_loss":0.0,"damage_taken":0.0},{"damage_healed":0,"gold_gain":0,"player_choice":"Opened","damage_taken":0,"relics_obtained":["Tiny Chest"],"max_hp_gain":0,"max_hp_loss":0,"event_name":"The Mausoleum","floor":29,"gold_loss":0},{"damage_healed":0,"gold_gain":0,"player_choice":"Memory 1","damage_taken":0,"max_hp_gain":0,"max_hp_loss":0,"event_name":"SensoryStone","floor":39,"gold_loss":0},{"damage_healed":0,"gold_gain":0,"player_choice":"Ignored","damage_taken":0,"max_hp_gain":0,"max_hp_loss":0,"event_name":"Mysterious Sphere","floor":45,"gold_loss":0}],"is_beta":false,"boss_relics":[{"not_picked":["Velvet Choker","Fusion Hammer"],"picked":"Cursed Key"},{"not_picked":["FrozenCore","Runic Dome"],"picked":"Coffee Dripper"}],"items_purged_floors":[4,19,41],"is_endless":false,"potions_floor_spawned":[1,5,13,14,22,30,31,36,37],"ascension_level":0}