{"gold_per_floor":[11,86,12,32,32,32,360,378,402,402,226,226,267,267,267,356,356,356,356,69,69,0,0,0,0,0,0,0,0,0,0,0,0,0,0,0,0,0,0,0,0,0,0,0,0,0,0,0,0,0,0],"floor_reached":52,"playtime":2403,"items_purged":["Strike_B"],"score":2287,"play_id":"31855c0c-7f7c-4d9b-b83c-050b42210f6a","local_time":"20181012174525","is_ascension_mode":true,"campfire_choices":[{"data":"Zap","floor":6.0,"key":"SMITH"},{"data":"Buffer","floor":10.0,"key":"SMITH"},{"data":"Defragment","floor":15.0,"key":"SMITH"},{"data":"Defragment","floor":24.0,"key":"SMITH"},{"data":"Blizzard","floor":27.0,"key":"SMITH"},{"data":"Dualcast","floor":29.0,"key":"SMITH"},{"data":"Go for the Eyes","floor":32,"key":"SMITH"},{"data":"Loop","floor":40,"key":"SMITH"},{"data":"Capacitor","floor":45,"key":"SMITH"},{"data":"Coolheaded","floor":49,"key":"SMITH"}],"neow_cost":"NO_GOLD","seed_source_timestamp":149104029486694,"circlet_count":0,"master_deck":["Defend_B","Defend_B","Defend_B","Zap+1","Dualcast+1","AscendersBane","Buffer+1","Glacier","Self Repair","Ball Lightning","Defragment+1","Reboot","Blizzard+1","Reinforced Body","Glacier","Defragment+1","BootSequence","Hologram+1","Coolheaded+1","Skim","Go for the Eyes+1","Amplify","Capacitor+1","Loop+1","Barrage+1","Chill+1"],"special_seed":0,"relics":["Cracked Core","Pen Nib","Old Coin","Oddly Smooth Stone","Golden Idol","Art of War","Prayer Wheel","Ectoplasm","DataDisk","Nunchaku","MawBank","Runic Dome","Du-Vu Doll","Regal Pillow","NlothsMask","Gambling Chip"],"potions_floor_usage":[33],"damage_taken":[{"damage":0.0,"enemies":"Small Slimes","floor":1.0,"turns":2.0},{"damage":6.0,"enemies":"2 Louse","floor":4.0,"turns":2.0},{"damage":25.0,"enemies":"Lagavulin","floor":7.0,"turns":6.0},{"damage":0.0,"enemies":"Jaw Worm","floor":8.0,"turns":3.0},{"damage":0.0,"enemies":"Gremlin Nob","floor":13.0,"turns":4.0},{"damage":0.0,"enemies":"Slime Boss","floor":16.0,"turns":9.0},{"damage":4.0,"enemies":"Chosen","floor":18.0,"turns":4.0},{"damage":10.0,"enemies":"2 Thieves","floor":22.0,"turns":4.0},{"damage":19.0,"enemies":"Book of Stabbing","floor":23.0,"turns":7.0},{"damage":0.0,"enemies":"Sentry and Sphere","floor":25.0,"turns":9.0},{"damage":0.0,"enemies":"Snake Plant","floor":28.0,"turns":4.0},{"damage":3,"enemies":"Chosen and Byrds","floor":31,"turns":10},{"damage":0,"enemies":"Champ","floor":33,"turns":17},{"damage":0,"enemies":"Orb Walker","floor":35,"turns":6},{"damage":0,"enemies":"3 Shapes","floor":38,"turns":4},{"damage":20,"enemies":"Spire Growth","floor":39,"turns":7},{"damage":9,"enemies":"3 Darklings","floor":41,"turns":6},{"damage":9,"enemies":"Mysterious Sphere","floor":42,"turns":7},{"damage":0,"enemies":"Giant Head","floor":46,"turns":8},{"damage":0,"enemies":"4 Shapes","floor":47,"turns":6},{"damage":7,"enemies":"Donu and Deca","floor":50,"turns":12},{"damage":0,"enemies":"Time Eater","floor":51,"turns":14}],"seed_played":"163593048481933100","potions_obtained":[{"floor":4.0,"key":"SpeedPotion"},{"floor":16.0,"key":"PowerPotion"},{"floor":35,"key":"Energy Potion"}],"is_trial":false,"path_per_floor":["M","?","?","M","$","R","E","M","T","R","$","?","E","T","R","B",null,"M","?","$","?","M","E","R","M","T","R","M","R","?","M","R","B",null,"M","?","?","M","M","R","M","?","T","?","R","E","M","?","R","B","B"],"character_chosen":"DEFECT","items_purchased":["Self Repair","Ball Lightning","Glacier","Defragment","DataDisk"],"campfire_rested":0,"item_purchase_floors":[11,11,20,20,20],"current_hp_per_floor":[64,53,53,47,47,47,22,22,22,22,22,22,22,22,22,29,55,58,58,58,58,55,43,43,50,50,50,57,57,57,61,61,64,64,64,64,64,64,51,51,56,54,54,54,54,64,64,64,64,64,64],"gold":0,"neow_bonus":"REMOVE_TWO","is_prod":false,"is_daily":false,"chose_seed":false,"campfire_upgraded":10,"win_rate":0,"timestamp":1539337525,"path_taken":["M","?","?","M","?","R","E","M","T","R","$","?","E","?","R","BOSS","M","?","$","?","?","E","R","M","T","R","M","R","?","M","R","BOSS","M","?","?","M","M","R","M","?","T","?","R","E","?","?","R","BOSS","BOSS"],"build_version":"2018-10-11","purchased_purges":1,"victory":true,"max_hp_per_floor":[71,71,71,71,71,71,71,71,71,71,71,64,64,64,64,64,64,64,64,64,64,64,64,64,64,64,64,64,64,64,64,64,64,64,64,64,64,64,64,64,64,64,64,64,64,64,64,64,64,64,64],"card_choices":[{"not_picked":["Compile Driver","Chaos"],"picked":"Ball Lightning","floor":1.0},{"not_picked":["Turbo","Rip and Tear","Redo"],"picked":"SKIP","floor":4.0},{"not_picked":["Genetic Algorithm","Compile Driver"],"picked":"Buffer","floor":7.0},{"not_picked":["Hologram","Stack"],"picked":"Glacier","floor":8.0},{"not_picked":["Redo","Steam"],"picked":"Defragment","floor":13.0},{"not_picked":["All For One","Rainbow"],"picked":"Reboot","floor":16.0},{"not_picked":["Fusion","Gash"],"picked":"Blizzard","floor":18.0},{"not_picked":["Conserve Battery","Redo"],"picked":"Reinforced Body","floor":18.0},{"not_picked":["Redo","Reinforced Body"],"picked":"Hologram+1","floor":22.0},{"not_picked":["Undo","Redo"],"picked":"Coolheaded","floor":22.0},{"not_picked":["FTL","Consume","Gash"],"picked":"SKIP","floor":23.0},{"not_picked":["Beam Cell","Barrage","Tempest"],"picked":"SKIP","floor":25.0},{"not_picked":["Chaos","Sweeping Beam","Hologram"],"picked":"SKIP","floor":25.0},{"not_picked":["Darkness","Beam Cell+1"],"picked":"Skim","floor":28.0},{"not_picked":["Compile Driver","Aggregate","Go for the Eyes"],"picked":"SKIP","floor":28.0},{"not_picked":["Compile Driver","Turbo"],"picked":"Go for the Eyes","floor":31},{"not_picked":["Electrodynamics","Consume","Barrage"],"picked":"SKIP","floor":31},{"not_picked":["Multi-Cast","Electrodynamics"],"picked":"Amplify","floor":33},{"not_picked":["Steam","Coolheaded","Rip and Tear"],"picked":"SKIP","floor":35},{"not_picked":["Barrage+1","Stack+1","Leap"],"picked":"SKIP","floor":35},{"not_picked":["Go for the Eyes","Barrage"],"picked":"Capacitor","floor":38},{"not_picked":["Stack","Turbo"],"picked":"Loop","floor":38},{"not_picked":["Melter","Chill"],"picked":"Barrage+1","floor":39},{"not_picked":["Beam Cell","Scrape+1","Barrage"],"picked":"SKIP","floor":39},{"not_picked":["Genetic Algorithm+1","Compile Driver"],"picked":"Chill+1","floor":41},{"not_picked":["Skim+1","Recycle+1","Cold Snap+1"],"picked":"SKIP","floor":41},{"not_picked":["Beam Cell+1","Darkness","Core Surge"],"picked":"SKIP","floor":46},{"not_picked":["BootSequence","Go for the Eyes+1","Compile Driver+1"],"picked":"SKIP","floor":47},{"not_picked":["Turbo","Recycle","Gash+1"],"picked":"SKIP","floor":47}],"player_experience":315166,"relics_obtained":[{"floor":7.0,"key":"Old Coin"},{"floor":9.0,"key":"Oddly Smooth Stone"},{"floor":13.0,"key":"Art of War"},{"floor":14.0,"key":"Prayer Wheel"},{"floor":23.0,"key":"Nunchaku"},{"floor":26.0,"key":"MawBank"},{"floor":42,"key":"Du-Vu Doll"},{"floor":43,"key":"Regal Pillow"},{"floor":46,"key":"Gambling Chip"}],"event_choices":[{"event_name":"World of Goop","player_choice":"Gather Gold","floor":2.0,"damage_taken":0.0},{"event_name":"WeMeetAgain","player_choice":"Gold","floor":3.0,"damage_taken":0.0},{"event_name":"Golden Idol","player_choice":"Lose Max HP","floor":12.0,"damage_taken":0.0},{"event_name":"Back to Basics","player_choice":"Elegance","floor":19.0,"damage_taken":0.0},{"event_name":"Transmorgrifier","player_choice":"Transform","floor":21.0,"damage_taken":0.0},{"event_name":"Golden Shrine","player_choice":"Pray","floor":30,"damage_taken":0},{"event_name":"Falling","player_choice":"Removed Attack","floor":36,"damage_taken":0},{"event_name":"SensoryStone","player_choice":"Memory 1","floor":37,"damage_taken":0},{"event_name":"Mysterious Sphere","player_choice":"Fight","floor":42,"damage_taken":0},{"event_name":"FaceTrader","player_choice":"Trade","floor":44,"damage_taken":0},{"event_name":"The Moai Head","player_choice":"Ignored","floor":48,"damage_taken":0}],"is_beta":false,"boss_relics":[{"not_picked":["Tiny House","FrozenCore"],"picked":"Ectoplasm"},{"not_picked":["Orrery","Eternal Feather"],"picked":"Runic Dome"}],"items_purged_floors":[11],"is_endless":false,"potions_floor_spawned":[4,16,22,28,31,35,38,39,46],"ascension_level":20}