{"gold_per_floor":[111,186,201,220,66,66,97,114,114,114,144,110,110,10,10,10],"floor_reached":16,"playtime":433,"items_purged":["Defend_R","Strike_R"],"score":233,"play_id":"3533c0cf-bb96-4346-bed8-de1cfa4affe7","local_time":"20181216214456","is_ascension_mode":true,"campfire_choices":[{"data":"Shrug It Off","floor":6.0,"key":"SMITH"},{"data":"Shrug It Off","floor":10.0,"key":"SMITH"},{"data":"Bash","floor":15,"key":"SMITH"}],"neow_cost":"NONE","seed_source_timestamp":36655068500363,"circlet_count":0,"master_deck":["AscendersBane","Strike_R+1","Defend_R+1","Defend_R","Defend_R","Bash+1","Blood for Blood+1","Hemokinesis+1","Blood for Blood+1","Shrug It Off+1","Power Through","Shrug It Off+1","Clash","Dual Wield","Second Wind"],"special_seed":0,"relics":["Astrolabe","Art of War","Paper Frog","Mercury Hourglass"],"potions_floor_usage":[11],"damage_taken":[{"damage":4.0,"enemies":"Small Slimes","floor":1.0,"turns":4.0},{"damage":2.0,"enemies":"2 Louse","floor":3.0,"turns":2.0},{"damage":7.0,"enemies":"Jaw Worm","floor":4.0,"turns":3.0},{"damage":6.0,"enemies":"3 Sentries","floor":7.0,"turns":5.0},{"damage":11.0,"enemies":"3 Louse","floor":8.0,"turns":3.0},{"damage":2,"enemies":"Gremlin Nob","floor":11,"turns":2},{"damage":38,"enemies":"Slime Boss","floor":16,"turns":3}],"seed_played":"8663099869809078307","potions_obtained":[{"floor":3.0,"key":"SkillPotion"},{"floor":7.0,"key":"PowerPotion"},{"floor":8.0,"key":"LiquidBronze"}],"is_trial":false,"path_per_floor":["M","?","M","M","$","R","E","M","T","R","E","$","?","$","R","B"],"character_chosen":"IRONCLAD","items_purchased":["Power Through","Second Wind"],"campfire_rested":0,"item_purchase_floors":[5,12],"current_hp_per_floor":[64,53,51,44,44,44,38,27,27,27,25,25,2,2,2,0],"gold":10,"neow_bonus":"BOSS_RELIC","is_prod":false,"is_daily":false,"chose_seed":false,"campfire_upgraded":3,"win_rate":0,"timestamp":1544967896,"path_taken":["M","?","M","M","$","R","E","M","T","R","E","$","?","$","R","BOSS"],"build_version":"2018-12-13","purchased_purges":2,"victory":false,"max_hp_per_floor":[75,75,75,75,75,75,75,75,75,75,75,75,75,75,75,75],"card_choices":[{"not_picked":["Burning Pact","Body Slam"],"picked":"Shrug It Off","floor":1.0},{"not_picked":["Body Slam","Sentinel","Feel No Pain"],"picked":"SKIP","floor":3.0},{"not_picked":["Sword Boomerang","Twin Strike","Feel No Pain"],"picked":"SKIP","floor":4.0},{"not_picked":["Seeing Red","Bloodletting"],"picked":"Shrug It Off","floor":7.0},{"not_picked":["Warcry","Clash","Headbutt"],"picked":"SKIP","floor":8.0},{"not_picked":["Warcry","Headbutt"],"picked":"Clash","floor":8.0},{"not_picked":["Metallicize","Corruption"],"picked":"Dual Wield","floor":11}],"player_experience":1294990,"relics_obtained":[{"floor":7.0,"key":"Art of War"},{"floor":9.0,"key":"Paper Frog"},{"floor":11,"key":"Mercury Hourglass"}],"event_choices":[{"damage_healed":0.0,"max_hp_gain":0.0,"max_hp_loss":0.0,"gold_gain":75.0,"event_name":"World of Goop","player_choice":"Gather Gold","floor":2.0,"gold_loss":0.0,"damage_taken":11.0},{"damage_healed":0,"gold_gain":0,"player_choice":"Entered Light","damage_taken":23,"max_hp_gain":0,"max_hp_loss":0,"event_name":"Shining Light","floor":13,"gold_loss":0,"cards_upgraded":["Defend_R","Strike_R"]}],"is_beta":false,"boss_relics":[],"items_purged_floors":[5,14],"is_endless":false,"potions_floor_spawned":[3,7,8],"killed_by":"Slime Boss","ascension_level":15}