{"gold_per_floor":[117,137,156,175,175,175,175,213,213,70,245,67,67,92,92,188,188,207,207,227,227,102,102,121,121,121,141,166,181,202,32,32,127,127,152,167,167,167,183,183,197,197,197,213,238,238,258,282,282,282],"floor_reached":51,"playtime":2468,"items_purged":["Defend_B","Doubt","Defend_B"],"score":1131,"play_id":"816bad5e-8a2a-499f-9ba0-dc61f75b0197","local_time":"20181012201613","is_ascension_mode":true,"campfire_choices":[{"floor":6,"key":"REST"},{"data":"Hyperbeam","floor":13,"key":"SMITH"},{"data":"Defragment","floor":15,"key":"SMITH"},{"floor":23,"key":"REST"},{"floor":25,"key":"REST"},{"data":"Defragment","floor":32,"key":"SMITH"},{"data":"Creative AI","floor":40,"key":"SMITH"},{"floor":46,"key":"REST"},{"data":"Echo Form","floor":49,"key":"SMITH"}],"neow_cost":"TEN_PERCENT_HP_LOSS","seed_source_timestamp":458522536392,"circlet_count":0,"master_deck":["Dualcast","AscendersBane","Streamline","Conserve Battery","Go for the Eyes","Skim","Hyperbeam+1","Defragment+1","Gash","Creative AI+1","Double Energy+1","Capacitor+1","Multi-Cast+1","Conserve Battery","Chill","Chill","Cold Snap","Conserve Battery+1","Leap+1","Defragment+1","Purity+1","Creative AI+1","Skim+1","Steam Power+1","Cold Snap","Doubt","Leap+1","Force Field+1","Echo Form+1","Hologram+1"],"relics":["Cracked Core","Golden Idol","FossilizedHelix","Bottled Flame","Astrolabe","Toxic Egg 2","Cursed Key"],"potions_floor_usage":[8,18,29,45,50],"damage_taken":[{"damage":5,"enemies":"2 Louse","floor":1,"turns":3},{"damage":0,"enemies":"Small Slimes","floor":2,"turns":3},{"damage":1,"enemies":"Cultist","floor":3,"turns":3},{"damage":20,"enemies":"Exordium Thugs","floor":4,"turns":5},{"damage":15,"enemies":"Gremlin Nob","floor":8,"turns":4},{"damage":0,"enemies":"2 Fungi Beasts","floor":14,"turns":1},{"damage":0,"enemies":"Slime Boss","floor":16,"turns":5},{"damage":19,"enemies":"2 Thieves","floor":18,"turns":3},{"damage":5,"enemies":"Chosen","floor":20,"turns":4},{"damage":24,"enemies":"Shelled Parasite and Fungi","floor":24,"turns":8},{"damage":0,"enemies":"Centurion and Healer","floor":27,"turns":6},{"damage":24,"enemies":"Sentry and Sphere","floor":28,"turns":5},{"damage":0,"enemies":"Snake Plant","floor":29,"turns":7},{"damage":0,"enemies":"Centurion and Healer","floor":30,"turns":5},{"damage":30,"enemies":"Champ","floor":33,"turns":16},{"damage":0,"enemies":"Orb Walker","floor":35,"turns":6},{"damage":1,"enemies":"3 Darklings","floor":36,"turns":11},{"damage":0,"enemies":"4 Shapes","floor":39,"turns":1},{"damage":0,"enemies":"Sphere and 2 Shapes","floor":41,"turns":8},{"damage":3,"enemies":"Spire Growth","floor":44,"turns":7},{"damage":9,"enemies":"Reptomancer","floor":45,"turns":8},{"damage":3,"enemies":"4 Shapes","floor":47,"turns":10},{"damage":1,"enemies":"Sphere and 2 Shapes","floor":48,"turns":5},{"damage":45,"enemies":"Time Eater","floor":50,"turns":19}],"seed_played":"2057678359946059339","potions_obtained":[{"floor":1,"key":"Swift Potion"},{"floor":3,"key":"FocusPotion"},{"floor":24,"key":"Weak Potion"},{"floor":28,"key":"SkillPotion"},{"floor":30,"key":"Strength Potion"},{"floor":45,"key":"EssenceOfSteel"}],"is_trial":false,"path_per_floor":["M","M","M","M","?","R","?","E","T","$","?","$","R","M","R","B",null,"M","?","M","?","$","R","M","R","T","M","M","M","M","$","R","B",null,"M","M","?","?","M","R","M","?","T","M","M","R","M","M","R","B"],"character_chosen":"DEFECT","items_purchased":["Defragment","Regen Potion","Defragment","Purity+1"],"campfire_rested":4,"item_purchase_floors":[10,12,31,31],"current_hp_per_floor":[63,63,62,42,25,45,45,30,30,30,30,30,30,30,30,30,59,49,49,44,44,44,64,40,60,60,60,36,36,36,36,36,6,53,53,52,52,52,52,52,52,68,68,65,56,68,65,64,64,19],"gold":282,"neow_bonus":"REMOVE_TWO","is_prod":false,"is_daily":false,"chose_seed":false,"campfire_upgraded":5,"win_rate":0,"timestamp":1539346573,"path_taken":["M","M","M","M","?","R","?","E","T","$","?","$","R","M","R","BOSS","M","?","?","?","$","R","M","R","T","M","M","M","?","$","R","BOSS","M","M","?","?","?","R","M","?","T","M","M","R","M","M","R","BOSS"],"build_version":"2018-10-11","purchased_purges":3,"victory":true,"max_hp_per_floor":[68,68,68,68,68,68,68,68,68,68,68,68,68,68,68,68,68,68,68,68,68,68,68,68,68,68,68,68,68,68,68,68,68,68,68,68,68,68,68,68,68,68,68,68,68,68,68,68,68,68],"card_choices":[{"not_picked":["Chaos","Steam"],"picked":"Streamline","floor":1},{"not_picked":["Double Energy","Go for the Eyes"],"picked":"Conserve Battery","floor":2},{"not_picked":["Compile Driver","Chaos"],"picked":"Go for the Eyes","floor":3},{"not_picked":["FTL","Sweeping Beam"],"picked":"Skim","floor":4},{"not_picked":["Fission","Redo"],"picked":"Hyperbeam","floor":8},{"not_picked":["Compile Driver","Turbo"],"picked":"Gash","floor":14},{"not_picked":["Hyperbeam","Electrodynamics"],"picked":"Creative AI","floor":16},{"not_picked":["Blizzard","Leap"],"picked":"Conserve Battery","floor":18},{"not_picked":["Sweeping Beam","Barrage"],"picked":"Chill","floor":20},{"not_picked":["Steam","Reprogram"],"picked":"Chill","floor":24},{"not_picked":["Skim+1","Stack+1"],"picked":"Cold Snap","floor":27},{"not_picked":["Rip and Tear","FTL","Sweeping Beam"],"picked":"SKIP","floor":28},{"not_picked":["Rip and Tear","Thunder Strike"],"picked":"Conserve Battery+1","floor":29},{"not_picked":["Lockon+1","Storm"],"picked":"Leap+1","floor":30},{"not_picked":["All For One","Machine Learning"],"picked":"Creative AI","floor":33},{"not_picked":["Go for the Eyes","Gash"],"picked":"Skim+1","floor":35},{"not_picked":["Doom and Gloom","Stack+1","Steam+1"],"picked":"SKIP","floor":36},{"not_picked":["Gash","Lockon"],"picked":"Cold Snap","floor":39},{"not_picked":["Barrage","Steam+1","Doom and Gloom"],"picked":"SKIP","floor":41},{"not_picked":["Redo+1","Steam+1"],"picked":"Leap+1","floor":44},{"not_picked":["Steam+1","Redo+1"],"picked":"Force Field+1","floor":45},{"not_picked":["Reinforced Body+1","Hologram+1"],"picked":"Echo Form","floor":47},{"not_picked":["Gash","Chaos+1"],"picked":"Hologram+1","floor":48}],"player_experience":125594,"relics_obtained":[{"floor":8,"key":"FossilizedHelix"},{"floor":9,"key":"Bottled Flame"},{"floor":26,"key":"Toxic Egg 2"}],"event_choices":[{"event_name":"Golden Idol","player_choice":"Take Damage","floor":5,"damage_taken":0},{"event_name":"Wheel of Change","player_choice":"Card Removal","floor":7,"damage_taken":0},{"event_name":"Liars Game","player_choice":"agreed","floor":11,"damage_taken":0},{"event_name":"Upgrade Shrine","player_choice":"Upgraded","floor":19,"damage_taken":0},{"event_name":"Vampires","player_choice":"Ignored","floor":21,"damage_taken":0},{"event_name":"FaceTrader","player_choice":"Leave","floor":37,"damage_taken":0},{"event_name":"Transmorgrifier","player_choice":"Transform","floor":38,"damage_taken":0},{"event_name":"MindBloom","player_choice":"Heal","floor":42,"damage_taken":0}],"is_beta":false,"boss_relics":[{"not_picked":["Calling Bell","Tiny House"],"picked":"Astrolabe"},{"not_picked":["Inserter","Busted Crown"],"picked":"Cursed Key"}],"items_purged_floors":[10,12,22],"is_endless":false,"potions_floor_spawned":[1,3,24,28,30,36,39,41,45],"ascension_level":13}