{"gold_per_floor":[119,119,136,153,166,192,192,49,123,123,123,134,149,181,181,279,279,299,325,344,269,269],"floor_reached":22,"playtime":651,"items_purged":["Strike_B"],"score":320,"play_id":"fac16545-c685-4b05-b11c-7c0e98d256f8","local_time":"20181008001434","is_ascension_mode":true,"campfire_choices":[{"data":"Darkness","floor":7,"key":"SMITH"},{"data":"Zap","floor":10,"key":"SMITH"},{"data":"Defragment","floor":11,"key":"SMITH"},{"data":"Fission","floor":15,"key":"SMITH"}],"neow_cost":"NONE","seed_source_timestamp":469369627655510,"circlet_count":0,"master_deck":["Defend_B","Defend_B","Defend_B","Defend_B","Zap+1","Dualcast","Darkness+1","Leap","Undo","Darkness","Defragment+1","Fission+1","Multi-Cast","Undo"],"relics":["Cracked Core","NeowsBlessing","WingedGreaves","Bottled Tornado","Bag of Preparation","Empty Cage","Red Mask"],"potions_floor_usage":[6,6,16,16,22],"damage_taken":[{"damage":0,"enemies":"2 Louse","floor":1,"turns":1},{"damage":0,"enemies":"Cultist","floor":3,"turns":1},{"damage":0,"enemies":"Jaw Worm","floor":4,"turns":1},{"damage":6,"enemies":"Blue Slaver","floor":5,"turns":4},{"damage":33,"enemies":"Gremlin Nob","floor":6,"turns":5},{"damage":12,"enemies":"Lots of Slimes","floor":12,"turns":5},{"damage":7,"enemies":"Large Slime","floor":13,"turns":3},{"damage":10,"enemies":"Lagavulin","floor":14,"turns":6},{"damage":0,"enemies":"Hexaghost","floor":16,"turns":6},{"damage":7,"enemies":"2 Thieves","floor":18,"turns":3},{"damage":37,"enemies":"Masked Bandits","floor":19,"turns":5},{"damage":0,"enemies":"Spheric Guardian","floor":20,"turns":3},{"damage":19,"enemies":"Centurion and Healer","floor":22,"turns":5}],"seed_played":"-2653272508345098484","potions_obtained":[{"floor":4,"key":"Block Potion"},{"floor":5,"key":"GamblersBrew"},{"floor":12,"key":"LiquidBronze"},{"floor":14,"key":"FocusPotion"},{"floor":18,"key":"SpeedPotion"}],"is_trial":false,"path_per_floor":["M","?","M","M","M","E","R","$","T","R","R","M","M","E","R","B",null,"M","?","M","?"],"character_chosen":"DEFECT","items_purchased":["Defragment"],"campfire_rested":0,"item_purchase_floors":[8],"current_hp_per_floor":[68,73,73,73,67,34,34,34,34,34,34,22,15,5,5,5,61,54,17,17,17,0],"gold":269,"neow_bonus":"THREE_ENEMY_KILL","is_prod":false,"is_daily":false,"chose_seed":false,"campfire_upgraded":4,"win_rate":0,"timestamp":1538928874,"path_taken":["M","?","M","?","?","E","R","$","T","R","R","M","M","E","R","BOSS","M","?","?","?","?"],"build_version":"2018-10-04v2","purchased_purges":1,"victory":false,"max_hp_per_floor":[75,80,80,80,80,80,80,80,80,80,80,80,80,80,80,80,80,80,80,80,80,80],"card_choices":[{"not_picked":["Beam Cell","Steam"],"picked":"Darkness","floor":1},{"not_picked":["Go for the Eyes","Beam Cell","Ball Lightning"],"picked":"SKIP","floor":3},{"not_picked":["Stack","Tempest"],"picked":"Leap","floor":4},{"not_picked":["Barrage","Redo"],"picked":"Undo","floor":5},{"not_picked":["Tempest","Steam"],"picked":"Darkness","floor":6},{"not_picked":["Cold Snap","Go for the Eyes","Steam"],"picked":"SKIP","floor":12},{"not_picked":["Gash","Go for the Eyes","Leap"],"picked":"SKIP","floor":13},{"not_picked":["Redo","Coolheaded"],"picked":"Fission","floor":14},{"not_picked":["Reboot","All For One"],"picked":"Multi-Cast","floor":16},{"not_picked":["Beam Cell","Glacier"],"picked":"Undo","floor":18},{"not_picked":["Conserve Battery","Consume","Ball Lightning"],"picked":"SKIP","floor":20}],"player_experience":227248,"relics_obtained":[{"floor":6,"key":"WingedGreaves"},{"floor":9,"key":"Bottled Tornado"},{"floor":14,"key":"Bag of Preparation"},{"floor":19,"key":"Red Mask"}],"event_choices":[{"event_name":"Big Fish","player_choice":"Donut","floor":2,"damage_taken":0},{"event_name":"Masked Bandits","player_choice":"Fought Bandits","floor":19,"damage_taken":0},{"event_name":"Beggar","player_choice":"Gave Gold","floor":21,"damage_taken":0}],"is_beta":false,"boss_relics":[{"not_picked":["Inserter","Ectoplasm"],"picked":"Empty Cage"}],"items_purged_floors":[8],"is_endless":false,"potions_floor_spawned":[4,5,12,14,18],"killed_by":"Centurion and Healer","ascension_level":6}