{"gold_per_floor":[112,131,151,163,177,177,196,196,219,249,174,174,186,196,196,272,272,283,208,208],"floor_reached":20,"playtime":857,"items_purged":["Strike_B"],"score":406,"play_id":"0f468460-36d1-41f1-b35d-3f40d7f56d6d","local_time":"20190223172741","is_ascension_mode":true,"campfire_choices":[{"data":"Coolheaded","floor":8.0,"key":"SMITH"},{"data":"Recycle","floor":12.0,"key":"SMITH"},{"data":"Turbo","floor":15.0,"key":"SMITH"}],"neow_cost":"NONE","seed_source_timestamp":508881020439919,"circlet_count":0,"master_deck":["AscendersBane","Strike_B","Strike_B","Defend_B","Defend_B","Defend_B","Defend_B","Zap","Dualcast","Turbo+1","Coolheaded+1","Recycle+1","Core Surge","Skim","Hologram","Electrodynamics","Blizzard","Heatsinks","Fission","Compile Driver"],"special_seed":0,"relics":["Cracked Core","NeowsBlessing","Mango","Cursed Key"],"potions_floor_usage":[16,18,20],"damage_taken":[{"damage":0.0,"enemies":"Cultist","floor":1.0,"turns":1.0},{"damage":0.0,"enemies":"Small Slimes","floor":2.0,"turns":1.0},{"damage":0.0,"enemies":"2 Louse","floor":3.0,"turns":1.0},{"damage":13.0,"enemies":"Looter","floor":4.0,"turns":4.0},{"damage":27.0,"enemies":"Exordium Wildlife","floor":5.0,"turns":6.0},{"damage":2.0,"enemies":"Red Slaver","floor":7.0,"turns":4.0},{"damage":13.0,"enemies":"3 Sentries","floor":10.0,"turns":12.0},{"damage":5.0,"enemies":"Exordium Thugs","floor":13.0,"turns":2.0},{"damage":6.0,"enemies":"Looter","floor":14.0,"turns":3.0},{"damage":23,"enemies":"The Guardian","floor":16,"turns":13},{"damage":29,"enemies":"Chosen","floor":18,"turns":7},{"damage":34,"enemies":"Shell Parasite","floor":20,"turns":5}],"seed_played":"2765615039003920672","potions_obtained":[{"floor":2.0,"key":"Weak Potion"},{"floor":5.0,"key":"PowerPotion"},{"floor":13.0,"key":"SpeedPotion"},{"floor":14.0,"key":"Regen Potion"},{"floor":16,"key":"Weak Potion"}],"is_trial":false,"path_per_floor":["M","M","M","M","M","?","M","R","T","E","$","R","M","M","R","B",null,"M","?","M"],"character_chosen":"DEFECT","items_purchased":[],"campfire_rested":0,"item_purchase_floors":[],"current_hp_per_floor":[64,64,64,51,24,47,45,45,45,46,46,46,41,35,35,12,67,38,38,13],"gold":208,"neow_bonus":"THREE_ENEMY_KILL","is_prod":false,"is_daily":false,"chose_seed":false,"campfire_upgraded":3,"win_rate":0,"timestamp":1550914061,"path_taken":["M","M","?","M","M","?","M","R","T","E","$","R","M","M","R","BOSS","M","?","M"],"build_version":"2019-01-23","purchased_purges":1,"victory":false,"max_hp_per_floor":[71,71,71,71,71,71,71,71,71,85,85,85,85,85,85,85,85,85,85,85],"card_choices":[{"not_picked":["Coolheaded","Ball Lightning"],"picked":"Turbo","floor":1.0},{"not_picked":["Hologram","Fusion"],"picked":"Coolheaded","floor":2.0},{"not_picked":["Hologram","Turbo"],"picked":"Recycle","floor":3.0},{"not_picked":["Redo","Sweeping Beam"],"picked":"Core Surge","floor":4.0},{"not_picked":["Streamline","Ball Lightning"],"picked":"Skim","floor":5.0},{"not_picked":["Steam","Barrage"],"picked":"Hologram","floor":7.0},{"not_picked":["Barrage","Conserve Battery"],"picked":"Electrodynamics","floor":10.0},{"not_picked":["Double Energy","BootSequence"],"picked":"Blizzard","floor":13.0},{"not_picked":["Conserve Battery","Redo"],"picked":"Heatsinks","floor":14.0},{"not_picked":["Thunder Strike","Amplify"],"picked":"Fission","floor":16},{"not_picked":["Steam Power","Storm"],"picked":"Compile Driver","floor":18}],"player_experience":939933,"relics_obtained":[{"floor":10.0,"key":"Mango"}],"event_choices":[{"damage_healed":23.0,"max_hp_gain":0.0,"max_hp_loss":0.0,"gold_gain":0.0,"event_name":"Big Fish","player_choice":"Banana","floor":6.0,"gold_loss":0.0,"damage_taken":0.0},{"cards_removed":["Strike_B"],"damage_healed":0,"gold_gain":0,"player_choice":"Gave Gold","damage_taken":0,"max_hp_gain":0,"max_hp_loss":0,"event_name":"Beggar","floor":19,"gold_loss":75}],"is_beta":false,"boss_relics":[{"not_picked":["Runic Dome","Eternal Feather"],"picked":"Cursed Key"}],"items_purged_floors":[11],"is_endless":false,"potions_floor_spawned":[2,5,13,14,16],"killed_by":"Shell Parasite","ascension_level":20}