{"gold_per_floor":[119,119,133,54,54,79,79,89,89,89,89,99,19,33,33,135,135,150,162,262,262,276,276,293,293,293,303,303,314,333,351,351,454,454,466,466,466,322,342,342,354,354,354,373,373,373,393,410,410,410],"floor_reached":51,"playtime":1140,"items_purged":["Strike_B"],"score":678,"play_id":"930b9826-0c03-4eab-af87-9f8139aa1305","local_time":"20190616085516","is_ascension_mode":false,"campfire_choices":[{"data":"Storm","floor":7.0,"key":"SMITH"},{"data":"Storm","floor":10.0,"key":"SMITH"},{"data":"Storm","floor":15.0,"key":"SMITH"},{"data":"Fission","floor":23.0,"key":"SMITH"},{"data":"Biased Cognition","floor":25.0,"key":"SMITH"},{"floor":28.0,"key":"REST"},{"data":"Biased Cognition","floor":32.0,"key":"SMITH"},{"data":"Defragment","floor":40.0,"key":"SMITH"},{"data":"Static Discharge","floor":42.0,"key":"SMITH"},{"data":"Static Discharge","floor":45,"key":"SMITH"},{"data":"Heatsinks","floor":49,"key":"SMITH"}],"neow_cost":"TEN_PERCENT_HP_LOSS","seed_source_timestamp":3827972155223,"circlet_count":0,"master_deck":["Defend_B","Defend_B","Defend_B","Defend_B","Zap","Dualcast","Storm+1","Fission+1","Ball Lightning","Heatsinks+1","Storm+1","Static Discharge+1","Undo","Capacitor","Storm+1","Biased Cognition+1","Biased Cognition+1","Defragment+1","Electrodynamics","White Noise","Static Discharge+1","Storm+1"],"special_seed":0,"relics":["Cracked Core","Gambling Chip","Singing Bowl","DataDisk","Girya","Cursed Key","Ginger","Letter Opener","Runic Dome"],"potions_floor_usage":[44,50,50],"damage_taken":[{"damage":1.0,"enemies":"Cultist","floor":1.0,"turns":3.0},{"damage":1.0,"enemies":"Jaw Worm","floor":3.0,"turns":4.0},{"damage":26.0,"enemies":"3 Sentries","floor":6.0,"turns":6.0},{"damage":2.0,"enemies":"2 Louse","floor":8.0,"turns":2.0},{"damage":9.0,"enemies":"Blue Slaver","floor":12.0,"turns":4.0},{"damage":0.0,"enemies":"3 Louse","floor":14.0,"turns":3.0},{"damage":5.0,"enemies":"The Guardian","floor":16.0,"turns":8.0},{"damage":0.0,"enemies":"Shell Parasite","floor":18.0,"turns":4.0},{"damage":7.0,"enemies":"3 Byrds","floor":19.0,"turns":2.0},{"damage":7.0,"enemies":"Colosseum Slavers","floor":20.0,"turns":3.0},{"damage":8.0,"enemies":"Colosseum Nobs","floor":20.0,"turns":3.0},{"damage":10.0,"enemies":"Shelled Parasite and Fungi","floor":22.0,"turns":3.0},{"damage":13.0,"enemies":"Centurion and Healer","floor":24.0,"turns":3.0},{"damage":0.0,"enemies":"Sentry and Sphere","floor":27.0,"turns":2.0},{"damage":0.0,"enemies":"3 Cultists","floor":29.0,"turns":2.0},{"damage":0.0,"enemies":"Snecko","floor":30.0,"turns":2.0},{"damage":3.0,"enemies":"Centurion and Healer","floor":31.0,"turns":2.0},{"damage":18.0,"enemies":"Champ","floor":33.0,"turns":3.0},{"damage":0.0,"enemies":"Orb Walker","floor":35.0,"turns":1.0},{"damage":9.0,"enemies":"3 Shapes","floor":39.0,"turns":2.0},{"damage":9.0,"enemies":"Sphere and 2 Shapes","floor":41.0,"turns":2.0},{"damage":0,"enemies":"3 Darklings","floor":44,"turns":2},{"damage":0,"enemies":"4 Shapes","floor":47,"turns":1},{"damage":0,"enemies":"Maw","floor":48,"turns":2},{"damage":20,"enemies":"Donu and Deca","floor":50,"turns":2}],"seed_played":"4370531163113908208","potions_obtained":[{"floor":1.0,"key":"SpeedPotion"},{"floor":6.0,"key":"Strength Potion"},{"floor":16.0,"key":"EssenceOfSteel"},{"floor":20.0,"key":"LiquidBronze"},{"floor":22.0,"key":"GamblersBrew"},{"floor":30.0,"key":"Block Potion"},{"floor":33.0,"key":"SkillPotion"},{"floor":44,"key":"Energy Potion"}],"is_trial":false,"path_per_floor":["M","?","M","$","?","E","R","M","T","R","T","M","$","M","R","B",null,"M","M","?","?","M","R","M","R","T","M","R","M","M","M","R","B",null,"M","?","?","$","M","R","M","R","T","M","R","?","M","M","R","B",null],"character_chosen":"DEFECT","items_purchased":["Heatsinks","Capacitor","White Noise"],"campfire_rested":1,"item_purchase_floors":[4,13,38],"current_hp_per_floor":[67,67,66,66,59,33,33,31,31,31,31,22,22,22,22,17,68,70,65,52,52,44,44,33,33,33,35,59,61,61,60,60,42,84,86,82,82,82,73,73,66,66,66,68,68,68,68,70,70,50],"gold":410,"neow_bonus":"ONE_RARE_RELIC","is_prod":false,"is_daily":false,"chose_seed":false,"campfire_upgraded":10,"win_rate":0,"timestamp":1560646516,"path_taken":["M","?","M","?","?","E","R","M","T","R","?","M","$","M","R","BOSS","M","M","?","?","M","R","M","R","T","?","R","M","M","M","R","BOSS","M","?","?","$","M","R","M","R","T","M","R","?","M","M","R","BOSS"],"build_version":"2019-01-23","purchased_purges":1,"victory":true,"max_hp_per_floor":[68,68,68,68,68,68,68,68,68,68,68,68,68,68,68,68,68,70,72,74,74,76,76,78,78,78,80,80,82,82,84,84,84,84,86,82,82,82,82,82,84,84,84,86,86,86,86,88,88,88],"card_choices":[{"not_picked":["Fusion","BootSequence"],"picked":"Storm","floor":1.0},{"not_picked":["Conserve Battery","Coolheaded"],"picked":"Ball Lightning","floor":3.0},{"not_picked":["Go for the Eyes","Capacitor"],"picked":"Storm","floor":6.0},{"not_picked":["Chill","Steam"],"picked":"Static Discharge","floor":8.0},{"not_picked":["Sunder","Hologram"],"picked":"Undo","floor":12.0},{"not_picked":["Stack","Cold Snap"],"picked":"Storm","floor":14.0},{"not_picked":["Echo Form","Creative AI"],"picked":"Biased Cognition","floor":16.0},{"not_picked":["Cold Snap","Leap","Rebound+1"],"picked":"Singing Bowl","floor":18.0},{"not_picked":["Compile Driver","Melter","Meteor Strike"],"picked":"Singing Bowl","floor":19.0},{"not_picked":["Ball Lightning","Go for the Eyes","Steam Power+1"],"picked":"Singing Bowl","floor":20.0},{"not_picked":["FTL","Redo","Steam"],"picked":"Singing Bowl","floor":22.0},{"not_picked":["Conserve Battery","Force Field","Redo+1"],"picked":"Singing Bowl","floor":24.0},{"not_picked":["Conserve Battery","Compile Driver","Lockon+1"],"picked":"Singing Bowl","floor":27.0},{"not_picked":["Streamline","Turbo","Blizzard+1"],"picked":"Singing Bowl","floor":29.0},{"not_picked":["Coolheaded+1","Compile Driver"],"picked":"Defragment","floor":30.0},{"not_picked":["Reinforced Body+1","Chaos","Gash"],"picked":"Singing Bowl","floor":31.0},{"not_picked":["Machine Learning","Creative AI"],"picked":"Electrodynamics","floor":33.0},{"not_picked":["Steam","Turbo+1","Reinforced Body"],"picked":"Singing Bowl","floor":35.0},{"not_picked":["Aggregate+1","Turbo"],"picked":"Static Discharge","floor":39.0},{"not_picked":["Double Energy+1","Chill+1","Steam"],"picked":"Singing Bowl","floor":41.0},{"not_picked":["Steam+1","Compile Driver+1","Ball Lightning"],"picked":"Singing Bowl","floor":44},{"not_picked":["Doom and Gloom","Buffer"],"picked":"Storm+1","floor":47},{"not_picked":["Compile Driver","Coolheaded","Blizzard"],"picked":"Singing Bowl","floor":48}],"player_experience":5286303,"relics_obtained":[{"floor":6.0,"key":"Singing Bowl"},{"floor":9.0,"key":"DataDisk"},{"floor":11.0,"key":"Girya"},{"floor":20.0,"key":"Ginger"},{"floor":20.0,"key":"Letter Opener"}],"event_choices":[{"damage_healed":0.0,"max_hp_gain":0.0,"max_hp_loss":0.0,"gold_gain":0.0,"cards_transformed":["Strike_B"],"event_name":"Living Wall","player_choice":"Change","floor":2.0,"gold_loss":0.0,"damage_taken":0.0,"cards_obtained":["Fission"]},{"cards_removed":["Strike_B"],"damage_healed":0.0,"max_hp_gain":0.0,"max_hp_loss":0.0,"gold_gain":0.0,"event_name":"Golden Wing","player_choice":"Card Removal","floor":5.0,"gold_loss":0.0,"damage_taken":7.0},{"damage_healed":0.0,"max_hp_gain":0.0,"max_hp_loss":0.0,"gold_gain":0.0,"event_name":"Colosseum","player_choice":"Fight","floor":20.0,"gold_loss":0.0,"damage_taken":0.0},{"damage_healed":0.0,"max_hp_gain":0.0,"max_hp_loss":0.0,"gold_gain":0.0,"event_name":"Colosseum","player_choice":"Fought Nobs","floor":20.0,"gold_loss":0.0,"damage_taken":0.0},{"damage_healed":0.0,"max_hp_gain":0.0,"max_hp_loss":0.0,"gold_gain":0.0,"event_name":"Duplicator","player_choice":"Copied","floor":21.0,"gold_loss":0.0,"damage_taken":0.0,"cards_obtained":["Biased Cognition"]},{"damage_healed":0.0,"max_hp_gain":0.0,"max_hp_loss":4.0,"gold_gain":0.0,"event_name":"Winding Halls","player_choice":"Max HP","floor":36.0,"gold_loss":0.0,"damage_taken":0.0},{"cards_removed":["Strike_B"],"damage_healed":0.0,"max_hp_gain":0.0,"max_hp_loss":0.0,"gold_gain":0.0,"event_name":"Falling","player_choice":"Removed Attack","floor":37.0,"gold_loss":0.0,"damage_taken":0.0},{"damage_healed":0,"gold_gain":0,"player_choice":"Ignored","damage_taken":0,"max_hp_gain":0,"max_hp_loss":0,"event_name":"Tomb of Lord Red Mask","floor":46,"gold_loss":0}],"is_beta":false,"boss_relics":[{"not_picked":["Inserter","FrozenCore"],"picked":"Cursed Key"},{"not_picked":["Nuclear Battery","Coffee Dripper"],"picked":"Runic Dome"}],"items_purged_floors":[38],"is_endless":false,"potions_floor_spawned":[1,6,16,20,22,24,29,30,33,44,47,48],"ascension_level":0}