{"gold_per_floor":[112,112,131,131,150,150,150,150,173,173,185,185,22,36,36,138,138,156,206,226,238,163,163,174,174,174,174,74,74,104,116,116,220,220,240,39,59,59,0,0,0,0,0,18,31,42,42,55,55,55],"floor_reached":51,"playtime":1628,"items_purged":["Strike_G","Strike_G","Defend_G"],"score":682,"play_id":"d2920f7b-c1c4-4b11-b62a-fde3db02fe54","local_time":"20181106184906","is_ascension_mode":false,"campfire_choices":[{"data":"Deadly Poison","floor":6.0,"key":"SMITH"},{"data":"Neutralize","floor":8.0,"key":"SMITH"},{"data":"Survivor","floor":12.0,"key":"SMITH"},{"data":"Glass Knife","floor":15.0,"key":"SMITH"},{"data":"Grand Finale","floor":23.0,"key":"SMITH"},{"data":"Backflip","floor":25.0,"key":"SMITH"},{"data":"Escape Plan","floor":27.0,"key":"SMITH"},{"data":"Defend_G","floor":29.0,"key":"SMITH"},{"data":"Defend_G","floor":32.0,"key":"SMITH"},{"data":"Well Laid Plans","floor":40.0,"key":"SMITH"},{"data":"Forethought","floor":42.0,"key":"SMITH"}],"neow_cost":"PERCENT_DAMAGE","seed_source_timestamp":3951773281915,"circlet_count":0,"master_deck":["Defend_G+1","Defend_G+1","Defend_G+1","Strike_G+1","Survivor+1","Neutralize+1","Deadly Poison+1","Infinite Blades+1","Escape Plan+1","Glass Knife+1","Grand Finale+1","Backflip+1","Infinite Blades+1","Well Laid Plans+1","Forethought+1"],"special_seed":0,"relics":["Ring of the Snake","Bronze Scales","Ornamental Fan","Coffee Dripper","Unceasing Top","Art of War","Empty Cage","Red Mask","Matryoshka","Mark of the Bloom"],"potions_floor_usage":[50,50],"damage_taken":[{"damage":10.0,"enemies":"Small Slimes","floor":1.0,"turns":5.0},{"damage":0.0,"enemies":"2 Louse","floor":3.0,"turns":3.0},{"damage":0.0,"enemies":"Cultist","floor":5.0,"turns":4.0},{"damage":3.0,"enemies":"Exordium Thugs","floor":11.0,"turns":6.0},{"damage":0.0,"enemies":"Red Slaver","floor":14.0,"turns":3.0},{"damage":21.0,"enemies":"Slime Boss","floor":16.0,"turns":12.0},{"damage":2.0,"enemies":"Spheric Guardian","floor":18.0,"turns":5.0},{"damage":0.0,"enemies":"Shell Parasite","floor":20.0,"turns":4.0},{"damage":2.0,"enemies":"Sentry and Sphere","floor":21.0,"turns":3.0},{"damage":0.0,"enemies":"Snake Plant","floor":24.0,"turns":4.0},{"damage":19.0,"enemies":"Gremlin Leader","floor":30.0,"turns":9.0},{"damage":1.0,"enemies":"Centurion and Healer","floor":31.0,"turns":6.0},{"damage":45.0,"enemies":"Collector","floor":33.0,"turns":13.0},{"damage":17.0,"enemies":"Orb Walker","floor":35.0,"turns":4.0},{"damage":2.0,"enemies":"3 Darklings","floor":37.0,"turns":3.0},{"damage":0.0,"enemies":"Spire Growth","floor":44.0,"turns":3.0},{"damage":0.0,"enemies":"Maw","floor":45.0,"turns":6.0},{"damage":0.0,"enemies":"Jaw Worm Horde","floor":46.0,"turns":1.0},{"damage":7,"enemies":"Writhing Mass","floor":48,"turns":5},{"damage":10,"enemies":"Time Eater","floor":50,"turns":11}],"seed_played":"-6256727415522277082","potions_obtained":[{"floor":1.0,"key":"Weak Potion"},{"floor":3.0,"key":"Dexterity Potion"},{"floor":14.0,"key":"SteroidPotion"},{"floor":24.0,"key":"EssenceOfSteel"},{"floor":30.0,"key":"Weak Potion"},{"floor":37.0,"key":"Swift Potion"},{"floor":45.0,"key":"SkillPotion"}],"is_trial":false,"path_per_floor":["M","?","M","?","M","R","?","R","T","T","M","R","$","M","R","B",null,"M","?","M","M","$","R","M","R","T","R","$","R","E","M","R","B",null,"M","$","M","$","?","R","?","R","T","M","M","M","?","M","R","B",null],"character_chosen":"THE_SILENT","items_purchased":["Glass Knife","Well Laid Plans"],"campfire_rested":0,"item_purchase_floors":[13,36],"current_hp_per_floor":[53,58,58,51,51,51,33,33,33,33,30,30,30,30,30,9,89,87,87,87,85,85,85,85,85,85,85,85,85,66,65,65,20,89,72,72,70,70,70,70,70,70,70,70,70,70,70,63,63,53],"gold":55,"neow_bonus":"TWENTY_PERCENT_HP_BONUS","is_prod":false,"is_daily":false,"chose_seed":false,"campfire_upgraded":11,"win_rate":0,"timestamp":1541501346,"path_taken":["M","?","M","?","M","R","?","R","T","?","M","R","$","M","R","BOSS","M","?","M","?","$","R","M","R","T","R","?","R","E","?","R","BOSS","M","$","M","$","?","R","?","R","T","M","M","M","?","M","R","BOSS"],"build_version":"2018-11-01","purchased_purges":3,"victory":true,"max_hp_per_floor":[84,89,89,89,89,89,89,89,89,89,89,89,89,89,89,89,89,89,89,89,89,89,89,89,89,89,89,89,89,89,89,89,89,89,89,89,89,89,89,89,89,89,89,89,89,89,89,89,89,89],"card_choices":[{"not_picked":["Endless Agony","Deflect"],"picked":"Deadly Poison","floor":1.0},{"not_picked":["Underhanded Strike","Quick Slash"],"picked":"Infinite Blades","floor":3.0},{"not_picked":["Flechettes","Prepared","Underhanded Strike"],"picked":"SKIP","floor":5.0},{"not_picked":["Deflect","Masterful Stab"],"picked":"Escape Plan","floor":11.0},{"not_picked":["Masterful Stab","Cloak And Dagger","Blur"],"picked":"SKIP","floor":14.0},{"not_picked":["Phantasmal Killer","Envenom"],"picked":"Grand Finale","floor":16.0},{"not_picked":["Blade Dance","Deflect"],"picked":"Backflip","floor":18.0},{"not_picked":["Slice","Dagger Throw+1","Prepared"],"picked":"SKIP","floor":20.0},{"not_picked":["Endless Agony","Poisoned Stab","Reflex"],"picked":"SKIP","floor":21.0},{"not_picked":["Dagger Spray","Flechettes"],"picked":"Infinite Blades","floor":24.0},{"not_picked":["Underhanded Strike","Quick Slash","Terror"],"picked":"SKIP","floor":30.0},{"not_picked":["Doppelganger","Poisoned Stab","Distraction+1"],"picked":"SKIP","floor":31.0},{"not_picked":["Eviscerate","All Out Attack","Bane"],"picked":"SKIP","floor":35.0},{"not_picked":["Prepared+1","Deflect+1","Flying Knee"],"picked":"SKIP","floor":37.0},{"not_picked":["Panacea","Metamorphosis"],"picked":"Forethought","floor":41.0},{"not_picked":["Deadly Poison+1","Accuracy+1","Dagger Spray"],"picked":"SKIP","floor":44.0},{"not_picked":["Finisher+1","Bane+1","Quick Slash+1"],"picked":"SKIP","floor":45.0},{"not_picked":["Deadly Poison","Backflip","PiercingWail"],"picked":"SKIP","floor":46.0},{"not_picked":["Deadly Poison","Backflip","PiercingWail"],"picked":"SKIP","floor":46.0},{"not_picked":["Corpse Explosion","Eviscerate","Deadly Poison"],"picked":"SKIP","floor":48}],"player_experience":914465,"relics_obtained":[{"floor":9.0,"key":"Bronze Scales"},{"floor":10.0,"key":"Ornamental Fan"},{"floor":26.0,"key":"Unceasing Top"},{"floor":30.0,"key":"Art of War"},{"floor":43.0,"key":"Matryoshka"}],"event_choices":[{"damage_healed":0.0,"max_hp_gain":5.0,"max_hp_loss":0.0,"gold_gain":0.0,"event_name":"Big Fish","player_choice":"Donut","floor":2.0,"gold_loss":0.0,"damage_taken":0.0},{"cards_removed":["Strike_G"],"damage_healed":0.0,"max_hp_gain":0.0,"max_hp_loss":0.0,"gold_gain":0.0,"event_name":"Golden Wing","player_choice":"Card Removal","floor":4.0,"gold_loss":0.0,"damage_taken":7.0},{"damage_healed":0.0,"max_hp_gain":0.0,"max_hp_loss":0.0,"gold_gain":0.0,"event_name":"Shining Light","player_choice":"Entered Light","floor":7.0,"gold_loss":0.0,"damage_taken":18.0,"cards_upgraded":["Defend_G","Strike_G"]},{"damage_healed":0.0,"max_hp_gain":0.0,"max_hp_loss":0.0,"gold_gain":100.0,"event_name":"The Joust","player_choice":"Bet on Murderer","floor":19.0,"gold_loss":50.0,"damage_taken":0.0},{"damage_healed":0.0,"max_hp_gain":0.0,"max_hp_loss":0.0,"gold_gain":0.0,"event_name":"Tomb of Lord Red Mask","player_choice":"Paid","floor":39.0,"gold_loss":59.0,"damage_taken":0.0,"relics_obtained":["Red Mask"]},{"damage_healed":0.0,"max_hp_gain":0.0,"max_hp_loss":0.0,"gold_gain":0.0,"event_name":"SensoryStone","player_choice":"Memory 1","floor":41.0,"gold_loss":0.0,"damage_taken":0.0},{"damage_healed":0,"gold_gain":0,"player_choice":"Upgrade","damage_taken":0,"relics_obtained":["Mark of the Bloom"],"max_hp_gain":0,"max_hp_loss":0,"event_name":"MindBloom","floor":47,"gold_loss":0,"cards_upgraded":["Infinite Blades","Infinite Blades"]}],"is_beta":false,"boss_relics":[{"not_picked":["Calling Bell","Fusion Hammer"],"picked":"Coffee Dripper"},{"not_picked":["Snecko Eye","Philosopher\u0027s Stone"],"picked":"Empty Cage"}],"items_purged_floors":[22,28,36],"is_endless":false,"potions_floor_spawned":[1,3,14,24,30,35,37,45,46],"ascension_level":0}