{"gold_per_floor":[117,117,32,32,49,49,49,49,49,66,66,85,119,134,134,211,211,231,231,45,45,63,63],"floor_reached":23,"playtime":720,"items_purged":["Strike_R"],"score":378,"play_id":"f8665185-2729-4d30-aac9-01a4c3f9d1da","local_time":"20190325151731","is_ascension_mode":true,"campfire_choices":[{"data":"Rampage","floor":6,"key":"SMITH"},{"data":"Bash","floor":8,"key":"SMITH"},{"data":"Second Wind","floor":11,"key":"SMITH"},{"data":"Uppercut","floor":15,"key":"SMITH"}],"neow_cost":"NONE","seed_source_timestamp":14946313538001,"circlet_count":0,"master_deck":["AscendersBane","Strike_R","Strike_R","Strike_R","Strike_R","Defend_R","Defend_R","Defend_R","Defend_R","Bash+1","Juggernaut","Rampage+1","Evolve","Second Wind+1","Uppercut+1","Offering","Shrug It Off","Body Slam"],"relics":["Burning Blood","Bag of Marbles","Centennial Puzzle","Runic Pyramid","Nloth\u0027s Gift"],"potions_floor_usage":[16,23,23],"damage_taken":[{"damage":1,"enemies":"2 Louse","floor":1,"turns":4},{"damage":1,"enemies":"Cultist","floor":5,"turns":3},{"damage":10,"enemies":"Small Slimes","floor":10,"turns":2},{"damage":13,"enemies":"Blue Slaver","floor":12,"turns":3},{"damage":23,"enemies":"3 Sentries","floor":13,"turns":9},{"damage":6,"enemies":"Lots of Slimes","floor":14,"turns":4},{"damage":26,"enemies":"The Guardian","floor":16,"turns":11},{"damage":26,"enemies":"Shell Parasite","floor":18,"turns":4},{"damage":32,"enemies":"Colosseum Slavers","floor":19,"turns":6},{"damage":2,"enemies":"Spheric Guardian","floor":22,"turns":5},{"damage":32,"enemies":"Book of Stabbing","floor":23,"turns":4}],"seed_played":"4858677796061378747","potions_obtained":[{"floor":12,"key":"EssenceOfSteel"},{"floor":13,"key":"BloodPotion"}],"is_trial":false,"path_per_floor":["M","?","$","?","M","R","$","R","T","M","R","M","E","M","R","B",null,"M","?","$","?","M","E"],"character_chosen":"IRONCLAD","items_purchased":["Rampage","Shrug It Off","SkillPotion"],"campfire_rested":0,"item_purchase_floors":[3,20,20],"current_hp_per_floor":[73,78,78,78,80,80,80,80,80,76,76,69,52,52,52,40,70,50,24,24,24,28,0],"gold":63,"neow_bonus":"ONE_RANDOM_RARE_CARD","is_prod":false,"is_daily":false,"chose_seed":false,"campfire_upgraded":4,"win_rate":0,"timestamp":1553498251,"path_taken":["M","?","$","?","?","R","?","R","T","M","R","M","E","M","R","BOSS","M","?","$","?","?","E"],"build_version":"2019-01-23","purchased_purges":1,"victory":false,"max_hp_per_floor":[75,80,80,80,80,80,80,80,80,80,80,80,80,80,80,80,80,80,80,80,80,80,80],"card_choices":[{"not_picked":["Clothesline","Warcry"],"picked":"Thunderclap","floor":1},{"not_picked":["Anger","Body Slam"],"picked":"Evolve","floor":5},{"not_picked":["Shrug It Off","Sentinel"],"picked":"Second Wind","floor":10},{"not_picked":["Infernal Blade","Warcry","Rampage"],"picked":"SKIP","floor":12},{"not_picked":["Perfected Strike","Second Wind"],"picked":"Uppercut","floor":13},{"not_picked":["Uppercut","Anger","Entrench"],"picked":"SKIP","floor":14},{"not_picked":["Reaper","Brutality"],"picked":"Offering","floor":16},{"not_picked":["Twin Strike","Headbutt","Clothesline"],"picked":"SKIP","floor":18},{"not_picked":["Disarm","Cleave"],"picked":"Body Slam","floor":22}],"player_experience":3863189,"relics_obtained":[{"floor":9,"key":"Centennial Puzzle"},{"floor":13,"key":"Letter Opener"}],"event_choices":[{"damage_healed":0,"gold_gain":0,"player_choice":"Donut","damage_taken":0,"max_hp_gain":5,"max_hp_loss":0,"event_name":"Big Fish","floor":2,"gold_loss":0},{"cards_removed":["Thunderclap"],"damage_healed":0,"gold_gain":0,"player_choice":"Gave Card","damage_taken":0,"relics_obtained":["Bag of Marbles"],"max_hp_gain":0,"max_hp_loss":0,"event_name":"WeMeetAgain","floor":4,"gold_loss":0},{"damage_healed":0,"gold_gain":0,"player_choice":"Fight","damage_taken":0,"max_hp_gain":0,"max_hp_loss":0,"event_name":"Colosseum","floor":19,"gold_loss":0},{"damage_healed":0,"gold_gain":0,"player_choice":"Fled From Nobs","damage_taken":0,"max_hp_gain":0,"max_hp_loss":0,"event_name":"Colosseum","floor":19,"gold_loss":0},{"damage_healed":0,"gold_gain":0,"player_choice":"Traded Relic","damage_taken":0,"relics_obtained":["Nloth\u0027s Gift"],"max_hp_gain":0,"max_hp_loss":0,"event_name":"N\u0027loth","floor":21,"relics_lost":["Letter Opener"],"gold_loss":0}],"is_beta":false,"boss_relics":[{"not_picked":["Eternal Feather","Sozu"],"picked":"Runic Pyramid"}],"items_purged_floors":[20],"is_endless":false,"potions_floor_spawned":[12,13],"killed_by":"Book of Stabbing","ascension_level":20}