{"gold_per_floor":[111,129,304,319,168,195,43,43,91,91,124,134,134,154,154,249,249,265,10,10,10,25,57,57,68,68,78,78,78,105,5,5,108,108,127,147,167,214,214,231,231,250,250,260,294,108,108,127,127,127],"floor_reached":51,"playtime":2200,"items_purged":["Strike_B","Strike_B"],"score":877,"play_id":"988a4d08-bffd-46fa-9787-64926fdf5c98","local_time":"20180624230556","is_ascension_mode":false,"campfire_choices":[{"floor":10,"key":"REST"},{"data":"Hologram","floor":13,"key":"SMITH"},{"data":"Meteor Strike","floor":15,"key":"SMITH"},{"data":"Doom and Gloom","floor":24,"key":"SMITH"},{"data":"Echo Form","floor":28,"key":"SMITH"},{"data":"Defend_B","floor":32,"key":"PURGE"},{"data":"Strike_B","floor":41,"key":"PURGE"},{"data":"Doubt","floor":49,"key":"PURGE"}],"neow_cost":"NONE","seed_source_timestamp":28063464111555,"circlet_count":0,"master_deck":["Defend_B","Zap","Dualcast","Doom and Gloom+1","Hologram+1","Doom and Gloom","Streamline","Meteor Strike+1","All For One","Hologram","Echo Form+1","Static Discharge","Writhe","Hologram","White Noise","Defragment","Double Energy+1"],"relics":["Snecko Eye","Lantern","Oddly Smooth Stone","Dead Branch","Empty Cage","Bottled Flame","Shuriken","Ornamental Fan","Torii","Peace Pipe","Lizard Tail","Thread and Needle","Mango","DataDisk","Strawberry"],"potions_floor_usage":[6,18,50,50,50],"damage_taken":[{"damage":0,"enemies":"Small Slimes","floor":1,"turns":2},{"damage":0,"enemies":"2 Louse","floor":2,"turns":2},{"damage":1,"enemies":"Cultist","floor":4,"turns":3},{"damage":22,"enemies":"Gremlin Nob","floor":6,"turns":4},{"damage":0,"enemies":"3 Sentries","floor":11,"turns":2},{"damage":0,"enemies":"Blue Slaver","floor":12,"turns":1},{"damage":0,"enemies":"Red Slaver","floor":14,"turns":1},{"damage":4,"enemies":"Slime Boss","floor":16,"turns":5},{"damage":0,"enemies":"Shell Parasite","floor":18,"turns":2},{"damage":0,"enemies":"Chosen","floor":22,"turns":2},{"damage":9,"enemies":"Gremlin Leader","floor":23,"turns":3},{"damage":0,"enemies":"Snake Plant","floor":25,"turns":1},{"damage":6,"enemies":"Centurion and Healer","floor":27,"turns":3},{"damage":1,"enemies":"Book of Stabbing","floor":30,"turns":3},{"damage":0,"enemies":"Automaton","floor":33,"turns":2},{"damage":11,"enemies":"3 Darklings","floor":35,"turns":2},{"damage":0,"enemies":"Orb Walker","floor":36,"turns":1},{"damage":0,"enemies":"Maw","floor":37,"turns":4},{"damage":18,"floor":38,"turns":2},{"damage":0,"enemies":"3 Darklings","floor":40,"turns":2},{"damage":0,"enemies":"4 Shapes","floor":42,"turns":1},{"damage":11,"enemies":"Maw","floor":44,"turns":5},{"damage":0,"enemies":"Giant Head","floor":45,"turns":2},{"damage":0,"enemies":"Sphere and 2 Shapes","floor":48,"turns":2},{"damage":72,"enemies":"Time Eater","floor":50,"turns":7}],"seed_played":"926646370922896162","potions_obtained":[{"floor":1,"key":"AttackPotion"},{"floor":4,"key":"GamblersBrew"},{"floor":11,"key":"Fire Potion"},{"floor":12,"key":"EssenceOfSteel"},{"floor":22,"key":"Poison Potion"},{"floor":25,"key":"SteroidPotion"},{"floor":36,"key":"AttackPotion"}],"is_trial":false,"path_per_floor":["M","M","?","M","$","E","$","?","T","R","E","M","R","M","R","B",null,"M","$","?","$","M","E","R","M","T","M","R","?","E","$","R","B",null,"M","M","M","?","?","M","R","M","T","M","E","$","?","M","R","B"],"character_chosen":"DEFECT","items_purchased":["Doom and Gloom","Meteor Strike","Bottled Flame","Strawberry","Defragment"],"campfire_rested":1,"item_purchase_floors":[5,7,19,46,46],"current_hp_per_floor":[75,75,75,74,74,52,52,52,52,74,74,74,74,74,74,70,75,75,75,75,75,75,66,66,66,66,60,60,60,59,59,59,59,75,64,64,64,46,46,46,46,46,60,49,49,56,96,96,96,24],"gold":127,"neow_bonus":"BOSS_RELIC","is_prod":false,"is_daily":false,"chose_seed":false,"campfire_upgraded":4,"win_rate":0,"timestamp":1529874356,"path_taken":["M","M","?","M","$","E","$","?","T","R","E","M","R","M","R","BOSS","M","$","?","$","M","E","R","M","T","M","R","?","E","?","R","BOSS","M","M","M","?","?","M","R","?","T","M","E","$","?","M","R","BOSS"],"build_version":"2018-06-21v2","purchased_purges":2,"victory":true,"max_hp_per_floor":[75,75,75,75,75,75,75,75,75,75,75,75,75,75,75,75,75,75,75,75,75,75,75,75,75,75,75,75,75,75,75,75,75,75,75,75,75,75,75,75,75,75,89,89,89,96,96,96,96,96],"card_choices":[{"not_picked":["Beam Cell","Turbo"],"picked":"Doom and Gloom","floor":1},{"not_picked":["Leap","Double Energy"],"picked":"Hologram","floor":2},{"not_picked":["Leap","Compile Driver","Sweeping Beam"],"picked":"SKIP","floor":4},{"not_picked":["Conserve Battery","Double Energy"],"picked":"Streamline","floor":6},{"not_picked":["Redo","Sweeping Beam","Loop"],"picked":"SKIP","floor":11},{"not_picked":["BootSequence","Sweeping Beam","Auto Shields"],"picked":"SKIP","floor":12},{"not_picked":["Gash","Melter","Biased Cognition"],"picked":"SKIP","floor":14},{"not_picked":["Hyperbeam","Machine Learning"],"picked":"All For One","floor":16},{"not_picked":["Coolheaded+1","Streamline"],"picked":"Hologram","floor":18},{"not_picked":["Sweeping Beam","Hologram","Turbo"],"picked":"SKIP","floor":22},{"not_picked":["Machine Learning","Melter+1"],"picked":"Echo Form","floor":23},{"not_picked":["Go for the Eyes","White Noise","Streamline"],"picked":"SKIP","floor":25},{"not_picked":["Hello World","Streamline+1"],"picked":"Static Discharge","floor":27},{"not_picked":["Capacitor","Thunder Strike"],"picked":"Hologram","floor":30},{"not_picked":["Leap","Gash+1","Darkness"],"picked":"SKIP","floor":35},{"not_picked":["Undo+1","Redo+1","Barrage+1"],"picked":"SKIP","floor":36},{"not_picked":["Reprogram+1","Compile Driver+1","Hologram"],"picked":"SKIP","floor":37},{"not_picked":["Beam Cell","Chaos+1","Consume+1"],"picked":"SKIP","floor":40},{"not_picked":["Sweeping Beam+1","Turbo+1","Coolheaded"],"picked":"SKIP","floor":42},{"not_picked":["Hyperbeam","Gash","Barrage+1"],"picked":"SKIP","floor":44},{"not_picked":["Streamline+1","FTL"],"picked":"White Noise","floor":45},{"not_picked":["Rip and Tear+1","BootSequence"],"picked":"Double Energy+1","floor":48}],"player_experience":286269,"relics_obtained":[{"floor":6,"key":"Lantern"},{"floor":9,"key":"Oddly Smooth Stone"},{"floor":11,"key":"Dead Branch"},{"floor":23,"key":"Shuriken"},{"floor":26,"key":"Ornamental Fan"},{"floor":30,"key":"Peace Pipe"},{"floor":38,"key":"Thread and Needle"},{"floor":43,"key":"Mango"},{"floor":45,"key":"DataDisk"}],"event_choices":[{"event_name":"Liars Game","player_choice":"agreed","floor":3,"damage_taken":0},{"event_name":"Fountain of Cleansing","player_choice":"Removed Curse","floor":8,"damage_taken":0},{"event_name":"Bonfire Elementals","player_choice":"BASIC","floor":20,"damage_taken":0},{"event_name":"The Mausoleum","player_choice":"Yes","floor":29,"damage_taken":0},{"event_name":"Mysterious Sphere","player_choice":"Fight","floor":38,"damage_taken":0},{"event_name":"SecretPortal","player_choice":"Rejected Portal.","floor":39,"damage_taken":0},{"event_name":"MindBloom","player_choice":"Heal","floor":47,"damage_taken":0}],"boss_relics":[{"not_picked":["Philosopher\u0027s Stone","Inserter"],"picked":"Empty Cage"},{"not_picked":["Sozu","Runic Dome"],"picked":"Lizard Tail"}],"items_purged_floors":[5,31],"is_endless":false,"potions_floor_spawned":[1,4,11,12,14,22,25,30,33,35,36,44],"ascension_level":0}