{"path_per_floor":["M","M","$","M","M","E","R","E","T","R","M","?","M","M","R","B",null,"M","M","$","?","M","R","?"],"character_chosen":"THE_SILENT","items_purchased":["Slice","Happy Flower","Pen Nib"],"gold_per_floor":[16,33,10,28,46,79,79,104,104,104,115,143,153,172,172,277,277,297,309,69,69,85,85,85,85],"floor_reached":25,"campfire_rested":0,"playtime":996,"item_purchase_floors":[3,20,20],"current_hp_per_floor":[62,62,62,62,54,36,36,15,15,15,12,8,6,6,6,1,53,31,24,24,47,17,17,4,0],"items_purged":[],"gold":85,"score":301,"play_id":"ba10ff62-1220-43d6-9419-1831f7f24967","local_time":"20180602122459","is_prod":false,"is_daily":false,"chose_seed":false,"is_ascension_mode":true,"campfire_upgraded":4,"win_rate":0,"timestamp":1527913499,"campfire_choices":[{"data":"Dagger Spray","floor":7,"key":"SMITH"},{"data":"Neutralize","floor":10,"key":"SMITH"},{"data":"Calculated Gamble","floor":15,"key":"SMITH"},{"data":"Burst","floor":23,"key":"SMITH"}],"path_taken":["M","M","$","M","?","E","R","E","T","R","M","?","?","M","R","BOSS","M","?","?","?","M","R","?","E"],"build_version":"2018-05-30v2","seed_source_timestamp":15737877365948,"purchased_purges":0,"victory":false,"master_deck":["Defend_G","Defend_G","Defend_G","Defend_G","Strike_G","Strike_G","Strike_G","Strike_G","Survivor","Neutralize+1","Backflip","Dagger Spray+1","Slice","Well Laid Plans","Acrobatics","Adrenaline","Backstab","Dagger Throw","Flechettes","Flying Knee","Calculated Gamble+1","Burst+1","Infinite Blades+1"],"max_hp_per_floor":[70,70,70,70,70,70,70,70,70,70,70,70,70,70,70,70,70,70,70,70,70,70,70,75,75],"relics":["Ring of the Snake","Potion Belt","The Courier","Pantograph","Odd Mushroom","Black Star","Happy Flower","Pen Nib"],"card_choices":[{"not_picked":["Reflex","Outmaneuver"],"picked":"Backflip","floor":1},{"not_picked":["Heel Hook","PiercingWail"],"picked":"Dagger Spray","floor":2},{"not_picked":["Underhanded Strike","Reflex"],"picked":"Well Laid Plans","floor":4},{"not_picked":["Deflect","Blade Dance"],"picked":"Acrobatics","floor":5},{"not_picked":["Sucker Punch","Prepared"],"picked":"Adrenaline","floor":6},{"not_picked":["Prepared","Slice"],"picked":"Backstab","floor":8},{"not_picked":["Bouncing Flask","Accuracy"],"picked":"Dagger Throw","floor":11},{"not_picked":["Accuracy","Backflip"],"picked":"Flechettes","floor":12},{"not_picked":["Quick Slash","PiercingWail"],"picked":"Flying Knee","floor":13},{"not_picked":["PiercingWail","Leg Sweep"],"picked":"Calculated Gamble","floor":14},{"not_picked":["Phantasmal Killer","Wraith Form v2"],"picked":"Burst","floor":16},{"not_picked":["Backflip+1","Sucker Punch","Dagger Spray+1"],"picked":"SKIP","floor":18},{"not_picked":["Crippling Poison","Deadly Poison+1"],"picked":"Infinite Blades+1","floor":19},{"not_picked":["Bane","Dagger Spray+1","Deadly Poison+1"],"picked":"SKIP","floor":22}],"player_experience":521815,"potions_floor_usage":[6,8,13,16,16,19,19,22,25],"damage_taken":[{"damage":1,"enemies":"Cultist","floor":1,"turns":4},{"damage":0,"enemies":"Small Slimes","floor":2,"turns":3},{"damage":0,"enemies":"Jaw Worm","floor":4,"turns":4},{"damage":8,"enemies":"Large Slime","floor":5,"turns":5},{"damage":18,"enemies":"Gremlin Nob","floor":6,"turns":4},{"damage":21,"enemies":"Lagavulin","floor":8,"turns":8},{"damage":3,"enemies":"Exordium Thugs","floor":11,"turns":5},{"damage":4,"enemies":"The Mushroom Lair","floor":12,"turns":4},{"damage":2,"enemies":"Gremlin Gang","floor":13,"turns":3},{"damage":0,"enemies":"Red Slaver","floor":14,"turns":1},{"damage":30,"enemies":"Hexaghost","floor":16,"turns":10},{"damage":22,"enemies":"Spheric Guardian","floor":18,"turns":4},{"damage":19,"enemies":"Shell Parasite","floor":19,"turns":7},{"damage":30,"enemies":"Cultist and Chosen","floor":22,"turns":7},{"damage":6,"enemies":"Gremlin Leader","floor":25,"turns":1}],"relics_obtained":[{"floor":6,"key":"Potion Belt"},{"floor":8,"key":"The Courier"},{"floor":9,"key":"Pantograph"},{"floor":12,"key":"Odd Mushroom"}],"event_choices":[{"event_name":"Mushrooms","player_choice":"Fought Mushrooms","floor":12,"damage_taken":0},{"event_name":"The Library","player_choice":"Heal","floor":21,"damage_taken":0},{"event_name":"Forgotten Altar","player_choice":"Shed Blood","floor":24,"damage_taken":0}],"boss_relics":[{"not_picked":["Snecko Eye","Eternal Feather"],"picked":"Black Star"}],"items_purged_floors":[],"potions_floor_spawned":[4,5,12,16,22],"seed_played":"2595838320714619962","killed_by":"Gremlin Leader","ascension_level":8,"potions_obtained":[{"floor":4,"key":"Ancient Potion"},{"floor":5,"key":"SteroidPotion"},{"floor":12,"key":"EntropicBrew"},{"floor":16,"key":"FearPotion"},{"floor":22,"key":"Block Potion"}],"is_trial":false}