{"gold_per_floor":[117,36,36,36,36,57,57,95,95,95,108,158,194,218,218,311,311,336,34,55,55,73,73,107,128,128,128,152,152,152,176,176,267,267,282,298,298,298,318,318,331,57,110,149,49,70,70,84,84,84,84,84,84,5,48,48],"floor_reached":57,"playtime":4221,"items_purged":["Multi-Cast","Doom and Gloom"],"score":2649,"play_id":"3fce532d-7d5a-4ab4-a1b2-12d1e5110bfd","local_time":"20190224234538","is_ascension_mode":true,"campfire_choices":[{"data":"Zap","floor":10.0,"key":"SMITH"},{"data":"Coolheaded","floor":15.0,"key":"SMITH"},{"data":"Recycle","floor":23.0,"key":"SMITH"},{"data":"Ghostly","floor":30.0,"key":"SMITH"},{"data":"Ghostly","floor":32.0,"key":"SMITH"},{"data":"Coolheaded","floor":40.0,"key":"SMITH"},{"floor":49.0,"key":"RECALL"},{"data":"Turbo","floor":53.0,"key":"SMITH"}],"neow_cost":"NONE","seed_source_timestamp":0,"circlet_count":0,"master_deck":["AscendersBane","Zap+1","Dualcast+1","Skim+1","Defragment+1","Gash","Coolheaded+1","Seek","Electrodynamics","Sweeping Beam","Seek+1","Coolheaded+1","Coolheaded","Recycle+1","Beam Cell","Self Repair","Conserve Battery+1","Auto Shields+1","Ghostly+1","Ghostly+1","Ghostly","Echo Form","Reboot","FTL","Turbo+1","Gash+1","Glacier","Recycle+1"],"special_seed":0,"relics":["Cracked Core","NeowsBlessing","Golden Idol","Omamori","Pantograph","Gremlin Horn","Darkstone Periapt","Pandora\u0027s Box","OrangePellets","War Paint","Shuriken","Lizard Tail","Mummified Hand","Molten Egg 2","Question Card","Kunai"],"potions_floor_usage":[],"damage_taken":[{"damage":0.0,"enemies":"Small Slimes","floor":1.0,"turns":1.0},{"damage":0.0,"enemies":"Jaw Worm","floor":6.0,"turns":1.0},{"damage":0.0,"enemies":"Lagavulin","floor":8.0,"turns":1.0},{"damage":0.0,"enemies":"Cultist","floor":11.0,"turns":3.0},{"damage":22.0,"enemies":"3 Sentries","floor":13.0,"turns":9.0},{"damage":0.0,"enemies":"Gremlin Gang","floor":14.0,"turns":3.0},{"damage":29.0,"enemies":"Hexaghost","floor":16.0,"turns":9.0},{"damage":22.0,"enemies":"2 Thieves","floor":18.0,"turns":2.0},{"damage":0.0,"enemies":"3 Byrds","floor":20.0,"turns":1.0},{"damage":3.0,"enemies":"Snecko","floor":22.0,"turns":9.0},{"damage":28.0,"enemies":"Book of Stabbing","floor":24.0,"turns":7.0},{"damage":3.0,"enemies":"3 Cultists","floor":25.0,"turns":3.0},{"damage":0.0,"enemies":"Snake Plant","floor":28.0,"turns":4.0},{"damage":10.0,"enemies":"Chosen and Byrds","floor":31.0,"turns":7.0},{"damage":21.0,"enemies":"Champ","floor":33.0,"turns":15.0},{"damage":0.0,"enemies":"3 Darklings","floor":35.0,"turns":4.0},{"damage":19.0,"enemies":"Orb Walker","floor":36.0,"turns":5.0},{"damage":2.0,"enemies":"4 Shapes","floor":39.0,"turns":4.0},{"damage":0.0,"enemies":"Spire Growth","floor":41.0,"turns":5.0},{"damage":8.0,"enemies":"Giant Head","floor":44.0,"turns":6.0},{"damage":0.0,"enemies":"Jaw Worm Horde","floor":46.0,"turns":3.0},{"damage":0.0,"enemies":"4 Shapes","floor":48.0,"turns":2.0},{"damage":1.0,"enemies":"Awakened One","floor":50.0,"turns":7.0},{"damage":26.0,"enemies":"Donu and Deca","floor":51.0,"turns":9.0},{"damage":15.0,"enemies":"Shield and Spear","floor":55.0,"turns":9.0},{"damage":23,"enemies":"The Heart","floor":56,"turns":10}],"seed_played":"4800968227422992440","potions_obtained":[{"floor":1.0,"key":"LiquidBronze"},{"floor":16.0,"key":"PowerPotion"},{"floor":20.0,"key":"Ancient Potion"},{"floor":24.0,"key":"FearPotion"},{"floor":25.0,"key":"SkillPotion"},{"floor":35.0,"key":"LiquidBronze"},{"floor":41.0,"key":"EntropicBrew"}],"is_trial":false,"path_per_floor":["M","$","?","?","?","M","?","E","T","R","M","?","E","M","R","B",null,"M","$","M","$","M","R","E","M","T","?","M","?","R","M","R","B",null,"M","M","?","?","M","R","M","$","T","E","$","M","T","M","R","B","B",null,"R","$","E","B",null],"character_chosen":"DEFECT","items_purchased":["Defragment","OrangePellets","Mummified Hand","Glacier"],"campfire_rested":0,"item_purchase_floors":[2,19,42,54],"current_hp_per_floor":[64,64,64,64,45,45,40,40,40,40,40,40,18,18,18,14,52,30,30,30,30,34,34,13,17,17,17,24,24,24,21,21,18,29,32,27,27,27,32,32,32,32,32,31,31,32,32,32,32,31,13,27,27,27,19,16],"gold":48,"neow_bonus":"THREE_ENEMY_KILL","is_prod":false,"is_daily":false,"chose_seed":false,"campfire_upgraded":7,"win_rate":0,"timestamp":1551023138,"path_taken":["M","$","?","?","?","M","?","E","T","R","?","?","E","M","R","BOSS","M","$","M","?","?","R","E","M","T","?","M","?","R","M","R","BOSS","M","M","?","?","?","R","M","$","T","E","?","M","?","?","R","BOSS","BOSS","R","$","E","BOSS"],"build_version":"2019-01-23","purchased_purges":2,"victory":true,"max_hp_per_floor":[71,71,71,64,64,64,64,64,64,64,64,64,64,64,64,64,64,64,64,64,64,64,64,64,64,64,32,32,32,32,32,32,32,32,32,32,32,32,32,32,32,32,32,32,32,32,32,32,32,32,32,32,32,32,32,32],"card_choices":[{"not_picked":["Chill","Hologram"],"picked":"Skim","floor":1.0},{"not_picked":["Beam Cell","Steam","Gash"],"picked":"SKIP","floor":6.0},{"not_picked":["Turbo","Sunder"],"picked":"Doom and Gloom","floor":8.0},{"not_picked":["Consume","Tempest"],"picked":"Coolheaded","floor":11.0},{"not_picked":["Force Field","Biased Cognition"],"picked":"Seek","floor":13.0},{"not_picked":["Stack","Aggregate","Redo"],"picked":"SKIP","floor":14.0},{"not_picked":["Creative AI","Thunder Strike"],"picked":"Electrodynamics","floor":16.0},{"not_picked":["Genetic Algorithm","Rebound"],"picked":"Self Repair","floor":18.0},{"not_picked":["Beam Cell","Coolheaded"],"picked":"Conserve Battery+1","floor":20.0},{"not_picked":["Ball Lightning","Tempest"],"picked":"Auto Shields+1","floor":22.0},{"not_picked":["Static Discharge","Seek","Genetic Algorithm"],"picked":"SKIP","floor":24.0},{"not_picked":["Conserve Battery","Auto Shields","Skim"],"picked":"SKIP","floor":25.0},{"not_picked":["Steam","Redo","Leap"],"picked":"SKIP","floor":28.0},{"not_picked":["Self Repair","Coolheaded","Static Discharge"],"picked":"SKIP","floor":31.0},{"not_picked":["Buffer","Meteor Strike"],"picked":"Echo Form","floor":33.0},{"not_picked":["Barrage","Melter","Skim"],"picked":"SKIP","floor":35.0},{"not_picked":["Stack","Rip and Tear","Compile Driver"],"picked":"SKIP","floor":36.0},{"not_picked":["FTL","Doom and Gloom","Compile Driver"],"picked":"SKIP","floor":39.0},{"not_picked":["Doom and Gloom","Compile Driver"],"picked":"FTL","floor":39.0},{"not_picked":["Undo+1","Barrage"],"picked":"Turbo","floor":41.0},{"not_picked":["Cold Snap+1","Ball Lightning+1","Conserve Battery"],"picked":"SKIP","floor":44.0},{"not_picked":["Coolheaded","Streamline+1","Chill"],"picked":"SKIP","floor":46.0},{"not_picked":["Rebound+1","Tempest","All For One+1"],"picked":"Gash+1","floor":48.0},{"not_picked":["Sweeping Beam+1","Coolheaded+1","Hello World"],"picked":"Recycle+1","floor":55.0}],"player_experience":980732,"relics_obtained":[{"floor":8.0,"key":"Pantograph"},{"floor":9.0,"key":"Gremlin Horn"},{"floor":13.0,"key":"Darkstone Periapt"},{"floor":24.0,"key":"War Paint"},{"floor":26.0,"key":"Shuriken"},{"floor":44.0,"key":"Molten Egg 2"},{"floor":47.0,"key":"Question Card"},{"floor":55.0,"key":"Kunai"}],"event_choices":[{"damage_healed":0.0,"max_hp_gain":0.0,"max_hp_loss":0.0,"gold_gain":0.0,"cards_transformed":["Strike_B"],"event_name":"Living Wall","player_choice":"Change","floor":3.0,"gold_loss":0.0,"damage_taken":0.0,"cards_obtained":["Gash"]},{"damage_healed":0.0,"max_hp_gain":0.0,"max_hp_loss":7.0,"gold_gain":0.0,"event_name":"Golden Idol","player_choice":"Lose Max HP","floor":4.0,"gold_loss":0.0,"damage_taken":0.0,"relics_obtained":["Golden Idol"]},{"damage_healed":0.0,"max_hp_gain":0.0,"max_hp_loss":0.0,"gold_gain":0.0,"event_name":"Shining Light","player_choice":"Entered Light","floor":5.0,"gold_loss":0.0,"damage_taken":19.0,"cards_upgraded":["Defragment","Dualcast"]},{"damage_healed":0.0,"max_hp_gain":0.0,"max_hp_loss":0.0,"gold_gain":0.0,"event_name":"Scrap Ooze","player_choice":"Success","floor":7.0,"gold_loss":0.0,"damage_taken":5.0,"relics_obtained":["Omamori"]},{"damage_healed":0.0,"max_hp_gain":0.0,"max_hp_loss":0.0,"gold_gain":50.0,"event_name":"Golden Shrine","player_choice":"Pray","floor":12.0,"gold_loss":0.0,"damage_taken":0.0},{"damage_healed":0.0,"max_hp_gain":0.0,"max_hp_loss":32.0,"gold_gain":0.0,"event_name":"Ghosts","player_choice":"Became a Ghost","floor":27.0,"gold_loss":0.0,"damage_taken":0.0,"cards_obtained":["Ghostly","Ghostly","Ghostly"]},{"damage_healed":0.0,"max_hp_gain":0.0,"max_hp_loss":0.0,"gold_gain":0.0,"event_name":"Vampires","player_choice":"Ignored","floor":29.0,"gold_loss":0.0,"damage_taken":0.0},{"damage_healed":0.0,"max_hp_gain":0.0,"max_hp_loss":0.0,"gold_gain":0.0,"event_name":"Tomb of Lord Red Mask","player_choice":"Ignored","floor":37.0,"gold_loss":0.0,"damage_taken":0.0},{"damage_healed":0.0,"max_hp_gain":0.0,"max_hp_loss":0.0,"gold_gain":0.0,"event_name":"Match and Keep!","player_choice":"1 cards matched","floor":38.0,"gold_loss":0.0,"damage_taken":0.0,"cards_obtained":["Reboot"]}],"is_beta":false,"boss_relics":[{"not_picked":["Cursed Key","Black Star"],"picked":"Pandora\u0027s Box"},{"not_picked":["Inserter","Calling Bell"],"picked":"Lizard Tail"}],"items_purged_floors":[19,45],"is_endless":false,"potions_floor_spawned":[1,16,20,24,25,35,41,44,48,55],"ascension_level":20}