{"gold_per_floor":[110,35,35,54,54,54,89,89,89,89,14,14,31,42,42,120,120,134,0,0,50,67,67,86,86,86,97,97],"floor_reached":28,"playtime":1336,"items_purged":["Strike_G"],"score":482,"play_id":"276a0afd-7788-41df-a543-a3d7853a5f27","local_time":"20190120194028","is_ascension_mode":true,"campfire_choices":[{"floor":6.0,"key":"RECALL"},{"data":"Escape Plan","floor":8.0,"key":"SMITH"},{"data":"Defend_G","floor":10.0,"key":"SMITH"},{"data":"Well Laid Plans","floor":15.0,"key":"SMITH"},{"data":"Malaise","floor":23.0,"key":"SMITH"},{"data":"Calculated Gamble","floor":25,"key":"SMITH"}],"neow_cost":"NONE","seed_source_timestamp":36157773670065,"circlet_count":0,"master_deck":["AscendersBane","Defend_G+1","Strike_G","Strike_G","Survivor+1","Neutralize+1","Escape Plan+1","Terror","Well Laid Plans+1","Malaise+1","Calculated Gamble+1"],"special_seed":0,"relics":["Ring of the Snake","NeowsBlessing","Omamori","The Courier","Empty Cage","Pantograph"],"potions_floor_usage":[28],"damage_taken":[{"damage":0.0,"enemies":"2 Louse","floor":1.0,"turns":1.0},{"damage":0.0,"enemies":"Small Slimes","floor":4.0,"turns":1.0},{"damage":0.0,"enemies":"Gremlin Nob","floor":7.0,"turns":1.0},{"damage":0.0,"enemies":"Cultist","floor":13.0,"turns":4.0},{"damage":0.0,"enemies":"3 Louse","floor":14.0,"turns":5.0},{"damage":4.0,"enemies":"The Guardian","floor":16.0,"turns":13.0},{"damage":0.0,"enemies":"Spheric Guardian","floor":18.0,"turns":11.0},{"damage":0.0,"enemies":"Shell Parasite","floor":22.0,"turns":9.0},{"damage":10.0,"enemies":"Snecko","floor":24.0,"turns":20.0},{"damage":3,"enemies":"Centurion and Healer","floor":27,"turns":10},{"damage":26,"enemies":"3 Cultists","floor":28,"turns":6}],"seed_played":"-2283272210628266017","potions_obtained":[{"floor":4.0,"key":"GhostInAJar"},{"floor":13.0,"key":"Ancient Potion"},{"floor":14.0,"key":"AttackPotion"},{"floor":16.0,"key":"Dexterity Potion"}],"is_trial":false,"path_per_floor":["M","$","?","M","?","R","E","R","T","R","?","?","M","M","R","B",null,"M","?","?","?","M","R","M","R","T","M","M"],"character_chosen":"THE_SILENT","items_purchased":[],"campfire_rested":0,"item_purchase_floors":[],"current_hp_per_floor":[59,59,39,39,32,32,32,32,32,32,32,32,32,32,32,28,57,57,57,57,51,51,51,41,41,41,38,12],"gold":97,"neow_bonus":"THREE_ENEMY_KILL","is_prod":false,"is_daily":false,"chose_seed":false,"campfire_upgraded":5,"win_rate":0,"timestamp":1547984428,"path_taken":["M","$","?","M","?","R","E","R","T","R","?","?","M","?","R","BOSS","M","?","?","?","M","R","?","R","T","M","M"],"build_version":"2019-01-17v2","purchased_purges":1,"victory":false,"max_hp_per_floor":[66,66,66,66,66,66,66,66,66,66,66,66,66,66,66,66,66,66,66,66,66,66,66,66,66,66,66,66],"card_choices":[{"not_picked":["Bane","All Out Attack","PiercingWail"],"picked":"SKIP","floor":1.0},{"not_picked":["Dodge and Roll","Endless Agony"],"picked":"Escape Plan","floor":4.0},{"not_picked":["Leg Sweep","Outmaneuver","Finisher"],"picked":"SKIP","floor":7.0},{"not_picked":["Prepared","Slice"],"picked":"Terror","floor":13.0},{"not_picked":["Infinite Blades","Wraith Form v2"],"picked":"Well Laid Plans","floor":14.0},{"not_picked":["Unload","Burst"],"picked":"Malaise","floor":16.0},{"not_picked":["Predator","Bane"],"picked":"Calculated Gamble","floor":18.0},{"not_picked":["Underhanded Strike","Cloak And Dagger","Concentrate"],"picked":"SKIP","floor":22.0},{"not_picked":["Blade Dance","Backflip","Poisoned Stab"],"picked":"SKIP","floor":24.0},{"not_picked":["Choke","Flying Knee","Dagger Throw+1"],"picked":"SKIP","floor":27}],"player_experience":2080329,"relics_obtained":[{"floor":7.0,"key":"Omamori"},{"floor":9.0,"key":"The Courier"},{"floor":26,"key":"Pantograph"}],"event_choices":[{"damage_healed":0.0,"max_hp_gain":0.0,"max_hp_loss":0.0,"gold_gain":0.0,"event_name":"Shining Light","player_choice":"Entered Light","floor":3.0,"gold_loss":0.0,"damage_taken":20.0,"cards_upgraded":["Neutralize","Survivor"]},{"cards_removed":["Strike_G"],"damage_healed":0.0,"max_hp_gain":0.0,"max_hp_loss":0.0,"gold_gain":0.0,"event_name":"Golden Wing","player_choice":"Card Removal","floor":5.0,"gold_loss":0.0,"damage_taken":7.0},{"cards_removed":["Defend_G"],"damage_healed":0.0,"max_hp_gain":0.0,"max_hp_loss":0.0,"gold_gain":0.0,"event_name":"The Cleric","player_choice":"Card Removal","floor":11.0,"gold_loss":75.0,"damage_taken":0.0},{"cards_removed":["Defend_G"],"damage_healed":0.0,"max_hp_gain":0.0,"max_hp_loss":0.0,"gold_gain":0.0,"event_name":"Bonfire Elementals","player_choice":"Offered Basic","floor":12.0,"gold_loss":0.0,"damage_taken":0.0},{"damage_healed":0.0,"max_hp_gain":0.0,"max_hp_loss":0.0,"gold_gain":0.0,"event_name":"Masked Bandits","player_choice":"Paid Fearfully","floor":19.0,"gold_loss":134.0,"damage_taken":0.0},{"cards_removed":["Defend_G"],"damage_healed":0.0,"max_hp_gain":0.0,"max_hp_loss":0.0,"gold_gain":0.0,"event_name":"Back to Basics","player_choice":"Elegance","floor":20.0,"gold_loss":0.0,"damage_taken":0.0},{"damage_healed":0.0,"max_hp_gain":0.0,"max_hp_loss":0.0,"gold_gain":50.0,"event_name":"FaceTrader","player_choice":"Touch","floor":21.0,"gold_loss":0.0,"damage_taken":6.0}],"is_beta":false,"boss_relics":[{"not_picked":["Orrery","Runic Dome"],"picked":"Empty Cage"}],"items_purged_floors":[2],"is_endless":false,"potions_floor_spawned":[4,13,14,16,18,22,27],"killed_by":"3 Cultists","ascension_level":20}