{"gold_per_floor":[117,137,62,62,17,17,48,48,48,75,75,93,93,108,108,209,209,219,219,119,119,132,157,157,257,282,310,310,327,342,12,12,111,111,123,123,88,98,98,98,108,122,175,175,229,0,0,14,14,14],"floor_reached":51,"playtime":1146,"items_purged":["Strike_B","Strike_B","Defend_B"],"score":731,"play_id":"fbb0bba1-fc1d-4e94-8906-64c2850c8aa2","local_time":"20190619161502","is_ascension_mode":false,"campfire_choices":[{"data":"Dualcast","floor":6.0,"key":"SMITH"},{"data":"Hyperbeam","floor":11.0,"key":"SMITH"},{"data":"Zap","floor":13.0,"key":"SMITH"},{"data":"Coolheaded","floor":15.0,"key":"SMITH"},{"data":"Hyperbeam","floor":24.0,"key":"SMITH"},{"floor":28.0,"key":"DIG"},{"floor":32.0,"key":"DIG"},{"floor":40,"key":"DIG"},{"floor":47,"key":"DIG"},{"floor":49,"key":"DIG"}],"neow_cost":"TEN_PERCENT_HP_LOSS","seed_source_timestamp":22142740118801,"circlet_count":0,"master_deck":["Defend_B+1","Defend_B","Defend_B","Zap+1","Dualcast+1","Genetic Algorithm","White Noise","Ball Lightning+1","Hyperbeam+1","Coolheaded+1","Cold Snap","Hyperbeam+1","Glacier+1","Ball Lightning","Compile Driver+1","Undo+1","Buffer+1","Skim+1","Master of Strategy+1","Recycle+1"],"special_seed":0,"relics":["Cracked Core","Pocketwatch","Bag of Marbles","Odd Mushroom","Coffee Dripper","Omamori","Shovel","Toxic Egg 2","Regal Pillow","Frozen Egg 2","War Paint","ClockworkSouvenir","Whetstone","Fusion Hammer","Blood Vial","Lantern","Art of War","Girya","Red Mask","DataDisk","Strawberry"],"potions_floor_usage":[50,50,50,50,50],"damage_taken":[{"damage":0.0,"enemies":"Cultist","floor":1.0,"turns":3.0},{"damage":0.0,"enemies":"Small Slimes","floor":2.0,"turns":3.0},{"damage":9.0,"enemies":"3 Sentries","floor":7.0,"turns":6.0},{"damage":1.0,"enemies":"The Mushroom Lair","floor":10.0,"turns":2.0},{"damage":0.0,"enemies":"2 Louse","floor":12.0,"turns":2.0},{"damage":5.0,"enemies":"Looter","floor":14.0,"turns":2.0},{"damage":19.0,"enemies":"Slime Boss","floor":16.0,"turns":5.0},{"damage":0.0,"enemies":"Spheric Guardian","floor":18.0,"turns":3.0},{"damage":0.0,"enemies":"3 Byrds","floor":22.0,"turns":2.0},{"damage":7.0,"enemies":"Slavers","floor":23.0,"turns":2.0},{"damage":0.0,"enemies":"Colosseum Slavers","floor":25.0,"turns":1.0},{"damage":0.0,"enemies":"Colosseum Nobs","floor":25.0,"turns":2.0},{"damage":8.0,"enemies":"Gremlin Leader","floor":27.0,"turns":4.0},{"damage":0.0,"enemies":"Snake Plant","floor":29.0,"turns":2.0},{"damage":0.0,"enemies":"Snecko","floor":30.0,"turns":3.0},{"damage":30.0,"enemies":"Automaton","floor":33.0,"turns":8.0},{"damage":0.0,"enemies":"Orb Walker","floor":35.0,"turns":3.0},{"damage":0,"enemies":"3 Shapes","floor":38,"turns":1},{"damage":0,"enemies":"Spire Growth","floor":41,"turns":4},{"damage":3,"enemies":"4 Shapes","floor":42,"turns":1},{"damage":0,"enemies":"2 Orb Walkers","floor":45,"turns":3},{"damage":0,"enemies":"Jaw Worm Horde","floor":48,"turns":1},{"damage":0,"enemies":"Donu and Deca","floor":50,"turns":6}],"seed_played":"7669790019707848790","potions_obtained":[{"floor":1.0,"key":"Weak Potion"},{"floor":4.0,"key":"EntropicBrew"},{"floor":4.0,"key":"Block Potion"},{"floor":14.0,"key":"LiquidBronze"},{"floor":25.0,"key":"GamblersBrew"},{"floor":33.0,"key":"PowerPotion"}],"is_trial":false,"path_per_floor":["M","M","$","?","$","R","E","$","T","?","R","M","R","M","R","B",null,"M","?","$","?","M","E","R","?","T","E","R","M","M","$","R","B",null,"M","?","$","M","?","R","M","M","T","T","?","?","R","M","R","B",null],"character_chosen":"DEFECT","items_purchased":["Ball Lightning","ClockworkSouvenir","Skim+1"],"campfire_rested":0,"item_purchase_floors":[5,31,37],"current_hp_per_floor":[68,68,68,68,68,68,59,59,59,58,58,58,58,53,53,34,68,68,68,68,68,68,61,61,61,61,53,53,53,53,53,53,23,68,68,68,68,68,68,68,68,65,65,65,67,67,67,68,75,75],"gold":14,"neow_bonus":"ONE_RARE_RELIC","is_prod":false,"is_daily":false,"chose_seed":false,"campfire_upgraded":5,"win_rate":0,"timestamp":1560932102,"path_taken":["M","?","$","?","$","R","E","?","T","?","R","M","R","M","R","BOSS","M","?","$","?","M","E","R","?","T","E","R","M","M","$","R","BOSS","M","?","$","M","?","R","M","M","T","?","?","?","R","?","R","BOSS"],"build_version":"2019-01-23","purchased_purges":3,"victory":true,"max_hp_per_floor":[68,68,68,68,68,68,68,68,68,68,68,68,68,68,68,68,68,68,68,68,68,68,68,68,68,68,68,68,68,68,68,68,68,68,68,68,68,68,68,68,68,68,68,68,68,68,68,68,75,75],"card_choices":[{"not_picked":["Lockon","Coolheaded"],"picked":"Genetic Algorithm","floor":1.0},{"not_picked":["Auto Shields","FTL"],"picked":"White Noise","floor":2.0},{"not_picked":["Streamline","Redo"],"picked":"Hyperbeam","floor":7.0},{"not_picked":["Stack","Redo"],"picked":"Coolheaded","floor":10.0},{"not_picked":["Conserve Battery","Rebound","Redo"],"picked":"SKIP","floor":12.0},{"not_picked":["Beam Cell","Coolheaded"],"picked":"Cold Snap","floor":14.0},{"not_picked":["Echo Form","Creative AI"],"picked":"Hyperbeam","floor":16.0},{"not_picked":["Loop","Leap+1"],"picked":"Glacier+1","floor":18.0},{"not_picked":["Chill","Hello World","Sweeping Beam+1"],"picked":"SKIP","floor":22.0},{"not_picked":["Static Discharge","Chill","Gash"],"picked":"SKIP","floor":23.0},{"not_picked":["Leap+1","Steam+1","Cold Snap"],"picked":"SKIP","floor":27.0},{"not_picked":["Coolheaded+1","Redo+1","Defragment+1"],"picked":"SKIP","floor":29.0},{"not_picked":["Capacitor+1","Redo+1"],"picked":"Undo+1","floor":30.0},{"not_picked":["Biased Cognition+1","Multi-Cast+1"],"picked":"Buffer+1","floor":33.0},{"not_picked":["Darkness+1","Redo+1","Sweeping Beam"],"picked":"SKIP","floor":35.0},{"not_picked":["Coolheaded+1","Ball Lightning+1","Self Repair+1"],"picked":"SKIP","floor":38},{"not_picked":["Finesse+1","Blind+1"],"picked":"Master of Strategy+1","floor":39},{"not_picked":["Tempest+1","Darkness+1","Coolheaded+1"],"picked":"SKIP","floor":41},{"not_picked":["Redo+1","Hello World+1","Lockon+1"],"picked":"SKIP","floor":42},{"not_picked":["Blizzard","Leap+1"],"picked":"Recycle+1","floor":45},{"not_picked":["BootSequence+1","Hologram+1","Turbo+1"],"picked":"SKIP","floor":48}],"player_experience":5457771,"relics_obtained":[{"floor":7.0,"key":"Bag of Marbles"},{"floor":10.0,"key":"Odd Mushroom"},{"floor":23.0,"key":"Omamori"},{"floor":25.0,"key":"Shovel"},{"floor":25.0,"key":"Toxic Egg 2"},{"floor":26.0,"key":"Regal Pillow"},{"floor":27.0,"key":"Frozen Egg 2"},{"floor":28.0,"key":"War Paint"},{"floor":32.0,"key":"Whetstone"},{"floor":40,"key":"Blood Vial"},{"floor":43,"key":"Lantern"},{"floor":44,"key":"Art of War"},{"floor":45,"key":"Girya"},{"floor":47,"key":"DataDisk"},{"floor":49,"key":"Strawberry"}],"event_choices":[{"damage_healed":0.0,"max_hp_gain":0.0,"max_hp_loss":0.0,"gold_gain":0.0,"event_name":"Lab","player_choice":"Got Potions","floor":4.0,"gold_loss":0.0,"damage_taken":0.0},{"damage_healed":0.0,"max_hp_gain":0.0,"max_hp_loss":0.0,"gold_gain":0.0,"event_name":"Mushrooms","player_choice":"Fought Mushrooms","floor":10.0,"gold_loss":0.0,"damage_taken":0.0},{"damage_healed":0.0,"max_hp_gain":0.0,"max_hp_loss":0.0,"gold_gain":0.0,"event_name":"The Library","player_choice":"Read","floor":19.0,"gold_loss":0.0,"damage_taken":0.0,"cards_obtained":["Undo"]},{"damage_healed":0.0,"max_hp_gain":0.0,"max_hp_loss":0.0,"gold_gain":0.0,"cards_transformed":["Strike_B","Strike_B"],"event_name":"Drug Dealer","player_choice":"Became Test Subject","floor":21.0,"gold_loss":0.0,"damage_taken":0.0,"cards_obtained":["Ball Lightning","Compile Driver"]},{"damage_healed":0.0,"max_hp_gain":0.0,"max_hp_loss":0.0,"gold_gain":0.0,"event_name":"Colosseum","player_choice":"Fight","floor":25.0,"gold_loss":0.0,"damage_taken":0.0},{"damage_healed":0.0,"max_hp_gain":0.0,"max_hp_loss":0.0,"gold_gain":0.0,"event_name":"Colosseum","player_choice":"Fought Nobs","floor":25.0,"gold_loss":0.0,"damage_taken":0.0},{"cards_removed":["Undo"],"damage_healed":0,"gold_gain":0,"player_choice":"Removed Skill","damage_taken":0,"max_hp_gain":0,"max_hp_loss":0,"event_name":"Falling","floor":36,"gold_loss":0},{"damage_healed":0,"gold_gain":0,"player_choice":"Memory 1","damage_taken":0,"max_hp_gain":0,"max_hp_loss":0,"event_name":"SensoryStone","floor":39,"gold_loss":0},{"damage_healed":0,"gold_gain":0,"player_choice":"Fight","damage_taken":0,"max_hp_gain":0,"max_hp_loss":0,"event_name":"Mysterious Sphere","floor":45,"gold_loss":0},{"damage_healed":0,"gold_gain":0,"player_choice":"Paid","damage_taken":0,"relics_obtained":["Red Mask"],"max_hp_gain":0,"max_hp_loss":0,"event_name":"Tomb of Lord Red Mask","floor":46,"gold_loss":229}],"is_beta":false,"boss_relics":[{"not_picked":["Eternal Feather","Lizard Tail"],"picked":"Coffee Dripper"},{"not_picked":["Black Star","Astrolabe"],"picked":"Fusion Hammer"}],"items_purged_floors":[3,20,31],"is_endless":false,"potions_floor_spawned":[1,14,25,27,29,33,35,42,45],"ascension_level":0}