{"gold_per_floor":[110,128,128,55,55,55,73,73,124,124,136,70,70,90,90,191,191,178,2,2,2,2,16,16,16,16,36,36,46,58,18,18,122,122,140,157,175,25,0,0,12,23,23,36,36,36,36,56,56,56],"floor_reached":51,"playtime":2043,"items_purged":["Strike_G"],"score":662,"play_id":"c90364a2-680f-41d3-bdd1-04a9aae30a22","local_time":"20181015155947","is_ascension_mode":false,"campfire_choices":[{"data":"Well Laid Plans","floor":6.0,"key":"SMITH"},{"data":"Neutralize","floor":8.0,"key":"SMITH"},{"data":"Survivor","floor":11.0,"key":"SMITH"},{"data":"Well Laid Plans","floor":13.0,"key":"SMITH"},{"data":"Deadly Poison","floor":15.0,"key":"SMITH"},{"data":"Catalyst","floor":24.0,"key":"SMITH"},{"data":"Footwork","floor":32.0,"key":"SMITH"},{"data":"Night Terror","floor":40.0,"key":"SMITH"},{"data":"Malaise","floor":46,"key":"SMITH"},{"data":"Noxious Fumes","floor":49,"key":"SMITH"}],"neow_cost":"NONE","seed_source_timestamp":18804531497521,"circlet_count":0,"master_deck":["Defend_G","Defend_G","Defend_G","Defend_G","Strike_G","Survivor+1","Neutralize+1","Well Laid Plans+1","Well Laid Plans+1","Deadly Poison+1","Malaise+1","Mayhem","Crippling Poison","Catalyst+1","Storm of Steel","Well Laid Plans","Deadly Poison+1","Footwork+1","Night Terror+1","Noxious Fumes+1","Acrobatics+1","PiercingWail+1"],"special_seed":0,"relics":["Ring of the Snake","Vajra","MawBank","Eternal Feather","Lantern","Blue Candle","Nilry\u0027s Codex","Busted Crown","Red Mask","Mummified Hand"],"potions_floor_usage":[],"damage_taken":[{"damage":0.0,"enemies":"2 Louse","floor":1.0,"turns":3.0},{"damage":1.0,"enemies":"Cultist","floor":2.0,"turns":4.0},{"damage":0.0,"enemies":"Small Slimes","floor":7.0,"turns":4.0},{"damage":0.0,"enemies":"3 Louse","floor":14.0,"turns":5.0},{"damage":45.0,"enemies":"Slime Boss","floor":16.0,"turns":14.0},{"damage":0.0,"enemies":"2 Thieves","floor":18.0,"turns":4.0},{"damage":0.0,"enemies":"3 Byrds","floor":23.0,"turns":5.0},{"damage":0.0,"enemies":"Snake Plant","floor":27.0,"turns":5.0},{"damage":1.0,"enemies":"Centurion and Healer","floor":29.0,"turns":5.0},{"damage":6.0,"enemies":"Chosen and Byrds","floor":30.0,"turns":7.0},{"damage":3.0,"enemies":"Champ","floor":33.0,"turns":10.0},{"damage":12.0,"enemies":"3 Darklings","floor":35.0,"turns":10.0},{"damage":0.0,"enemies":"Orb Walker","floor":36.0,"turns":4.0},{"damage":10.0,"enemies":"Spire Growth","floor":37.0,"turns":6.0},{"damage":0.0,"enemies":"Maw","floor":41.0,"turns":2.0},{"damage":8,"enemies":"Reptomancer","floor":42,"turns":5},{"damage":0,"enemies":"4 Shapes","floor":44,"turns":7},{"damage":9,"enemies":"Sphere and 2 Shapes","floor":48,"turns":6},{"damage":46,"enemies":"Awakened One","floor":50,"turns":10}],"seed_played":"-6033875412519253428","potions_obtained":[{"floor":3.0,"key":"Block Potion"},{"floor":3.0,"key":"Ancient Potion"},{"floor":3.0,"key":"EssenceOfSteel"},{"floor":7.0,"key":"Explosive Potion"},{"floor":18.0,"key":"Explosive Potion"},{"floor":23.0,"key":"Weak Potion"},{"floor":35.0,"key":"SpeedPotion"},{"floor":44,"key":"SkillPotion"}],"is_trial":false,"path_per_floor":["M","M","?","$","?","R","M","R","T","?","R","$","R","M","R","B",null,"M","$","?","?","?","M","R","?","T","M","?","M","M","$","R","B",null,"M","M","M","$","?","R","M","M","T","M","?","R","$","M","R","B"],"character_chosen":"THE_SILENT","items_purchased":["Well Laid Plans","Well Laid Plans","Mayhem","Footwork","Noxious Fumes"],"campfire_rested":0,"item_purchase_floors":[4,12,19,31,38],"current_hp_per_floor":[70,69,69,69,69,69,69,69,69,69,69,69,69,69,69,24,70,70,70,70,70,70,70,70,70,70,70,54,53,47,47,59,56,70,58,58,48,48,48,60,60,52,52,52,52,64,64,55,67,21],"gold":56,"neow_bonus":"REMOVE_CARD","is_prod":false,"is_daily":false,"chose_seed":false,"campfire_upgraded":10,"win_rate":0,"timestamp":1539590387,"path_taken":["M","M","?","$","?","R","M","R","T","?","R","$","R","M","R","BOSS","M","$","?","?","?","M","R","?","T","M","?","M","?","$","R","BOSS","M","M","M","$","?","R","M","M","T","M","?","R","$","M","R","BOSS"],"build_version":"2018-10-11","purchased_purges":1,"victory":true,"max_hp_per_floor":[70,70,70,70,70,70,70,70,70,70,70,70,70,70,70,70,70,70,70,70,70,70,70,70,70,70,70,70,70,70,70,70,70,70,70,70,70,70,70,70,70,70,70,70,70,70,70,70,70,70],"card_choices":[{"not_picked":["Sucker Punch","Bane","Setup"],"picked":"SKIP","floor":1.0},{"not_picked":["Prepared","Slice","Setup"],"picked":"SKIP","floor":2.0},{"not_picked":["Acrobatics","Cloak And Dagger","Deflect"],"picked":"SKIP","floor":7.0},{"not_picked":["Sucker Punch","Distraction"],"picked":"Deadly Poison","floor":14.0},{"not_picked":["Unload","Phantasmal Killer"],"picked":"Malaise","floor":16.0},{"not_picked":["Tactician","Dagger Spray","Sucker Punch"],"picked":"SKIP","floor":18.0},{"not_picked":["All Out Attack+1","Leg Sweep"],"picked":"Well Laid Plans","floor":23.0},{"not_picked":["Predator+1","Underhanded Strike+1"],"picked":"Deadly Poison+1","floor":27.0},{"not_picked":["Dodge and Roll","Concentrate","Calculated Gamble"],"picked":"SKIP","floor":29.0},{"not_picked":["Acrobatics","Quick Slash","Blade Dance"],"picked":"SKIP","floor":30.0},{"not_picked":["Phantasmal Killer","Die Die Die"],"picked":"Night Terror","floor":33.0},{"not_picked":["Cloak And Dagger"],"picked":"SKIP","floor":35.0},{"not_picked":["Flying Knee+1"],"picked":"SKIP","floor":36.0},{"not_picked":["Riddle With Holes+1"],"picked":"SKIP","floor":37.0},{"not_picked":[],"picked":"Acrobatics+1","floor":41.0},{"not_picked":["Bane"],"picked":"SKIP","floor":42},{"not_picked":["Masterful Stab"],"picked":"SKIP","floor":44},{"not_picked":[],"picked":"PiercingWail+1","floor":48}],"player_experience":211330,"relics_obtained":[{"floor":9.0,"key":"Vajra"},{"floor":26.0,"key":"Blue Candle"},{"floor":28.0,"key":"Nilry\u0027s Codex"},{"floor":43,"key":"Mummified Hand"}],"event_choices":[{"event_name":"The Lab","player_choice":"Got Potions","floor":3.0,"damage_taken":0.0},{"event_name":"Liars Game","player_choice":"disagreed","floor":5.0,"damage_taken":0.0},{"event_name":"Dead Adventurer","player_choice":"Searched \u00272\u0027 times","floor":10.0,"damage_taken":0.0},{"event_name":"The Library","player_choice":"Read","floor":20.0,"damage_taken":0.0},{"event_name":"Drug Dealer","player_choice":"Became Test Subject","floor":21.0,"damage_taken":0.0},{"event_name":"WeMeetAgain","player_choice":"Potion","floor":22.0,"damage_taken":0.0},{"event_name":"The Mausoleum","player_choice":"No","floor":25.0,"damage_taken":0.0},{"event_name":"Cursed Tome","player_choice":"Obtained Book","floor":28.0,"damage_taken":0.0},{"event_name":"Tomb of Lord Red Mask","player_choice":"Paid","floor":39.0,"damage_taken":0.0},{"event_name":"Falling","player_choice":"Removed Skill","floor":45,"damage_taken":0}],"is_beta":false,"boss_relics":[{"not_picked":["HoveringKite","White Beast Statue"],"picked":"Eternal Feather"},{"not_picked":["Sozu","WristBlade"],"picked":"Busted Crown"}],"items_purged_floors":[38],"is_endless":false,"potions_floor_spawned":[7,14,18,23,35,44],"ascension_level":0}