{"gold_per_floor":[109,124,299,309,319,319,289,289,339,365,379,379,379,379,379,500,500,521,535,535,560,560,560,603,603,603,603,603,623,641,258,258,382,382,396,56,389,400,400,400,410,410,434,15,28,46,46,65,65,65],"floor_reached":50,"playtime":10923,"items_purged":["Doubt","Strike_R+1","Strike_R+1"],"score":720,"play_id":"18dedf9a-5a4c-493d-86f3-fc639349ae7a","local_time":"20190727211737","is_ascension_mode":true,"campfire_choices":[{"data":"True Grit","floor":6,"key":"SMITH"},{"data":"Pommel Strike","floor":8,"key":"SMITH"},{"data":"Pommel Strike","floor":12,"key":"SMITH"},{"data":"Shrug It Off","floor":15,"key":"SMITH"},{"data":"RitualDagger","floor":23,"key":"SMITH"},{"data":"Bludgeon","floor":25,"key":"SMITH"},{"data":"Rage","floor":28,"key":"SMITH"},{"floor":32,"key":"REST"},{"data":"Double Tap","floor":40,"key":"SMITH"},{"data":"Searing Blow","floor":42,"key":"SMITH"},{"data":"Shockwave","floor":47,"key":"SMITH"},{"floor":49,"key":"REST"}],"neow_cost":"NONE","seed_source_timestamp":625317528457509,"circlet_count":0,"master_deck":["Strike_R+1","Strike_R+1","Strike_R+1","Defend_R+1","Defend_R+1","Defend_R+1","Defend_R+1","Bash","Battle Trance","True Grit+1","Pommel Strike+1","Pommel Strike+1","Dropkick","Shrug It Off+1","Bludgeon+1","Rage+1","Battle Trance","Rage+1","RitualDagger+1","Impervious","Power Through","Searing Blow+1","Dramatic Entrance","Mayhem","Double Tap+1","True Grit+1","Inflame","Limit Break+1","Ghostly Armor+1","Shockwave+1","Inflame"],"relics":["Burning Blood","Red Skull","Bronze Scales","Sozu","Potion Belt","Bottled Flame","Mercury Hourglass","Philosopher\u0027s Stone","Bag of Preparation","Torii"],"potions_floor_usage":[10,10,24,33],"damage_taken":[{"damage":1,"enemies":"Cultist","floor":1,"turns":4},{"damage":7,"enemies":"Jaw Worm","floor":2,"turns":3},{"damage":0,"enemies":"Small Slimes","floor":4,"turns":3},{"damage":13,"enemies":"3 Louse","floor":5,"turns":5},{"damage":17,"enemies":"3 Sentries","floor":10,"turns":10},{"damage":8,"enemies":"Blue Slaver","floor":11,"turns":4},{"damage":38,"enemies":"The Guardian","floor":16,"turns":14},{"damage":10,"enemies":"3 Byrds","floor":18,"turns":4},{"damage":11,"enemies":"Chosen","floor":19,"turns":6},{"damage":8,"enemies":"Snake Plant","floor":21,"turns":3},{"damage":3,"enemies":"Book of Stabbing","floor":24,"turns":6},{"damage":10,"enemies":"3 Cultists","floor":29,"turns":5},{"damage":21,"enemies":"Shelled Parasite and Fungi","floor":30,"turns":7},{"damage":64,"enemies":"Collector","floor":33,"turns":10},{"damage":1,"enemies":"Orb Walker","floor":35,"turns":3},{"damage":0,"enemies":"3 Darklings","floor":38,"turns":5},{"damage":0,"enemies":"Sphere and 2 Shapes","floor":41,"turns":2},{"damage":0,"enemies":"Jaw Worm Horde","floor":45,"turns":3},{"damage":11,"enemies":"Transient","floor":46,"turns":5},{"damage":26,"enemies":"Maw","floor":48,"turns":7},{"damage":107,"enemies":"Time Eater","floor":50,"turns":9}],"seed_played":"-1070729343695549386","potions_obtained":[{"floor":1,"key":"Dexterity Potion"},{"floor":4,"key":"Fire Potion"},{"floor":7,"key":"Fire Potion"},{"floor":16,"key":"Fire Potion"}],"is_trial":false,"path_per_floor":["M","M","?","M","M","R","?","R","T","E","M","R","?","?","R","B",null,"M","M","?","M","?","R","E","R","T","T","R","M","M","$","R","B",null,"M","$","?","M","?","R","M","R","T","$","M","M","R","M","R","B"],"character_chosen":"IRONCLAD","items_purchased":["Searing Blow","Dramatic Entrance","Mayhem","Inflame","Limit Break","Torii"],"campfire_rested":2,"item_purchase_floors":[31,31,31,36,36,44],"current_hp_per_floor":[85,84,84,88,81,81,81,81,81,70,68,68,73,50,50,18,74,70,65,65,63,57,57,60,60,60,60,60,56,41,41,68,10,72,77,77,77,83,83,83,89,89,89,89,93,88,88,68,93,0],"gold":65,"neow_bonus":"TEN_PERCENT_HP_BONUS","is_prod":false,"is_daily":false,"chose_seed":false,"campfire_upgraded":10,"win_rate":0,"timestamp":1564280257,"path_taken":["M","?","?","M","M","R","?","R","T","E","?","R","?","?","R","BOSS","M","M","?","M","?","R","E","R","T","?","R","M","?","?","R","BOSS","M","$","?","M","?","R","?","R","T","?","M","M","R","?","R","BOSS"],"build_version":"2019-07-17","purchased_purges":3,"victory":false,"max_hp_per_floor":[88,88,88,88,88,88,88,88,88,88,88,88,93,93,93,93,93,93,93,93,93,93,93,93,93,93,93,93,93,93,93,93,93,93,93,93,93,93,93,93,93,93,93,93,93,93,93,93,93,93],"card_choices":[{"not_picked":["Headbutt","Body Slam"],"picked":"Battle Trance","floor":1},{"not_picked":["Havoc","Sword Boomerang"],"picked":"True Grit","floor":2},{"not_picked":["Pummel","Second Wind"],"picked":"Pommel Strike","floor":4},{"not_picked":["Havoc","Anger"],"picked":"Pommel Strike","floor":5},{"not_picked":["Fire Breathing","Flex"],"picked":"Dropkick","floor":10},{"not_picked":["Cleave","Clothesline"],"picked":"Shrug It Off","floor":11},{"not_picked":["Brutality","Berserk"],"picked":"Bludgeon","floor":16},{"not_picked":["Battle Trance","Perfected Strike"],"picked":"Rage+1","floor":18},{"not_picked":["Clash","Combust"],"picked":"Battle Trance","floor":19},{"not_picked":["Feel No Pain","Power Through"],"picked":"Rage","floor":21},{"not_picked":["Rampage","Heavy Blade+1"],"picked":"Impervious","floor":24},{"not_picked":["Dropkick","Corruption","Iron Wave"],"picked":"SKIP","floor":29},{"not_picked":["Pommel Strike","Flex"],"picked":"Power Through","floor":30},{"not_picked":["Juggernaut","Reaper"],"picked":"Double Tap","floor":33},{"not_picked":["Armaments+1","Pommel Strike"],"picked":"True Grit+1","floor":35},{"not_picked":["Flex+1","Warcry+1","Heavy Blade"],"picked":"SKIP","floor":38},{"not_picked":["Flex+1","Warcry+1","Heavy Blade"],"picked":"SKIP","floor":38},{"not_picked":["Burning Pact+1","Wild Strike","True Grit"],"picked":"SKIP","floor":41},{"not_picked":["Shrug It Off","Headbutt"],"picked":"Ghostly Armor+1","floor":45},{"not_picked":["Rupture","Shrug It Off"],"picked":"Shockwave","floor":46},{"not_picked":["Anger","Feed"],"picked":"Inflame","floor":48}],"player_experience":344060,"relics_obtained":[{"floor":9,"key":"Red Skull"},{"floor":10,"key":"Bronze Scales"},{"floor":24,"key":"Potion Belt"},{"floor":26,"key":"Bottled Flame"},{"floor":27,"key":"Mercury Hourglass"},{"floor":43,"key":"Bag of Preparation"}],"event_choices":[{"damage_healed":0,"gold_gain":175,"player_choice":"AGREE","damage_taken":0,"max_hp_gain":0,"max_hp_loss":0,"event_name":"Liars Game","floor":3,"gold_loss":0,"cards_obtained":["Doubt"]},{"damage_healed":0,"gold_gain":0,"player_choice":"Bought 2 Potions","damage_taken":0,"max_hp_gain":0,"max_hp_loss":0,"event_name":"The Woman in Blue","floor":7,"gold_loss":0},{"damage_healed":0,"gold_gain":0,"player_choice":"Donut","damage_taken":0,"max_hp_gain":5,"max_hp_loss":0,"event_name":"Big Fish","floor":13,"gold_loss":0},{"damage_healed":0,"gold_gain":0,"player_choice":"Take Damage","damage_taken":23,"relics_obtained":["Golden Idol"],"max_hp_gain":0,"max_hp_loss":0,"event_name":"Golden Idol","floor":14,"gold_loss":0},{"damage_healed":0,"gold_gain":0,"player_choice":"Simplicity","damage_taken":0,"max_hp_gain":0,"max_hp_loss":0,"event_name":"Back to Basics","floor":20,"gold_loss":0,"cards_upgraded":["Strike_R","Strike_R","Strike_R","Strike_R","Strike_R","Defend_R","Defend_R","Defend_R","Defend_R"]},{"damage_healed":0,"gold_gain":0,"player_choice":"Joined the Cult","damage_taken":6,"max_hp_gain":0,"max_hp_loss":0,"event_name":"Nest","floor":22,"gold_loss":0,"cards_obtained":["RitualDagger"]},{"damage_healed":0,"gold_gain":333,"player_choice":"Gave Idol","damage_taken":0,"max_hp_gain":0,"max_hp_loss":0,"event_name":"The Moai Head","floor":37,"relics_lost":["Golden Idol"],"gold_loss":0},{"damage_healed":0,"gold_gain":0,"player_choice":"Forge","damage_taken":0,"max_hp_gain":0,"max_hp_loss":0,"event_name":"Accursed Blacksmith","floor":39,"gold_loss":0,"cards_upgraded":["Limit Break"]}],"is_beta":false,"boss_relics":[{"not_picked":["Runic Dome","Runic Cube"],"picked":"Sozu"},{"not_picked":["Velvet Choker","Runic Pyramid"],"picked":"Philosopher\u0027s Stone"}],"items_purged_floors":[31,36,44],"is_endless":false,"potions_floor_spawned":[1,4,16,18,21,24,30,41,46],"killed_by":"Time Eater","ascension_level":9}