{"gold_per_floor":[115,128,139,139,153,153,33,63,89,154,154,171,171,191,191,269,269,279,292,292,292,308,308,308,308,335,335,352,366,366,381,381,453,453,466,466,482,482,506,506,535,535,535,535,547,558,573,227,227,227],"floor_reached":50,"playtime":2145,"items_purged":["Strike_B+1"],"score":1098,"play_id":"a0c71057-a4df-438a-be66-9c810af4f556","local_time":"20190224212804","is_ascension_mode":true,"campfire_choices":[{"data":"Streamline","floor":6.0,"key":"SMITH"},{"floor":11.0,"key":"REST"},{"data":"Dualcast","floor":13.0,"key":"SMITH"},{"data":"Buffer","floor":15.0,"key":"SMITH"},{"floor":25.0,"key":"REST"},{"data":"Coolheaded","floor":30.0,"key":"SMITH"},{"data":"Hologram","floor":32.0,"key":"SMITH"},{"data":"Apotheosis","floor":40.0,"key":"SMITH"},{"data":"Turbo","floor":42.0,"key":"SMITH"},{"floor":49.0,"key":"RECALL"}],"neow_cost":"PERCENT_DAMAGE","seed_source_timestamp":607833588716453,"circlet_count":0,"master_deck":["AscendersBane","Defend_B","Defend_B","Defend_B","Defend_B","Zap","Dualcast+1","Coolheaded","Glacier","Compile Driver","Streamline+1","Blizzard+1","Capacitor","Hologram+1","Self Repair","Buffer+1","Reboot","Coolheaded+1","Glacier","Streamline","Electrodynamics","Turbo+1","Apotheosis+1","Coolheaded+1","Glacier"],"special_seed":0,"relics":["Cracked Core","StoneCalendar","Whetstone","Tiny Chest","Sozu","Omamori","Coffee Dripper","Pen Nib","Darkstone Periapt","ClockworkSouvenir"],"potions_floor_usage":[],"damage_taken":[{"damage":7.0,"enemies":"Jaw Worm","floor":1.0,"turns":3.0},{"damage":0.0,"enemies":"Cultist","floor":2.0,"turns":4.0},{"damage":4.0,"enemies":"2 Louse","floor":3.0,"turns":4.0},{"damage":10.0,"enemies":"Exordium Wildlife","floor":5.0,"turns":7.0},{"damage":17.0,"enemies":"Lagavulin","floor":10.0,"turns":7.0},{"damage":2.0,"enemies":"Looter","floor":12.0,"turns":3.0},{"damage":23.0,"enemies":"Large Slime","floor":14.0,"turns":7.0},{"damage":0.0,"enemies":"Slime Boss","floor":16.0,"turns":7.0},{"damage":12.0,"enemies":"Spheric Guardian","floor":18.0,"turns":6.0},{"damage":12.0,"enemies":"3 Byrds","floor":19.0,"turns":7.0},{"damage":6.0,"enemies":"Centurion and Healer","floor":22.0,"turns":6.0},{"damage":14.0,"enemies":"Cultist and Chosen","floor":28.0,"turns":4.0},{"damage":15.0,"enemies":"Snake Plant","floor":29.0,"turns":5.0},{"damage":20.0,"enemies":"Shelled Parasite and Fungi","floor":31.0,"turns":7.0},{"damage":2.0,"enemies":"Champ","floor":33.0,"turns":22.0},{"damage":18.0,"enemies":"3 Darklings","floor":35.0,"turns":7.0},{"damage":0.0,"enemies":"Orb Walker","floor":37.0,"turns":3.0},{"damage":57.0,"enemies":"Reptomancer","floor":41.0,"turns":9.0},{"damage":0.0,"enemies":"Spire Growth","floor":45.0,"turns":7.0},{"damage":0.0,"enemies":"Sphere and 2 Shapes","floor":46.0,"turns":7.0},{"damage":11.0,"enemies":"4 Shapes","floor":47.0,"turns":5.0},{"damage":36,"enemies":"Donu and Deca","floor":50,"turns":7}],"seed_played":"6018033101809087104","potions_obtained":[{"floor":2.0,"key":"Block Potion"},{"floor":3.0,"key":"Dexterity Potion"},{"floor":16.0,"key":"Block Potion"}],"is_trial":false,"path_per_floor":["M","M","M","?","M","R","$","?","T","E","R","M","R","M","R","B",null,"M","M","?","?","M","?","?","R","T","?","M","M","R","M","R","B",null,"M","?","M","?","T","R","E","R","T","?","M","M","M","$","R","B"],"character_chosen":"DEFECT","items_purchased":["Blizzard","Capacitor","ClockworkSouvenir","Glacier"],"campfire_rested":2,"item_purchase_floors":[7,7,48,48],"current_hp_per_floor":[39,39,35,35,25,25,25,25,25,8,29,27,27,11,11,18,58,53,48,48,48,49,49,29,51,51,51,37,29,29,16,16,21,62,51,51,58,58,58,58,11,11,11,11,21,31,30,30,30,0],"gold":227,"neow_bonus":"ONE_RARE_RELIC","is_prod":false,"is_daily":false,"chose_seed":false,"campfire_upgraded":7,"win_rate":0,"timestamp":1551014884,"path_taken":["M","M","M","?","?","R","$","?","T","E","R","M","R","M","R","BOSS","M","M","?","?","M","?","?","R","T","?","M","M","R","M","R","BOSS","M","?","M","?","?","R","E","R","T","?","M","?","M","$","R","BOSS"],"build_version":"2019-01-23","purchased_purges":1,"victory":false,"max_hp_per_floor":[71,71,71,71,71,71,71,71,71,71,71,71,71,71,71,71,71,71,71,71,71,71,71,76,76,76,76,76,76,76,76,76,76,76,76,76,76,76,76,76,76,76,76,76,76,76,76,76,76,76],"card_choices":[{"not_picked":["Rebound","Heatsinks"],"picked":"Coolheaded","floor":1.0},{"not_picked":["Conserve Battery","Coolheaded"],"picked":"Glacier","floor":2.0},{"not_picked":["Hologram","Beam Cell"],"picked":"Compile Driver","floor":3.0},{"not_picked":["Redo","Coolheaded"],"picked":"Streamline","floor":5.0},{"not_picked":["Leap","Reprogram"],"picked":"Hologram","floor":10.0},{"not_picked":["FTL","Melter"],"picked":"Self Repair","floor":12.0},{"not_picked":["Stack","Redo"],"picked":"Buffer","floor":14.0},{"not_picked":["Creative AI","Fission"],"picked":"Reboot","floor":16.0},{"not_picked":["Double Energy","Lockon"],"picked":"Coolheaded","floor":18.0},{"not_picked":["Stack","Conserve Battery"],"picked":"Glacier","floor":19.0},{"not_picked":["Ball Lightning+1","Beam Cell"],"picked":"Compile Driver+1","floor":22.0},{"not_picked":["Aggregate","Rebound","Hyperbeam"],"picked":"SKIP","floor":28.0},{"not_picked":["Coolheaded","Gash","Leap"],"picked":"SKIP","floor":29.0},{"not_picked":["Beam Cell","Chaos","Aggregate"],"picked":"SKIP","floor":31.0},{"not_picked":["Barrage","Go for the Eyes","Redo"],"picked":"SKIP","floor":35.0},{"not_picked":["Sweeping Beam","Ball Lightning","Beam Cell"],"picked":"SKIP","floor":37.0},{"not_picked":["Chrysalis","Metamorphosis"],"picked":"Apotheosis","floor":38.0},{"not_picked":["Sweeping Beam","Turbo+1","Rebound"],"picked":"SKIP","floor":41.0},{"not_picked":["Barrage","Rainbow"],"picked":"Coolheaded+1","floor":45.0},{"not_picked":["Reprogram","Go for the Eyes","Barrage"],"picked":"SKIP","floor":46.0},{"not_picked":["FTL","Leap+1","Conserve Battery"],"picked":"SKIP","floor":47.0}],"player_experience":978587,"relics_obtained":[{"floor":9.0,"key":"Whetstone"},{"floor":10.0,"key":"Tiny Chest"},{"floor":26.0,"key":"Omamori"},{"floor":41.0,"key":"Pen Nib"},{"floor":43.0,"key":"Darkstone Periapt"}],"event_choices":[{"cards_removed":["Strike_B"],"damage_healed":0.0,"max_hp_gain":0.0,"max_hp_loss":0.0,"gold_gain":0.0,"event_name":"Bonfire Elementals","player_choice":"Offered Basic","floor":4.0,"gold_loss":0.0,"damage_taken":0.0},{"damage_healed":0.0,"max_hp_gain":0.0,"max_hp_loss":0.0,"gold_gain":30.0,"event_name":"Dead Adventurer","player_choice":"Searched \u00272\u0027 times","floor":8.0,"gold_loss":0.0,"damage_taken":0.0},{"damage_healed":0.0,"max_hp_gain":0.0,"max_hp_loss":0.0,"gold_gain":0.0,"event_name":"The Mausoleum","player_choice":"Ignored","floor":20.0,"gold_loss":0.0,"damage_taken":0.0},{"damage_healed":0.0,"max_hp_gain":0.0,"max_hp_loss":0.0,"gold_gain":0.0,"cards_transformed":["Strike_B","Strike_B"],"event_name":"Drug Dealer","player_choice":"Became Test Subject","floor":21.0,"gold_loss":0.0,"damage_taken":0.0,"cards_obtained":["Streamline","Electrodynamics"]},{"damage_healed":0.0,"max_hp_gain":0.0,"max_hp_loss":0.0,"gold_gain":0.0,"event_name":"Vampires","player_choice":"Ignored","floor":23.0,"gold_loss":0.0,"damage_taken":0.0},{"damage_healed":0.0,"max_hp_gain":5.0,"max_hp_loss":0.0,"gold_gain":0.0,"event_name":"Forgotten Altar","player_choice":"Shed Blood","floor":24.0,"gold_loss":0.0,"damage_taken":25.0},{"damage_healed":0.0,"max_hp_gain":0.0,"max_hp_loss":0.0,"gold_gain":0.0,"event_name":"The Library","player_choice":"Read","floor":27.0,"gold_loss":0.0,"damage_taken":0.0,"cards_obtained":["Turbo"]},{"cards_removed":["Compile Driver"],"damage_healed":0.0,"max_hp_gain":0.0,"max_hp_loss":0.0,"gold_gain":0.0,"event_name":"Falling","player_choice":"Removed Attack","floor":36.0,"gold_loss":0.0,"damage_taken":0.0},{"damage_healed":0.0,"max_hp_gain":0.0,"max_hp_loss":0.0,"gold_gain":0.0,"event_name":"SensoryStone","player_choice":"Memory 1","floor":38.0,"gold_loss":0.0,"damage_taken":0.0},{"damage_healed":0.0,"max_hp_gain":0.0,"max_hp_loss":0.0,"gold_gain":0.0,"event_name":"Tomb of Lord Red Mask","player_choice":"Ignored","floor":44.0,"gold_loss":0.0,"damage_taken":0.0}],"is_beta":false,"boss_relics":[{"not_picked":["Empty Cage","Cursed Key"],"picked":"Sozu"},{"not_picked":["Black Star","Calling Bell"],"picked":"Coffee Dripper"}],"items_purged_floors":[48],"is_endless":false,"potions_floor_spawned":[2,3,16,18,28,31,47],"killed_by":"Donu and Deca","ascension_level":20}