{"gold_per_floor":[118,118,193,208,222,222,73,73,73,92,92,118,118,129,129,129],"floor_reached":16,"playtime":296,"items_purged":[],"score":200,"play_id":"bb8d2033-ea73-44ac-b018-6d0c1f744726","local_time":"20190123181054","is_ascension_mode":true,"campfire_choices":[{"data":"Dualcast","floor":6,"key":"SMITH"},{"data":"Fission","floor":8,"key":"SMITH"},{"data":"Zap","floor":11,"key":"SMITH"},{"floor":13,"key":"REST"},{"floor":15,"key":"REST"}],"neow_cost":"NONE","seed_source_timestamp":17524081787767,"circlet_count":0,"master_deck":["AscendersBane","Strike_B+1","Strike_B","Strike_B","Strike_B","Defend_B","Defend_B","Defend_B","Defend_B","Zap+1","Dualcast+1","Chill+1","Glacier","Fission+1","Genetic Algorithm","Recycle"],"relics":["Cracked Core","NeowsBlessing","Centennial Puzzle","Peace Pipe"],"potions_floor_usage":[10],"damage_taken":[{"damage":0,"enemies":"Small Slimes","floor":1,"turns":1},{"damage":0,"enemies":"Jaw Worm","floor":4,"turns":1},{"damage":0,"enemies":"Cultist","floor":5,"turns":1},{"damage":2,"enemies":"Large Slime","floor":10,"turns":7},{"damage":21,"enemies":"Lagavulin","floor":12,"turns":8},{"damage":18,"enemies":"Gremlin Gang","floor":14,"turns":4},{"damage":0,"enemies":"Slime Boss","floor":16,"turns":1}],"seed_played":"4867947152870747171","potions_obtained":[{"floor":1,"key":"SteroidPotion"},{"floor":14,"key":"Strength Potion"}],"is_trial":false,"path_per_floor":["M","?","?","M","M","R","$","R","T","M","R","E","R","M","R","B"],"character_chosen":"DEFECT","items_purchased":["Fission"],"campfire_rested":2,"item_purchase_floors":[7],"current_hp_per_floor":[64,43,32,32,32,32,32,32,32,30,30,9,30,12,33,33],"gold":129,"neow_bonus":"THREE_ENEMY_KILL","is_prod":false,"is_daily":false,"chose_seed":false,"campfire_upgraded":3,"win_rate":0,"timestamp":1548238254,"path_taken":["M","?","?","?","M","R","$","R","T","?","R","E","R","M","R","BOSS"],"build_version":"2019-01-17v2","purchased_purges":0,"victory":false,"max_hp_per_floor":[71,71,71,71,71,71,71,71,71,71,71,71,71,71,71,71],"card_choices":[{"not_picked":["Cold Snap","Streamline"],"picked":"Chill","floor":1},{"not_picked":["Turbo","Steam","Rebound"],"picked":"SKIP","floor":4},{"not_picked":["Aggregate","Consume"],"picked":"Glacier","floor":5},{"not_picked":["Hello World","Steam"],"picked":"Genetic Algorithm","floor":10},{"not_picked":["Leap","Turbo"],"picked":"Recycle","floor":12},{"not_picked":["Melter","Barrage","Gash"],"picked":"SKIP","floor":14}],"player_experience":2170682,"relics_obtained":[{"floor":9,"key":"Centennial Puzzle"},{"floor":12,"key":"Peace Pipe"}],"event_choices":[{"damage_healed":0,"gold_gain":0,"player_choice":"Entered Light","damage_taken":21,"max_hp_gain":0,"max_hp_loss":0,"event_name":"Shining Light","floor":2,"gold_loss":0,"cards_upgraded":["Chill","Strike_B"]},{"damage_healed":0,"gold_gain":75,"player_choice":"Gather Gold","damage_taken":11,"max_hp_gain":0,"max_hp_loss":0,"event_name":"World of Goop","floor":3,"gold_loss":0}],"is_beta":false,"boss_relics":[],"items_purged_floors":[],"is_endless":false,"potions_floor_spawned":[1,14],"killed_by":"Slime Boss","ascension_level":20}