{"gold_per_floor":[119,119,18,35,35,35,6,6,6,20,77,77,77,97,97,97],"floor_reached":16,"playtime":379,"items_purged":["Strike_R"],"score":196,"play_id":"f0b1e9b5-4a86-4806-aec2-246236bde74a","local_time":"20190531103931","is_ascension_mode":true,"campfire_choices":[{"data":"Whirlwind","floor":6,"key":"SMITH"},{"data":"Flex","floor":8,"key":"SMITH"},{"data":"True Grit","floor":15,"key":"SMITH"}],"neow_cost":"PERCENT_DAMAGE","seed_source_timestamp":86092006178013,"circlet_count":0,"master_deck":["AscendersBane","Strike_R","Defend_R","Defend_R","Defend_R","Defend_R","Bash","Shrug It Off","Dark Embrace","Flex+1","Whirlwind+1","True Grit+1","Impervious"],"special_seed":0,"relics":["Burning Blood","The Courier","Tiny Chest","Kunai"],"potions_floor_usage":[11,16],"damage_taken":[{"damage":3.0,"enemies":"2 Louse","floor":1.0,"turns":6.0},{"damage":15,"enemies":"Cultist","floor":4,"turns":5},{"damage":5,"enemies":"Jaw Worm","floor":10,"turns":3},{"damage":46,"enemies":"Gremlin Nob","floor":11,"turns":5},{"damage":4,"enemies":"Blue Slaver","floor":14,"turns":9},{"damage":38,"enemies":"Slime Boss","floor":16,"turns":6}],"seed_played":"7071471944551844991","potions_obtained":[{"floor":1.0,"key":"Ancient Potion"},{"floor":14,"key":"Fire Potion"}],"is_trial":false,"path_per_floor":["M","?","$","M","?","R","$","R","T","M","E","T","?","M","R","B"],"character_chosen":"IRONCLAD","items_purchased":["Flex","True Grit"],"campfire_rested":0,"item_purchase_floors":[3,7],"current_hp_per_floor":[53,53,53,44,49,49,49,49,49,50,10,10,10,12,12,0],"gold":97,"neow_bonus":"TRANSFORM_TWO_CARDS","is_prod":false,"is_daily":false,"chose_seed":false,"campfire_upgraded":3,"win_rate":0,"timestamp":1559270371,"path_taken":["M","?","$","?","?","R","$","R","T","M","E","?","?","M","R","BOSS"],"build_version":"2019-01-23","purchased_purges":1,"victory":false,"max_hp_per_floor":[75,75,75,75,80,80,80,80,80,80,80,80,80,80,80,80],"card_choices":[{"not_picked":["Flame Barrier","Twin Strike","Sword Boomerang"],"picked":"SKIP","floor":1.0},{"not_picked":["Whirlwind","Clothesline","Infernal Blade"],"picked":"SKIP","floor":4},{"not_picked":["Clothesline","Infernal Blade"],"picked":"Whirlwind","floor":4},{"not_picked":["Warcry","Wild Strike","Reckless Charge"],"picked":"SKIP","floor":10},{"not_picked":["Thunderclap","Body Slam","Anger"],"picked":"SKIP","floor":11},{"not_picked":["Body Slam","Headbutt"],"picked":"Impervious","floor":14}],"player_experience":4938543,"relics_obtained":[{"floor":9,"key":"The Courier"},{"floor":11,"key":"Tiny Chest"},{"floor":12,"key":"Kunai"}],"event_choices":[{"cards_removed":["Strike_R"],"damage_healed":0.0,"max_hp_gain":0.0,"max_hp_loss":0.0,"gold_gain":0.0,"event_name":"Bonfire Elementals","player_choice":"Offered Basic","floor":2.0,"gold_loss":0.0,"damage_taken":0.0},{"damage_healed":0,"gold_gain":0,"player_choice":"Donut","damage_taken":0,"max_hp_gain":5,"max_hp_loss":0,"event_name":"Big Fish","floor":5,"gold_loss":0},{"damage_healed":0,"gold_gain":0,"player_choice":"Ignored","damage_taken":0,"max_hp_gain":0,"max_hp_loss":0,"event_name":"Shining Light","floor":13,"gold_loss":0}],"is_beta":false,"boss_relics":[],"items_purged_floors":[3],"is_endless":false,"potions_floor_spawned":[1,14],"killed_by":"Slime Boss","ascension_level":20}