{"gold_per_floor":[119,35,35,35,6,6,21,21,98,123,123,147,72,96,96,192,192,217,217,137],"floor_reached":20,"playtime":535,"items_purged":[],"score":324,"play_id":"018482ad-0f30-4882-8dd3-c6846f6b4723","local_time":"20190313195139","is_ascension_mode":true,"campfire_choices":[{"data":"Underhanded Strike","floor":6.0,"key":"SMITH"},{"data":"Bouncing Flask","floor":8.0,"key":"SMITH"},{"data":"Well Laid Plans","floor":11.0,"key":"SMITH"},{"data":"Deadly Poison","floor":15.0,"key":"SMITH"}],"neow_cost":"NONE","seed_source_timestamp":14689973001275,"circlet_count":0,"master_deck":["AscendersBane","Survivor","Neutralize","Escape Plan","Well Laid Plans+1","Underhanded Strike+1","Bouncing Flask+1","Tactician","Backflip","Deadly Poison+1","Grand Finale","Noxious Fumes","Terror","Flechettes","Catalyst","Night Terror","Masterful Stab","Poisoned Stab","Tactician"],"special_seed":0,"relics":["HoveringKite","Golden Idol","Letter Opener","Pandora\u0027s Box"],"potions_floor_usage":[],"damage_taken":[{"damage":8.0,"enemies":"2 Louse","floor":1.0,"turns":3.0},{"damage":4.0,"enemies":"Small Slimes","floor":7.0,"turns":4.0},{"damage":1.0,"enemies":"Cultist","floor":10.0,"turns":4.0},{"damage":8.0,"enemies":"Looter","floor":12.0,"turns":2.0},{"damage":9.0,"enemies":"2 Fungi Beasts","floor":14.0,"turns":4.0},{"damage":23.0,"enemies":"Hexaghost","floor":16.0,"turns":8.0},{"damage":24,"enemies":"Shell Parasite","floor":18,"turns":3},{"damage":31,"enemies":"2 Thieves","floor":20,"turns":2}],"seed_played":"-7865172380574198062","potions_obtained":[{"floor":1.0,"key":"Dexterity Potion"},{"floor":14.0,"key":"PowerPotion"}],"is_trial":false,"path_per_floor":["M","$","?","?","$","R","M","R","T","M","R","M","?","M","R","B",null,"M","?","M"],"character_chosen":"THE_SILENT","items_purchased":["Well Laid Plans","Underhanded Strike"],"campfire_rested":0,"item_purchase_floors":[2,5],"current_hp_per_floor":[51,51,51,51,51,51,47,47,47,46,46,38,38,29,29,6,47,23,23,0],"gold":137,"neow_bonus":"BOSS_RELIC","is_prod":false,"is_daily":false,"chose_seed":false,"campfire_upgraded":4,"win_rate":0,"timestamp":1552477899,"path_taken":["M","$","?","?","$","R","?","R","T","M","R","M","?","M","R","BOSS","M","?","M"],"build_version":"2019-01-23","purchased_purges":0,"victory":false,"max_hp_per_floor":[66,66,60,60,60,60,60,60,60,60,60,60,60,60,60,60,60,60,60,60],"card_choices":[{"not_picked":["Quick Slash","Outmaneuver"],"picked":"Escape Plan","floor":1.0},{"not_picked":["Poisoned Stab","Choke"],"picked":"Bouncing Flask","floor":7.0},{"not_picked":["Calculated Gamble","Deadly Poison"],"picked":"Tactician","floor":10.0},{"not_picked":["Noxious Fumes","PiercingWail"],"picked":"Backflip","floor":12.0},{"not_picked":["All Out Attack","Dagger Throw"],"picked":"Deadly Poison","floor":14.0},{"not_picked":["Burst","Corpse Explosion"],"picked":"Grand Finale","floor":16.0},{"not_picked":["Underhanded Strike","Outmaneuver","Dagger Spray"],"picked":"SKIP","floor":18}],"player_experience":3552358,"relics_obtained":[{"floor":9.0,"key":"Letter Opener"}],"event_choices":[{"damage_healed":0.0,"max_hp_gain":0.0,"max_hp_loss":6.0,"gold_gain":0.0,"event_name":"Golden Idol","player_choice":"Lose Max HP","floor":3.0,"gold_loss":0.0,"damage_taken":0.0,"relics_obtained":["Golden Idol"]},{"cards_removed":["Strike_G"],"damage_healed":0.0,"max_hp_gain":0.0,"max_hp_loss":0.0,"gold_gain":0.0,"event_name":"Purifier","player_choice":"Purged","floor":4.0,"gold_loss":0.0,"damage_taken":0.0},{"cards_removed":["Strike_G"],"damage_healed":0.0,"max_hp_gain":0.0,"max_hp_loss":0.0,"gold_gain":0.0,"event_name":"The Cleric","player_choice":"Card Removal","floor":13.0,"gold_loss":75.0,"damage_taken":0.0},{"damage_healed":0,"gold_gain":0,"player_choice":"Ignored","damage_taken":0,"max_hp_gain":0,"max_hp_loss":0,"event_name":"The Mausoleum","floor":19,"gold_loss":0}],"is_beta":false,"boss_relics":[{"not_picked":["Tiny House","Velvet Choker"],"picked":"Pandora\u0027s Box"}],"items_purged_floors":[],"is_endless":false,"potions_floor_spawned":[1,14,16],"killed_by":"2 Thieves","ascension_level":20}