{"gold_per_floor":[364,364,151,151,168,168,68,68,92,119,119,19,36,55,55,133,133,145,145,145],"floor_reached":20,"playtime":662,"items_purged":["Writhe","Strike_B"],"score":340,"play_id":"dfb0f756-7020-4f00-8156-d787862eed72","local_time":"20190423122144","is_ascension_mode":true,"campfire_choices":[{"data":"Consume","floor":6.0,"key":"SMITH"},{"data":"Melter","floor":8.0,"key":"SMITH"},{"floor":11.0,"key":"REST"},{"data":"Capacitor","floor":15,"key":"SMITH"}],"neow_cost":"CURSE","seed_source_timestamp":72273907121150,"circlet_count":0,"master_deck":["AscendersBane","Strike_B","Strike_B+1","Strike_B","Defend_B","Defend_B","Defend_B","Defend_B","Zap","Dualcast+1","Consume+1","Chill","Impatience","Melter+1","Reprogram+1","Darkness+1","Redo+1","Capacitor+1","Multi-Cast+1","Hologram+1","Ghostly+1","Ghostly+1","Ghostly+1"],"special_seed":0,"relics":["Cracked Core","Oddly Smooth Stone","Toxic Egg 2","Cursed Key"],"potions_floor_usage":[16],"damage_taken":[{"damage":3.0,"enemies":"2 Louse","floor":1.0,"turns":4.0},{"damage":7.0,"enemies":"Jaw Worm","floor":5.0,"turns":3.0},{"damage":29.0,"enemies":"Gremlin Nob","floor":10.0,"turns":4.0},{"damage":0,"enemies":"Small Slimes","floor":13,"turns":2},{"damage":5,"enemies":"Blue Slaver","floor":14,"turns":3},{"damage":24,"enemies":"Slime Boss","floor":16,"turns":6},{"damage":12,"enemies":"3 Byrds","floor":18,"turns":5},{"damage":0,"enemies":"2 Thieves","floor":20,"turns":1}],"seed_played":"-3868779822022813027","potions_obtained":[{"floor":5.0,"key":"Block Potion"},{"floor":13,"key":"Regen Potion"},{"floor":18,"key":"SteroidPotion"}],"is_trial":false,"path_per_floor":["M","?","$","?","M","R","$","R","T","E","R","$","M","M","R","B",null,"M","?","M"],"character_chosen":"DEFECT","items_purchased":["Chill","Impatience","Darkness+1","Redo+1"],"campfire_rested":1,"item_purchase_floors":[3,3,12,12],"current_hp_per_floor":[61,40,40,40,33,33,33,33,33,4,25,25,25,20,20,11,56,44,35,35],"gold":145,"neow_bonus":"TWO_FIFTY_GOLD","is_prod":false,"is_daily":false,"chose_seed":false,"campfire_upgraded":3,"win_rate":0,"timestamp":1555993304,"path_taken":["M","?","$","?","M","R","?","R","T","E","R","$","?","M","R","BOSS","M","?","M"],"build_version":"2019-01-23","purchased_purges":2,"victory":false,"max_hp_per_floor":[71,71,71,71,71,71,71,71,71,71,71,71,71,71,71,71,71,71,35,35],"card_choices":[{"not_picked":["Gash","Cold Snap"],"picked":"Consume","floor":1.0},{"not_picked":["Beam Cell","Leap"],"picked":"Melter","floor":5.0},{"not_picked":["Redo","Doom and Gloom"],"picked":"Reprogram","floor":10.0},{"not_picked":["Hologram+1","Rebound"],"picked":"Capacitor","floor":13},{"not_picked":["Aggregate+1","Streamline","Fusion+1"],"picked":"SKIP","floor":14},{"not_picked":["Fission+1","Meteor Strike"],"picked":"Multi-Cast+1","floor":16},{"not_picked":["Redo+1","Beam Cell"],"picked":"Hologram+1","floor":18}],"player_experience":4454065,"relics_obtained":[{"floor":9.0,"key":"Oddly Smooth Stone"},{"floor":10.0,"key":"Toxic Egg 2"}],"event_choices":[{"damage_healed":0.0,"max_hp_gain":0.0,"max_hp_loss":0.0,"gold_gain":0.0,"event_name":"Shining Light","player_choice":"Entered Light","floor":2.0,"gold_loss":0.0,"damage_taken":21.0,"cards_upgraded":["Strike_B","Dualcast"]},{"damage_healed":0.0,"max_hp_gain":0.0,"max_hp_loss":0.0,"gold_gain":0.0,"event_name":"Liars Game","player_choice":"Ignored","floor":4.0,"gold_loss":0.0,"damage_taken":0.0},{"damage_healed":0,"gold_gain":0,"player_choice":"Became a Ghost","damage_taken":0,"max_hp_gain":0,"max_hp_loss":36,"event_name":"Ghosts","floor":19,"gold_loss":0,"cards_obtained":["Ghostly","Ghostly","Ghostly"]}],"is_beta":false,"boss_relics":[{"not_picked":["Lizard Tail","Tiny House"],"picked":"Cursed Key"}],"items_purged_floors":[3,7],"is_endless":false,"potions_floor_spawned":[5,13,18],"killed_by":"2 Thieves","ascension_level":20}