{"gold_per_floor":[118,135,60,60,77,77,77,112,112,112,130,130,64,78,78,156,156,171,189,189,109,135,135,152,152,178,193,193,218,118,118,118,193,193,211,211,230,56,56,56,56,71,71,71,83,83,83,8,8,8],"floor_reached":50,"playtime":1759,"items_purged":["Strike_G","Strike_G","Defend_G","Defend_G"],"score":961,"play_id":"45298de6-5632-414e-997a-209fb35f3fef","local_time":"20190125185355","is_ascension_mode":true,"campfire_choices":[{"data":"Deadly Poison","floor":6.0,"key":"SMITH"},{"data":"A Thousand Cuts","floor":10.0,"key":"SMITH"},{"data":"Neutralize","floor":12.0,"key":"SMITH"},{"data":"Well Laid Plans","floor":15.0,"key":"SMITH"},{"data":"Burst","floor":23,"key":"SMITH"},{"data":"Tools of the Trade","floor":25,"key":"SMITH"},{"data":"PiercingWail","floor":28,"key":"SMITH"},{"data":"Defend_G","floor":32,"key":"SMITH"},{"data":"A Thousand Cuts","floor":40,"key":"SMITH"},{"data":"PiercingWail","floor":46,"key":"SMITH"},{"floor":49,"key":"RECALL"}],"neow_cost":"NONE","seed_source_timestamp":22686940044842,"circlet_count":0,"master_deck":["AscendersBane","Defend_G+1","Survivor+1","Neutralize+1","PiercingWail+1","Deadly Poison+1","A Thousand Cuts+1","Well Laid Plans+1","Burst+1","Tools of the Trade+1","A Thousand Cuts+1","PiercingWail+1","A Thousand Cuts+1","PiercingWail+1"],"special_seed":0,"relics":["Ring of the Snake","NeowsBlessing","WarpedTongs","Mummified Hand","The Courier","Black Star","theJungle:SpiritDisease","Spirit Poop","Potion Belt","Oddly Smooth Stone","Pantograph","Runic Pyramid","Membership Card","Letter Opener"],"potions_floor_usage":[42,50,50,50,50],"damage_taken":[{"damage":0.0,"enemies":"2 Louse","floor":1.0,"turns":1.0},{"damage":0.0,"enemies":"Cultist","floor":2.0,"turns":1.0},{"damage":0.0,"enemies":"Jaw Worm","floor":5.0,"turns":1.0},{"damage":15.0,"enemies":"Lagavulin","floor":8.0,"turns":7.0},{"damage":4.0,"enemies":"Blue Slaver","floor":11.0,"turns":3.0},{"damage":0.0,"enemies":"Exordium Thugs","floor":14.0,"turns":3.0},{"damage":6.0,"enemies":"The Guardian","floor":16.0,"turns":10.0},{"damage":0.0,"enemies":"theJungle:5_Spyders","floor":18.0,"turns":4.0},{"damage":10.0,"enemies":"theJungle:MUSHROOMGANG","floor":19.0,"turns":8.0},{"damage":7,"enemies":"theJungle:SlimyTreeVines","floor":24,"turns":9},{"damage":16,"enemies":"theJungle:Lyon","floor":27,"turns":5},{"damage":0,"enemies":"theJungle:Cassacara","floor":29,"turns":7},{"damage":30,"enemies":"theJungle:FunGuy","floor":33,"turns":11},{"damage":9,"enemies":"3 Shapes","floor":35,"turns":6},{"damage":0,"enemies":"3 Darklings","floor":37,"turns":3},{"damage":6,"enemies":"Writhing Mass","floor":42,"turns":7},{"damage":0,"enemies":"Maw","floor":45,"turns":7},{"damage":56,"enemies":"Awakened One","floor":50,"turns":7}],"seed_played":"7163689763266456203","potions_obtained":[{"floor":5.0,"key":"SkillPotion"},{"floor":11.0,"key":"Explosive Potion"},{"floor":14.0,"key":"Block Potion"},{"floor":24,"key":"EntropicBrew"},{"floor":27,"key":"EssenceOfSteel"},{"floor":29,"key":"FearPotion"},{"floor":37,"key":"SpeedPotion"},{"floor":42,"key":"Poison Potion"}],"is_trial":false,"path_per_floor":["M","M","$","?","M","R","?","E","T","R","M","R","$","M","R","B",null,"M","M","?","$","T","R","M","R","T","M","R","E","$","?","R","B",null,"M","?","M","$","T","R","?","M","T","?","M","R","?","$","R","B"],"character_chosen":"THE_SILENT","items_purchased":["Well Laid Plans","Membership Card"],"campfire_rested":0,"item_purchase_floors":[13,38],"current_hp_per_floor":[59,59,59,59,59,59,52,37,37,37,33,33,33,33,33,27,56,56,46,46,46,46,46,45,45,45,29,29,29,29,29,29,24,56,47,47,47,47,47,47,47,41,41,41,41,41,31,31,31,0],"gold":8,"neow_bonus":"THREE_ENEMY_KILL","is_prod":false,"is_daily":false,"chose_seed":false,"campfire_upgraded":10,"win_rate":0,"timestamp":1548413635,"path_taken":["M","M","$","?","?","R","?","E","T","R","M","R","$","M","R","BOSS","M","M","?","$","?","R","M","R","T","?","R","E","$","?","R","BOSS","M","?","M","$","?","R","?","?","T","?","M","R","?","?","R","BOSS"],"build_version":"2019-01-23","purchased_purges":4,"victory":false,"max_hp_per_floor":[66,66,66,66,66,66,66,66,66,66,66,66,66,66,66,66,66,66,66,66,66,66,66,66,66,66,66,66,66,66,66,66,66,66,66,66,66,66,66,66,66,66,66,66,66,66,66,66,66,66],"card_choices":[{"not_picked":["Blade Dance","Slice"],"picked":"PiercingWail","floor":1.0},{"not_picked":["Flying Knee","Predator"],"picked":"Deadly Poison","floor":2.0},{"not_picked":["Flying Knee","Dagger Throw","Crippling Poison"],"picked":"SKIP","floor":5.0},{"not_picked":["Backflip","Prepared"],"picked":"A Thousand Cuts","floor":8.0},{"not_picked":["Deadly Poison","Predator","Outmaneuver"],"picked":"SKIP","floor":11.0},{"not_picked":["Setup","Slice"],"picked":"Burst","floor":14.0},{"not_picked":["Storm of Steel","Unload"],"picked":"Tools of the Trade","floor":16.0},{"not_picked":["Sucker Punch","Slice","Deflect"],"picked":"SKIP","floor":18.0},{"not_picked":["Eviscerate","Outmaneuver","Blade Dance+1"],"picked":"SKIP","floor":19.0},{"not_picked":["Deadly Poison","Deflect","Poisoned Stab"],"picked":"SKIP","floor":24},{"not_picked":["Backflip","All Out Attack","Blur"],"picked":"SKIP","floor":27},{"not_picked":["Flying Knee","Escape Plan","Crippling Poison"],"picked":"SKIP","floor":29},{"not_picked":["Venomology","Envenom"],"picked":"A Thousand Cuts","floor":33},{"not_picked":["Poisoned Stab","Blur","Outmaneuver"],"picked":"SKIP","floor":35},{"not_picked":["Eviscerate","PiercingWail","Dagger Spray"],"picked":"SKIP","floor":37},{"not_picked":["Eviscerate","Dagger Spray"],"picked":"PiercingWail","floor":37},{"not_picked":["Doppelganger","Slice"],"picked":"PiercingWail+1","floor":42},{"not_picked":["Sucker Punch","Flying Knee","Endless Agony"],"picked":"SKIP","floor":45}],"player_experience":2241298,"relics_obtained":[{"floor":8.0,"key":"Mummified Hand"},{"floor":9.0,"key":"The Courier"},{"floor":22,"key":"Spirit Poop"},{"floor":26,"key":"Potion Belt"},{"floor":29,"key":"Oddly Smooth Stone"},{"floor":29,"key":"Pantograph"},{"floor":43,"key":"Letter Opener"}],"event_choices":[{"damage_healed":0.0,"max_hp_gain":0.0,"max_hp_loss":0.0,"gold_gain":0.0,"event_name":"Accursed Blacksmith","player_choice":"Rummage","floor":4.0,"gold_loss":0.0,"damage_taken":0.0,"relics_obtained":["WarpedTongs"],"cards_obtained":["Pain"]},{"cards_removed":["Pain"],"damage_healed":0.0,"max_hp_gain":0.0,"max_hp_loss":0.0,"gold_gain":0.0,"event_name":"Golden Wing","player_choice":"Card Removal","floor":7.0,"gold_loss":0.0,"damage_taken":7.0},{"damage_healed":0,"gold_gain":0,"player_choice":"Upgraded","damage_taken":0,"max_hp_gain":0,"max_hp_loss":0,"event_name":"Upgrade Shrine","floor":31,"gold_loss":0,"cards_upgraded":["Survivor"]},{"cards_removed":["Defend_G"],"damage_healed":0,"gold_gain":0,"player_choice":"Card Removal","damage_taken":0,"max_hp_gain":0,"max_hp_loss":0,"event_name":"Wheel of Change","floor":36,"gold_loss":0},{"damage_healed":0,"gold_gain":0,"player_choice":"Copied","damage_taken":0,"max_hp_gain":0,"max_hp_loss":0,"event_name":"Duplicator","floor":41,"gold_loss":0,"cards_obtained":["A Thousand Cuts"]},{"cards_removed":["Defend_G"],"damage_healed":0,"gold_gain":0,"player_choice":"Removed Skill","damage_taken":0,"max_hp_gain":0,"max_hp_loss":0,"event_name":"Falling","floor":44,"gold_loss":0},{"damage_healed":0,"gold_gain":0,"player_choice":"Memory 3","damage_taken":10,"max_hp_gain":0,"max_hp_loss":0,"event_name":"SensoryStone","floor":47,"gold_loss":0}],"is_beta":false,"boss_relics":[{"not_picked":["HoveringKite","Ectoplasm"],"picked":"Black Star"},{"not_picked":["Lizard Tail","Pandora\u0027s Box"],"picked":"Runic Pyramid"}],"items_purged_floors":[3,21,30,48],"is_endless":false,"potions_floor_spawned":[5,11,14,16,24,27,29,37,42],"killed_by":"Awakened One","ascension_level":20}