{"gold_per_floor":[361,361,181,191,204,232,250,250,250,250,150,162,172,187,187,266,266,281,281,255,68,78,78,94,94,164,264,139,139],"floor_reached":29,"playtime":1382,"items_purged":["Strike_R","Strike_R","Strike_R"],"score":504,"play_id":"5364d8cb-0d85-49f1-9006-a7ad2dd538c9","local_time":"20190108231203","is_ascension_mode":true,"campfire_choices":[{"data":"True Grit","floor":8.0,"key":"SMITH"},{"floor":10.0,"key":"REST"},{"data":"Bash","floor":15.0,"key":"SMITH"},{"data":"Corruption","floor":23.0,"key":"SMITH"},{"data":"Flash of Steel","floor":25.0,"key":"SMITH"}],"neow_cost":"PERCENT_DAMAGE","seed_source_timestamp":40762382637750,"circlet_count":0,"master_deck":["AscendersBane","Strike_R","Strike_R","Defend_R","Defend_R","Defend_R","Defend_R","Bash+1","Dropkick","Deep Breath","Burning Pact","True Grit+1","Shrug It Off","Second Wind","Ghostly","Ghostly","Ghostly","Flash of Steel+1","Corruption+1","Rage"],"special_seed":0,"relics":["Burning Blood","PreservedInsect","Lantern","Runic Cube","Bottled Lightning","Calipers","Mercury Hourglass"],"potions_floor_usage":[27],"damage_taken":[{"damage":17.0,"enemies":"Small Slimes","floor":1.0,"turns":4.0},{"damage":10.0,"enemies":"2 Louse","floor":4.0,"turns":3.0},{"damage":9.0,"enemies":"Jaw Worm","floor":5.0,"turns":4.0},{"damage":20.0,"enemies":"Lagavulin","floor":6.0,"turns":5.0},{"damage":37.0,"enemies":"Large Slime","floor":7.0,"turns":10.0},{"damage":0.0,"enemies":"3 Louse","floor":12.0,"turns":6.0},{"damage":7.0,"enemies":"Looter","floor":13.0,"turns":4.0},{"damage":19.0,"enemies":"Large Slime","floor":14.0,"turns":10.0},{"damage":24.0,"enemies":"The Guardian","floor":16.0,"turns":5.0},{"damage":20.0,"enemies":"Spheric Guardian","floor":18.0,"turns":7.0},{"damage":0.0,"enemies":"2 Thieves","floor":20.0,"turns":5.0},{"damage":13.0,"enemies":"Shelled Parasite and Fungi","floor":22.0,"turns":5.0},{"damage":19.0,"enemies":"3 Cultists","floor":24.0,"turns":5.0},{"damage":12,"enemies":"Colosseum Slavers","floor":27,"turns":4},{"damage":0,"enemies":"Colosseum Nobs","floor":27,"turns":4},{"damage":0,"enemies":"Chosen and Byrds","floor":29,"turns":1}],"seed_played":"-8569527327432832817","potions_obtained":[{"floor":5.0,"key":"EssenceOfSteel"},{"floor":7.0,"key":"GamblersBrew"},{"floor":14.0,"key":"SkillPotion"},{"floor":16.0,"key":"FearPotion"},{"floor":20.0,"key":"PowerPotion"},{"floor":22.0,"key":"Explosive Potion"}],"is_trial":false,"path_per_floor":["M","?","$","M","M","E","M","R","T","R","$","M","M","M","R","B",null,"M","?","M","$","M","R","M","R","T","?","$","M"],"character_chosen":"IRONCLAD","items_purchased":["Deep Breath","Flash of Steel","Corruption"],"campfire_rested":1,"item_purchase_floors":[3,21,21],"current_hp_per_floor":[39,64,64,60,57,43,12,12,12,34,34,40,39,26,26,8,58,44,37,37,37,30,30,17,17,17,17,17,17],"gold":139,"neow_bonus":"TWO_FIFTY_GOLD","is_prod":false,"is_daily":false,"chose_seed":false,"campfire_upgraded":4,"win_rate":0,"timestamp":1546960323,"path_taken":["M","?","$","M","M","E","M","R","T","R","$","M","M","M","R","BOSS","M","?","M","$","M","R","M","R","T","?","$","M"],"build_version":"2019-01-03v4","purchased_purges":3,"victory":false,"max_hp_per_floor":[75,75,75,75,75,75,75,75,75,75,75,75,75,75,75,75,75,75,37,37,37,37,37,37,37,37,37,37,37],"card_choices":[{"not_picked":["Thunderclap","Rampage"],"picked":"Dropkick","floor":1.0},{"not_picked":["Pommel Strike","True Grit"],"picked":"Burning Pact","floor":4.0},{"not_picked":["Anger","Wild Strike"],"picked":"True Grit","floor":5.0},{"not_picked":["Dual Wield","Intimidate","Disarm"],"picked":"SKIP","floor":6.0},{"not_picked":["Feel No Pain","Combust","Sever Soul"],"picked":"SKIP","floor":7.0},{"not_picked":["Battle Trance","Uppercut","Flame Barrier"],"picked":"SKIP","floor":12.0},{"not_picked":["Bloodletting","Clothesline"],"picked":"Shrug It Off","floor":13.0},{"not_picked":["Anger","Sever Soul","Reaper"],"picked":"SKIP","floor":14.0},{"not_picked":["Clothesline","Battle Trance"],"picked":"Second Wind","floor":18.0},{"not_picked":["Headbutt","Iron Wave","True Grit"],"picked":"SKIP","floor":20.0},{"not_picked":["Inflame","Second Wind","Pummel"],"picked":"SKIP","floor":22.0},{"not_picked":["Havoc","Armaments+1","True Grit"],"picked":"SKIP","floor":24.0},{"not_picked":["Sword Boomerang","Anger"],"picked":"Rage","floor":27}],"player_experience":1868449,"relics_obtained":[{"floor":6.0,"key":"PreservedInsect"},{"floor":9.0,"key":"Lantern"},{"floor":26.0,"key":"Bottled Lightning"},{"floor":27,"key":"Calipers"},{"floor":27,"key":"Mercury Hourglass"}],"event_choices":[{"damage_healed":25.0,"max_hp_gain":0.0,"max_hp_loss":0.0,"gold_gain":0.0,"event_name":"Big Fish","player_choice":"Banana","floor":2.0,"gold_loss":0.0,"damage_taken":0.0},{"damage_healed":0.0,"max_hp_gain":0.0,"max_hp_loss":38.0,"gold_gain":0.0,"event_name":"Ghosts","player_choice":"Became a Ghost","floor":19.0,"gold_loss":0.0,"damage_taken":0.0,"cards_obtained":["Ghostly","Ghostly","Ghostly"]},{"damage_healed":0,"gold_gain":0,"player_choice":"Fight","damage_taken":0,"max_hp_gain":0,"max_hp_loss":0,"event_name":"Colosseum","floor":27,"gold_loss":0},{"damage_healed":0,"gold_gain":0,"player_choice":"Fought Nobs","damage_taken":0,"max_hp_gain":0,"max_hp_loss":0,"event_name":"Colosseum","floor":27,"gold_loss":0}],"is_beta":false,"boss_relics":[{"not_picked":["Lizard Tail","Mark of Pain"],"picked":"Runic Cube"}],"items_purged_floors":[3,11,28],"is_endless":false,"potions_floor_spawned":[5,7,14,16,20,22],"killed_by":"Chosen and Byrds","ascension_level":20}