{"gold_per_floor":[113,131,151,171,96,96,114,14,63,98,98,110,110,125,125,226,226,226,226,226,226,176,176,176,176,176,10,10,10,10,10,10,10,10,10,10,10,10,10,10,10,10,10,10,10,10,10,10,10,10],"floor_reached":51,"playtime":1836,"items_purged":["Strike_G","Strike_G"],"score":771,"play_id":"7730d861-bcc4-4252-b1ef-eb27d21ddc3b","local_time":"20181024031331","is_ascension_mode":false,"campfire_choices":[{"data":"Catalyst","floor":6.0,"key":"SMITH"},{"data":"Bouncing Flask","floor":13.0,"key":"SMITH"},{"data":"Bouncing Flask","floor":15.0,"key":"SMITH"},{"data":"Burst","floor":23.0,"key":"SMITH"},{"data":"Footwork","floor":25.0,"key":"SMITH"},{"data":"Corpse Explosion","floor":29.0,"key":"SMITH"},{"data":"Neutralize","floor":32.0,"key":"SMITH"},{"data":"Blind","floor":40,"key":"SMITH"},{"data":"Offering","floor":42,"key":"SMITH"},{"data":"Reboot","floor":47,"key":"SMITH"},{"floor":49,"key":"REST"}],"neow_cost":"NONE","seed_source_timestamp":174818257112,"circlet_count":0,"master_deck":["Defend_G+1","Defend_G","Defend_G","Defend_G","Defend_G","Strike_G+1","Survivor","Neutralize+1","Backflip","Burst+1","Catalyst+1","Bouncing Flask+1","Footwork+1","Bouncing Flask+1","Corpse Explosion+1","Escape Plan","PiercingWail+1","Bullet Time","Ball Lightning+1","BootSequence+1","Reboot+1","PiercingWail+1","Blind+1","Offering+1","Bandage Up+1","Magnetism","Panache","Violence","Shrug It Off"],"special_seed":0,"relics":["Ring of the Snake","NeowsBlessing","Anchor","Ectoplasm","Nloth\u0027s Gift","Smiling Mask","The Courier","PrismaticShard","Tiny House","Whetstone"],"potions_floor_usage":[50,50],"damage_taken":[{"damage":0.0,"enemies":"Jaw Worm","floor":1.0,"turns":1.0},{"damage":0.0,"enemies":"Cultist","floor":2.0,"turns":1.0},{"damage":0.0,"enemies":"2 Louse","floor":3.0,"turns":1.0},{"damage":3.0,"enemies":"Gremlin Gang","floor":4.0,"turns":9.0},{"damage":2.0,"enemies":"Blue Slaver","floor":7.0,"turns":5.0},{"damage":24.0,"enemies":"3 Sentries","floor":10.0,"turns":10.0},{"damage":0.0,"enemies":"Large Slime","floor":12.0,"turns":2.0},{"damage":0.0,"enemies":"Red Slaver","floor":14.0,"turns":3.0},{"damage":0.0,"enemies":"Slime Boss","floor":16.0,"turns":3.0},{"damage":0.0,"enemies":"Chosen","floor":18.0,"turns":2.0},{"damage":0.0,"enemies":"Spheric Guardian","floor":19.0,"turns":1.0},{"damage":0.0,"enemies":"Gremlin Leader","floor":24.0,"turns":5.0},{"damage":3.0,"enemies":"Shelled Parasite and Fungi","floor":28.0,"turns":3.0},{"damage":0.0,"enemies":"Centurion and Healer","floor":30.0,"turns":3.0},{"damage":0.0,"enemies":"Cultist and Chosen","floor":31.0,"turns":5.0},{"damage":40.0,"enemies":"Collector","floor":33.0,"turns":8.0},{"damage":0.0,"enemies":"3 Shapes","floor":35.0,"turns":1.0},{"damage":0.0,"enemies":"3 Darklings","floor":36.0,"turns":3.0},{"damage":7,"enemies":"Sphere and 2 Shapes","floor":41,"turns":4},{"damage":6,"enemies":"4 Shapes","floor":44,"turns":2},{"damage":12,"enemies":"Writhing Mass","floor":45,"turns":4},{"damage":13,"enemies":"Spire Growth","floor":48,"turns":4},{"damage":18,"enemies":"Donu and Deca","floor":50,"turns":4}],"seed_played":"-765462107988433919","potions_obtained":[{"floor":3.0,"key":"GamblersBrew"},{"floor":4.0,"key":"Energy Potion"},{"floor":7.0,"key":"Dexterity Potion"},{"floor":10.0,"key":"GamblersBrew"},{"floor":28.0,"key":"SkillPotion"},{"floor":33.0,"key":"SteroidPotion"},{"floor":34.0,"key":"FairyPotion"},{"floor":35.0,"key":"Dexterity Potion"}],"is_trial":false,"path_per_floor":["M","M","M","M","$","R","M","$","T","E","?","M","R","M","R","B",null,"M","M","?","?","?","R","E","R","T","$","M","R","M","M","R","B",null,"M","M","?","?","?","R","M","R","T","M","M","?","R","M","R","B"],"character_chosen":"THE_SILENT","items_purchased":["PrismaticShard"],"campfire_rested":1,"item_purchase_floors":[27],"current_hp_per_floor":[70,70,70,67,67,67,65,65,65,41,41,41,41,41,41,41,70,70,70,70,57,57,57,57,57,57,57,54,54,54,54,54,14,80,80,80,80,80,80,80,73,73,73,67,67,57,57,50,74,62],"gold":10,"neow_bonus":"THREE_ENEMY_KILL","is_prod":false,"is_daily":false,"chose_seed":false,"campfire_upgraded":10,"win_rate":0,"timestamp":1540322011,"path_taken":["M","M","M","M","$","R","M","$","T","E","?","M","R","M","R","BOSS","M","M","?","?","?","R","E","R","T","$","M","R","M","M","R","BOSS","M","M","?","?","?","R","M","R","T","M","?","?","R","M","R","BOSS"],"build_version":"2018-10-18","purchased_purges":2,"victory":true,"max_hp_per_floor":[70,70,70,70,70,70,70,70,70,70,70,70,70,70,70,70,70,70,70,70,75,75,75,75,75,75,75,75,75,75,75,75,75,80,80,80,80,80,80,80,80,80,80,80,80,80,80,80,80,80],"card_choices":[{"not_picked":["Sucker Punch","Deflect"],"picked":"Backflip","floor":1.0},{"not_picked":["Acrobatics","Backflip"],"picked":"Burst","floor":2.0},{"not_picked":["All Out Attack","Dodge and Roll"],"picked":"Catalyst","floor":3.0},{"not_picked":["Prepared","Tactician"],"picked":"Bouncing Flask","floor":4.0},{"not_picked":["Caltrops","Infinite Blades"],"picked":"Footwork","floor":7.0},{"not_picked":["Poisoned Stab","Acrobatics","Masterful Stab"],"picked":"SKIP","floor":10.0},{"not_picked":["Dagger Spray","Eviscerate","Acrobatics"],"picked":"SKIP","floor":12.0},{"not_picked":["Underhanded Strike","Concentrate"],"picked":"Bouncing Flask","floor":14.0},{"not_picked":["Night Terror","Wraith Form v2"],"picked":"Corpse Explosion","floor":16.0},{"not_picked":["Masterful Stab","Cloak And Dagger"],"picked":"Escape Plan","floor":18.0},{"not_picked":["Blur","Infinite Blades"],"picked":"PiercingWail+1","floor":19.0},{"not_picked":["Setup","Flying Knee"],"picked":"Bullet Time","floor":24.0},{"not_picked":["Compile Driver+1","Dagger Spray","Beam Cell"],"picked":"SKIP","floor":28.0},{"not_picked":["Storm+1","Heatsinks"],"picked":"Ball Lightning+1","floor":30.0},{"not_picked":["Warcry+1","FTL"],"picked":"BootSequence+1","floor":31.0},{"not_picked":["Amplify","Secret Technique"],"picked":"Reboot","floor":33.0},{"not_picked":["Searing Blow+1","Chaos","Havoc"],"picked":"SKIP","floor":35.0},{"not_picked":["Concentrate+1","Sword Boomerang+1"],"picked":"PiercingWail+1","floor":36.0},{"not_picked":["Heavy Blade","Havoc+1"],"picked":"Offering","floor":41},{"not_picked":["Redo+1","Steam"],"picked":"Bandage Up+1","floor":44},{"not_picked":["Iron Wave","Tempest","Stack"],"picked":"SKIP","floor":45},{"not_picked":["Impatience","Deep Breath"],"picked":"Magnetism","floor":46},{"not_picked":["Finesse","Jack Of All Trades"],"picked":"Panache","floor":46},{"not_picked":["Dramatic Entrance","Jack Of All Trades"],"picked":"Violence","floor":46},{"not_picked":["Compile Driver+1","Havoc+1"],"picked":"Shrug It Off","floor":48}],"player_experience":585196,"relics_obtained":[{"floor":9.0,"key":"Anchor"},{"floor":10.0,"key":"Sundial"},{"floor":24.0,"key":"Smiling Mask"},{"floor":26.0,"key":"The Courier"},{"floor":43,"key":"Whetstone"}],"event_choices":[{"cards_removed":["Strike_G"],"damage_healed":0.0,"max_hp_gain":0.0,"max_hp_loss":0.0,"gold_gain":0.0,"event_name":"Bonfire Elementals","player_choice":"Offered Basic","floor":11.0,"gold_loss":0.0,"damage_taken":0.0},{"damage_healed":0.0,"max_hp_gain":0.0,"max_hp_loss":0.0,"gold_gain":0.0,"event_name":"N\u0027loth","player_choice":"Traded Relic","floor":20.0,"relics_lost":["Sundial"],"gold_loss":0.0,"damage_taken":0.0,"relics_obtained":["Nloth\u0027s Gift"]},{"damage_healed":0.0,"max_hp_gain":5.0,"max_hp_loss":0.0,"gold_gain":0.0,"event_name":"Forgotten Altar","player_choice":"Shed Blood","floor":21.0,"gold_loss":0.0,"damage_taken":18.0},{"damage_healed":0.0,"max_hp_gain":0.0,"max_hp_loss":0.0,"gold_gain":100.0,"event_name":"The Joust","player_choice":"Bet on Murderer","floor":22.0,"gold_loss":50.0,"damage_taken":0.0},{"damage_healed":0,"gold_gain":0,"player_choice":"Ignored","damage_taken":0,"max_hp_gain":0,"max_hp_loss":0,"event_name":"Mysterious Sphere","floor":37,"gold_loss":0},{"cards_removed":["Strike_G"],"damage_healed":0,"gold_gain":0,"player_choice":"Removed Attack","damage_taken":0,"max_hp_gain":0,"max_hp_loss":0,"event_name":"Falling","floor":38,"gold_loss":0},{"damage_healed":0,"gold_gain":0,"player_choice":"1 cards matched","damage_taken":0,"max_hp_gain":0,"max_hp_loss":0,"event_name":"Match and Keep!","floor":39,"gold_loss":0,"cards_obtained":["Blind"]},{"damage_healed":0,"gold_gain":0,"player_choice":"Memory 3","damage_taken":10,"max_hp_gain":0,"max_hp_loss":0,"event_name":"SensoryStone","floor":46,"gold_loss":0}],"is_beta":false,"boss_relics":[{"not_picked":["HoveringKite","Snecko Eye"],"picked":"Ectoplasm"},{"not_picked":["Ring of the Serpent","Eternal Feather"],"picked":"Tiny House"}],"items_purged_floors":[5,8],"is_endless":false,"potions_floor_spawned":[3,4,7,10,12,19,28,33,35],"ascension_level":0}