{"gold_per_floor":[360,64,75,102,27,27,44,75,147,147],"floor_reached":10,"playtime":261,"items_purged":["Strike_G"],"score":132,"play_id":"4ab0f2fa-861d-4481-b3cd-001d0bb5fe35","local_time":"20190210101120","is_ascension_mode":true,"campfire_choices":[{"data":"Deadly Poison","floor":6,"key":"SMITH"}],"neow_cost":"TEN_PERCENT_HP_LOSS","seed_source_timestamp":5852360296948,"circlet_count":0,"master_deck":["AscendersBane","Defend_G","Defend_G","Defend_G","Defend_G","Defend_G","Strike_G","Strike_G","Strike_G","Survivor","Neutralize","Leg Sweep","Deadly Poison+1","Tools of the Trade"],"relics":["Ring of the Snake","Happy Flower","Smiling Mask","Mummified Hand","Singing Bowl"],"potions_floor_usage":[],"damage_taken":[{"damage":7,"enemies":"Cultist","floor":1,"turns":6},{"damage":7,"enemies":"Jaw Worm","floor":3,"turns":6},{"damage":0,"enemies":"2 Louse","floor":7,"turns":3},{"damage":7,"enemies":"Lagavulin","floor":8,"turns":8},{"damage":45,"enemies":"Gremlin Nob","floor":10,"turns":4}],"seed_played":"-6430612883008438298","potions_obtained":[{"floor":1,"key":"Dexterity Potion"}],"is_trial":false,"path_per_floor":["M","$","M","T","?","R","M","E","T","E"],"character_chosen":"THE_SILENT","items_purchased":["Deadly Poison","Happy Flower"],"campfire_rested":0,"item_purchase_floors":[2,2],"current_hp_per_floor":[52,52,45,45,45,45,45,38,38,0],"gold":147,"neow_bonus":"TWO_FIFTY_GOLD","is_prod":false,"is_daily":false,"chose_seed":false,"campfire_upgraded":1,"win_rate":0,"timestamp":1549764680,"path_taken":["M","$","M","?","?","R","M","E","T","E"],"build_version":"2019-01-23","purchased_purges":1,"victory":false,"max_hp_per_floor":[60,60,60,60,60,60,60,60,60,60],"card_choices":[{"not_picked":["Terror","Flying Knee"],"picked":"Leg Sweep","floor":1},{"not_picked":["Acrobatics","PiercingWail","Flying Knee"],"picked":"SKIP","floor":3},{"not_picked":["Dodge and Roll","Poisoned Stab","Slice"],"picked":"SKIP","floor":7},{"not_picked":["Infinite Blades","Bane"],"picked":"Tools of the Trade","floor":8}],"player_experience":2562192,"relics_obtained":[{"floor":4,"key":"Smiling Mask"},{"floor":8,"key":"Mummified Hand"},{"floor":9,"key":"Singing Bowl"}],"event_choices":[{"cards_removed":["Strike_G"],"damage_healed":0,"gold_gain":0,"player_choice":"Card Removal","damage_taken":0,"max_hp_gain":0,"max_hp_loss":0,"event_name":"The Cleric","floor":5,"gold_loss":75}],"is_beta":false,"boss_relics":[],"items_purged_floors":[2],"is_endless":false,"potions_floor_spawned":[1],"killed_by":"Gremlin Nob","ascension_level":20}