{"gold_per_floor":[117,117,42,42,59,89,89,123,149,149],"floor_reached":10,"playtime":382,"items_purged":["Regret"],"score":137,"play_id":"9fdca7fd-dc9f-4fa1-b30c-09acd76d7fcd","local_time":"20190518003931","is_ascension_mode":true,"campfire_choices":[{"floor":7,"key":"REST"}],"neow_cost":"NONE","seed_source_timestamp":18729408680586,"circlet_count":0,"master_deck":["AscendersBane","Strike_R","Strike_R","Strike_R","Strike_R","Strike_R","Defend_R","Defend_R","Defend_R","Defend_R","Bash","Shrug It Off","Shockwave","Inflame","Cleave"],"special_seed":0,"relics":["Burning Blood","Anchor","Peace Pipe","Ancient Tea Set","Orichalcum"],"potions_floor_usage":[6,10],"damage_taken":[{"damage":15.0,"enemies":"Small Slimes","floor":1.0,"turns":5.0},{"damage":6.0,"enemies":"Cultist","floor":5.0,"turns":4.0},{"damage":42,"enemies":"3 Sentries","floor":6,"turns":10},{"damage":50,"enemies":"Lagavulin","floor":8,"turns":7},{"damage":14,"enemies":"3 Sentries","floor":10,"turns":2}],"seed_played":"817315725252391281","potions_obtained":[{"floor":0.0,"key":"BloodPotion"},{"floor":0.0,"key":"PowerPotion"},{"floor":6,"key":"Swift Potion"}],"is_trial":false,"path_per_floor":["M","?","$","?","M","E","R","E","T","E"],"character_chosen":"IRONCLAD","items_purchased":[],"campfire_rested":1,"item_purchase_floors":[],"current_hp_per_floor":[59,59,59,59,66,30,52,8,8,0],"gold":149,"neow_bonus":"THREE_SMALL_POTIONS","is_prod":false,"is_daily":false,"chose_seed":false,"campfire_upgraded":0,"win_rate":0,"timestamp":1558132771,"path_taken":["M","?","$","?","?","E","R","E","T","E"],"build_version":"2019-01-23","purchased_purges":1,"victory":false,"max_hp_per_floor":[75,75,75,75,75,75,75,75,75,75],"card_choices":[{"not_picked":["Pummel","Flex"],"picked":"Shrug It Off","floor":1.0},{"not_picked":["Second Wind","Sentinel"],"picked":"Shockwave","floor":5.0},{"not_picked":["Shrug It Off","Thunderclap"],"picked":"Inflame","floor":6},{"not_picked":["Sword Boomerang","Dropkick"],"picked":"Cleave","floor":8}],"player_experience":583472,"relics_obtained":[{"floor":6,"key":"Peace Pipe"},{"floor":8,"key":"Ancient Tea Set"},{"floor":9,"key":"Orichalcum"}],"event_choices":[{"damage_healed":0.0,"max_hp_gain":0.0,"max_hp_loss":0.0,"gold_gain":0.0,"event_name":"Big Fish","player_choice":"Box","floor":2.0,"gold_loss":0.0,"damage_taken":0.0,"relics_obtained":["Anchor"],"cards_obtained":["Regret"]},{"damage_healed":0.0,"max_hp_gain":0.0,"max_hp_loss":0.0,"gold_gain":0.0,"event_name":"Lab","player_choice":"Got Potions","floor":4.0,"gold_loss":0.0,"damage_taken":0.0}],"is_beta":false,"boss_relics":[],"items_purged_floors":[3],"is_endless":false,"potions_floor_spawned":[1,6],"killed_by":"3 Sentries","ascension_level":17}