{"gold_per_floor":[116,116,130,130,12,12,44,44,44,61,75,75,91,109,109,202,202,215,215,0,0,10,10,10],"floor_reached":24,"playtime":450,"items_purged":[],"score":442,"play_id":"02bc4942-4d70-4ac3-b70c-03e08ee4feca","local_time":"20190609144246","is_ascension_mode":true,"campfire_choices":[{"data":"Defragment","floor":6.0,"key":"SMITH"},{"data":"Turbo","floor":8,"key":"SMITH"},{"floor":15,"key":"REST"},{"floor":23,"key":"REST"}],"neow_cost":"NONE","seed_source_timestamp":267009721835370,"circlet_count":0,"master_deck":["AscendersBane","Strike_B","Strike_B","Strike_B","Defend_B","Defend_B","Defend_B","Defend_B","Zap","Dualcast","Turbo+1","Echo Form","Cold Snap","Defragment+1","Compile Driver","Consume","Genetic Algorithm","Thunder Strike","BootSequence","Core Surge","Turbo","Defragment","Turbo"],"special_seed":0,"relics":["Cracked Core","NeowsBlessing","Sundial","The Courier","Bloody Idol","Inserter"],"potions_floor_usage":[14,16,18,22,24,24],"damage_taken":[{"damage":0.0,"enemies":"2 Louse","floor":1.0,"turns":1.0},{"damage":0.0,"enemies":"Cultist","floor":3.0,"turns":1.0},{"damage":0.0,"enemies":"Lagavulin","floor":7.0,"turns":2.0},{"damage":7,"enemies":"Small Slimes","floor":10,"turns":3},{"damage":24,"enemies":"3 Louse","floor":11,"turns":3},{"damage":9,"enemies":"2 Fungi Beasts","floor":13,"turns":4},{"damage":0,"enemies":"Exordium Thugs","floor":14,"turns":4},{"damage":27,"enemies":"The Guardian","floor":16,"turns":10},{"damage":29,"enemies":"3 Byrds","floor":18,"turns":4},{"damage":14,"enemies":"Chosen","floor":22,"turns":5},{"damage":45,"enemies":"Book of Stabbing","floor":24,"turns":3}],"seed_played":"7028995565429867070","potions_obtained":[{"floor":10,"key":"Energy Potion"},{"floor":13,"key":"FearPotion"},{"floor":14,"key":"EssenceOfSteel"},{"floor":16,"key":"LiquidBronze"},{"floor":22,"key":"EntropicBrew"}],"is_trial":false,"path_per_floor":["M","?","M","?","$","R","E","R","T","M","M","?","M","M","R","B",null,"M","?","$","?","M","R","E"],"character_chosen":"DEFECT","items_purchased":["Defragment","Compile Driver","Core Surge","Turbo","Defragment","PowerPotion"],"campfire_rested":2,"item_purchase_floors":[5,5,20,20,20,20],"current_hp_per_floor":[64,64,64,53,53,53,53,53,53,46,22,22,13,13,32,5,49,20,20,20,20,11,30,0],"gold":10,"neow_bonus":"THREE_ENEMY_KILL","is_prod":false,"is_daily":false,"chose_seed":false,"campfire_upgraded":2,"win_rate":0,"timestamp":1560058966,"path_taken":["M","?","?","?","$","R","E","R","T","M","M","?","M","M","R","BOSS","M","?","?","?","M","R","E"],"build_version":"2019-01-23","purchased_purges":0,"victory":false,"max_hp_per_floor":[71,71,71,71,71,71,71,71,71,71,71,64,64,64,64,64,64,64,64,64,64,64,64,64],"card_choices":[{"not_picked":["Streamline","Leap"],"picked":"Turbo","floor":1.0},{"not_picked":["Scrape","Gash"],"picked":"Cold Snap","floor":3.0},{"not_picked":["Streamline","FTL"],"picked":"Consume","floor":7},{"not_picked":["Aggregate","Rip and Tear","Hello World"],"picked":"SKIP","floor":10},{"not_picked":["Turbo","Steam"],"picked":"Genetic Algorithm","floor":11},{"not_picked":["FTL","Thunder Strike","Doom and Gloom"],"picked":"SKIP","floor":13},{"not_picked":["FTL","Doom and Gloom"],"picked":"Thunder Strike","floor":13},{"not_picked":["Redo","Streamline","Barrage"],"picked":"SKIP","floor":14},{"not_picked":["Go for the Eyes","Ball Lightning"],"picked":"BootSequence","floor":18},{"not_picked":["Gash","Conserve Battery"],"picked":"Turbo","floor":22}],"player_experience":575044,"relics_obtained":[{"floor":7,"key":"The Courier"}],"event_choices":[{"damage_healed":0.0,"max_hp_gain":0.0,"max_hp_loss":0.0,"gold_gain":0.0,"cards_transformed":["Strike_B"],"event_name":"Transmorgrifier","player_choice":"Transformed","floor":2.0,"gold_loss":0.0,"damage_taken":0.0,"cards_obtained":["Echo Form"]},{"damage_healed":0.0,"max_hp_gain":0.0,"max_hp_loss":0.0,"gold_gain":0.0,"event_name":"Scrap Ooze","player_choice":"Success","floor":4.0,"gold_loss":0.0,"damage_taken":11.0,"relics_obtained":["Sundial"]},{"damage_healed":0,"gold_gain":0,"player_choice":"Lose Max HP","damage_taken":0,"relics_obtained":["Golden Idol"],"max_hp_gain":0,"max_hp_loss":7,"event_name":"Golden Idol","floor":12,"gold_loss":0},{"damage_healed":0,"gold_gain":0,"player_choice":"Gave Idol","damage_taken":0,"relics_obtained":["Bloody Idol"],"max_hp_gain":0,"max_hp_loss":0,"event_name":"Forgotten Altar","floor":19,"relics_lost":["Golden Idol"],"gold_loss":0}],"is_beta":false,"boss_relics":[{"not_picked":["Busted Crown","Tiny House"],"picked":"Inserter"}],"items_purged_floors":[],"is_endless":false,"potions_floor_spawned":[10,13,14,16,22],"killed_by":"Book of Stabbing","ascension_level":20}