{"gold_per_floor":[117,127,127,127,52,80,80,99,126,126,157,157,174,184,184,287,287,305,315,315,328,328,328,358,358,410,410,224,224,224,241,241,339,339,353,179,192,192,67,67,67,67,116,163,175,187,199,223,235,247],"floor_reached":51,"playtime":2085,"items_purged":["Strike_G","Strike_G","Strike_G+1"],"score":851,"play_id":"59282e12-b2c1-486d-83ec-c208179afb43","local_time":"20181104102503","is_ascension_mode":false,"campfire_choices":[{"data":"Poisoned Stab","floor":7.0,"key":"SMITH"},{"data":"Footwork","floor":10.0,"key":"SMITH"},{"data":"Venomology","floor":12.0,"key":"SMITH"},{"data":"Poisoned Stab","floor":15.0,"key":"SMITH"},{"data":"Catalyst","floor":23.0,"key":"SMITH"},{"data":"Night Terror","floor":25.0,"key":"SMITH"},{"data":"Night Terror","floor":27.0,"key":"SMITH"},{"data":"Catalyst","floor":32.0,"key":"SMITH"},{"data":"Dark Shackles","floor":42,"key":"SMITH"}],"neow_cost":"NONE","seed_source_timestamp":430202246596,"circlet_count":0,"master_deck":["Defend_G+1","Defend_G+1","Defend_G+1","Defend_G+1","Defend_G+1","Strike_G+1","Strike_G+1","Survivor+1","Neutralize+1","Backflip+1","Poisoned Stab+1","Footwork+1","Venomology+1","Poisoned Stab+1","Night Terror+1","Backflip+1","Footwork+1","Catalyst+1","Night Terror+1","Catalyst+1","Noxious Fumes+1","Glass Knife+1","Well Laid Plans+1","Dark Shackles+1"],"special_seed":0,"relics":["Ring of the Snake","NeowsBlessing","Blood Vial","Lantern","Incense Burner","Coffee Dripper","Anchor","Oddly Smooth Stone","Mark of the Bloom","MawBank","Matryoshka","Ornamental Fan","Vajra"],"potions_floor_usage":[37,44,44,50,50,50,50],"damage_taken":[{"damage":0.0,"enemies":"Small Slimes","floor":1.0,"turns":1.0},{"damage":0.0,"enemies":"Cultist","floor":2.0,"turns":1.0},{"damage":0.0,"enemies":"3 Sentries","floor":6.0,"turns":2.0},{"damage":1.0,"enemies":"2 Louse","floor":8.0,"turns":2.0},{"damage":5.0,"enemies":"Lagavulin","floor":11.0,"turns":8.0},{"damage":13.0,"enemies":"Large Slime","floor":13.0,"turns":7.0},{"damage":11.0,"enemies":"Lots of Slimes","floor":14.0,"turns":5.0},{"damage":23.0,"enemies":"The Guardian","floor":16.0,"turns":9.0},{"damage":0.0,"enemies":"3 Byrds","floor":18.0,"turns":6.0},{"damage":0.0,"enemies":"Chosen","floor":19.0,"turns":5.0},{"damage":0.0,"enemies":"Snecko","floor":21.0,"turns":6.0},{"damage":0.0,"enemies":"Book of Stabbing","floor":24.0,"turns":6.0},{"damage":0.0,"enemies":"3 Cultists","floor":30.0,"turns":2.0},{"damage":0.0,"enemies":"Snake Plant","floor":31.0,"turns":3.0},{"damage":37.0,"enemies":"Automaton","floor":33.0,"turns":8.0},{"damage":2,"enemies":"Orb Walker","floor":35,"turns":5},{"damage":0,"enemies":"3 Darklings","floor":37,"turns":9},{"damage":0,"enemies":"Nemesis","floor":44,"turns":5},{"damage":0,"enemies":"Writhing Mass","floor":48,"turns":3},{"damage":0,"enemies":"Donu and Deca","floor":50,"turns":9}],"seed_played":"7203293191371771214","potions_obtained":[{"floor":2.0,"key":"Weak Potion"},{"floor":8.0,"key":"GhostInAJar"},{"floor":18.0,"key":"Ancient Potion"}],"is_trial":false,"path_per_floor":["M","M","$","?","$","E","R","M","T","R","E","R","M","M","R","B",null,"M","M","?","M","?","R","E","R","T","R","$","?","M","M","R","B",null,"M","$","M","?","$","?","?","R","T","E","R","?","T","M","R","B",null],"character_chosen":"THE_SILENT","items_purchased":["Footwork","Catalyst","Noxious Fumes","Well Laid Plans"],"campfire_rested":0,"item_purchase_floors":[5,28,28,36],"current_hp_per_floor":[70,70,70,70,70,70,70,69,69,69,65,65,54,45,45,24,70,70,70,70,70,70,70,70,70,70,70,70,70,70,70,70,33,70,68,68,70,70,70,70,70,70,70,70,70,70,70,70,70,70],"gold":259,"neow_bonus":"THREE_ENEMY_KILL","is_prod":false,"is_daily":false,"chose_seed":false,"campfire_upgraded":9,"win_rate":0,"timestamp":1541298303,"path_taken":["M","M","$","?","$","E","R","M","T","R","E","R","M","M","R","BOSS","M","?","?","M","?","R","E","R","T","R","$","?","M","?","R","BOSS","M","$","M","?","$","?","?","R","T","E","R","?","?","M","R","BOSS"],"build_version":"2018-11-01","purchased_purges":3,"victory":true,"max_hp_per_floor":[70,70,70,70,70,70,70,70,70,70,70,70,70,70,70,70,70,70,70,70,70,70,70,70,70,70,70,70,70,70,70,70,70,70,70,70,70,70,70,70,70,70,70,70,70,70,70,70,70,70],"card_choices":[{"not_picked":["Endless Agony","Sucker Punch"],"picked":"Backflip","floor":1.0},{"not_picked":["Bane","Acrobatics"],"picked":"Poisoned Stab","floor":2.0},{"not_picked":["Slice","Bane","Riddle With Holes"],"picked":"SKIP","floor":6.0},{"not_picked":["Underhanded Strike","Quick Slash"],"picked":"Venomology","floor":8.0},{"not_picked":["Blade Dance","Deflect","Prepared"],"picked":"SKIP","floor":11.0},{"not_picked":["Bane","Dagger Throw"],"picked":"Infinite Blades","floor":13.0},{"not_picked":["Prepared","Cloak And Dagger"],"picked":"Poisoned Stab","floor":14.0},{"not_picked":["Venomology","Wraith Form v2"],"picked":"Night Terror","floor":16.0},{"not_picked":["Acrobatics+1","Outmaneuver"],"picked":"Backflip","floor":18.0},{"not_picked":["Dodge and Roll","Poisoned Stab","Underhanded Strike"],"picked":"SKIP","floor":19.0},{"not_picked":["Tactician","Deflect"],"picked":"Footwork","floor":21.0},{"not_picked":["Bouncing Flask","Heel Hook"],"picked":"Night Terror","floor":24.0},{"not_picked":["Flying Knee+1","Bane","Calculated Gamble"],"picked":"SKIP","floor":31.0},{"not_picked":["A Thousand Cuts","Bullet Time"],"picked":"Glass Knife","floor":33.0},{"not_picked":["Underhanded Strike","Bane+1","Quick Slash"],"picked":"SKIP","floor":35},{"not_picked":["Tactician","Prepared+1","Expertise"],"picked":"SKIP","floor":37},{"not_picked":["Jack Of All Trades","Good Instincts"],"picked":"Dark Shackles","floor":41},{"not_picked":["Bane","Predator+1","Deflect+1"],"picked":"SKIP","floor":44},{"not_picked":["Skewer+1","Flying Knee+1","Tactician+1"],"picked":"SKIP","floor":48}],"player_experience":847024,"relics_obtained":[{"floor":6.0,"key":"Blood Vial"},{"floor":9.0,"key":"Lantern"},{"floor":11.0,"key":"Incense Burner"},{"floor":24.0,"key":"Anchor"},{"floor":26.0,"key":"Oddly Smooth Stone"},{"floor":43,"key":"MawBank"},{"floor":44,"key":"Matryoshka"},{"floor":47,"key":"Ornamental Fan"},{"floor":47,"key":"Vajra"}],"event_choices":[{"damage_healed":0.0,"max_hp_gain":0.0,"max_hp_loss":0.0,"gold_gain":0.0,"event_name":"Upgrade Shrine","player_choice":"Upgraded","floor":4.0,"gold_loss":0.0,"damage_taken":0.0,"cards_upgraded":["Neutralize"]},{"damage_healed":0.0,"max_hp_gain":0.0,"max_hp_loss":0.0,"gold_gain":0.0,"event_name":"Cursed Tome","player_choice":"Ignored","floor":20.0,"gold_loss":0.0,"damage_taken":0.0},{"damage_healed":0.0,"max_hp_gain":0.0,"max_hp_loss":0.0,"gold_gain":0.0,"event_name":"The Library","player_choice":"Read","floor":22.0,"gold_loss":0.0,"damage_taken":0.0,"cards_obtained":["Catalyst"]},{"damage_healed":0.0,"max_hp_gain":0.0,"max_hp_loss":0.0,"gold_gain":0.0,"event_name":"Match and Keep!","player_choice":"0 cards matched","floor":29.0,"gold_loss":0.0,"damage_taken":0.0,"cards_obtained":[]},{"damage_healed":0,"gold_gain":0,"player_choice":"Upgrade","damage_taken":0,"relics_obtained":["Mark of the Bloom"],"max_hp_gain":0,"max_hp_loss":0,"event_name":"MindBloom","floor":38,"gold_loss":0,"cards_upgraded":["Defend_G","Defend_G","Defend_G","Defend_G","Defend_G","Strike_G","Strike_G","Strike_G","Survivor","Backflip","Infinite Blades","Backflip","Footwork","Noxious Fumes","Glass Knife","Well Laid Plans"]},{"cards_removed":["Infinite Blades"],"damage_healed":0,"gold_gain":0,"player_choice":"Removed Power","damage_taken":0,"max_hp_gain":0,"max_hp_loss":0,"event_name":"Falling","floor":40,"gold_loss":0},{"damage_healed":0,"gold_gain":0,"player_choice":"Memory 1","damage_taken":0,"max_hp_gain":0,"max_hp_loss":0,"event_name":"SensoryStone","floor":41,"gold_loss":0},{"damage_healed":0,"gold_gain":0,"player_choice":"Ignored","damage_taken":0,"max_hp_gain":0,"max_hp_loss":0,"event_name":"Mysterious Sphere","floor":46,"gold_loss":0}],"is_beta":false,"boss_relics":[{"not_picked":["Ectoplasm","Eternal Feather"],"picked":"Coffee Dripper"},{"not_picked":["Calling Bell","HoveringKite","Pandora\u0027s Box"]}],"items_purged_floors":[28,36,39],"is_endless":false,"potions_floor_spawned":[2,8,14,18,30,33,35,48],"ascension_level":0}