{"gold_per_floor":[115,115,56,56,56,56,56,68,93,121,22,22,34,53,53,127,127,138,38,53,53,71,71,91,91,146,126,161,177,100,111,111,111],"floor_reached":33,"playtime":775,"items_purged":["Strike_G","Strike_G"],"score":580,"play_id":"c3b3adb1-c35c-43b2-9555-2b4ad71c176f","local_time":"20190728184404","is_ascension_mode":true,"campfire_choices":[{"data":"Deadly Poison","floor":6.0,"key":"SMITH"},{"data":"Deadly Poison","floor":12.0,"key":"SMITH"},{"data":"Neutralize","floor":15.0,"key":"SMITH"},{"data":"Burst","floor":23.0,"key":"SMITH"},{"data":"Backflip","floor":25.0,"key":"SMITH"},{"floor":32,"key":"REST"}],"neow_cost":"NONE","seed_source_timestamp":92332710071000,"circlet_count":0,"master_deck":["AscendersBane","Strike_G","Defend_G","Defend_G","Defend_G","Defend_G","Defend_G","Survivor","Neutralize+1","Deadly Poison+1","Unload","Backflip+1","Tools of the Trade","Deadly Poison+1","Burst+1","Acrobatics","Corpse Explosion"],"special_seed":0,"relics":["Ring of the Snake","NeowsBlessing","Anchor","Snake Skull","Sozu","Bag of Preparation","Matryoshka"],"potions_floor_usage":[33],"damage_taken":[{"damage":0.0,"enemies":"Small Slimes","floor":1.0,"turns":1.0},{"damage":0.0,"enemies":"Cultist","floor":8.0,"turns":1.0},{"damage":0.0,"enemies":"3 Sentries","floor":10.0,"turns":1.0},{"damage":0.0,"enemies":"Jaw Worm","floor":13.0,"turns":3.0},{"damage":0.0,"enemies":"2 Fungi Beasts","floor":14.0,"turns":2.0},{"damage":8.0,"enemies":"Hexaghost","floor":16.0,"turns":8.0},{"damage":1.0,"enemies":"Chosen","floor":18.0,"turns":3.0},{"damage":2.0,"enemies":"Shell Parasite","floor":20.0,"turns":5.0},{"damage":0.0,"enemies":"Centurion and Healer","floor":22.0,"turns":5.0},{"damage":6.0,"enemies":"Snake Plant","floor":24.0,"turns":5.0},{"damage":11.0,"enemies":"Slavers","floor":28.0,"turns":6.0},{"damage":10.0,"enemies":"Chosen and Byrds","floor":29.0,"turns":5.0},{"damage":15,"enemies":"3 Cultists","floor":31,"turns":4},{"damage":38,"enemies":"Collector","floor":33,"turns":3}],"seed_played":"-6976571000436896844","potions_obtained":[{"floor":1.0,"key":"AttackPotion"},{"floor":13.0,"key":"SmokeBomb"},{"floor":16.0,"key":"EssenceOfSteel"}],"is_trial":false,"path_per_floor":["M","?","$","?","?","R","$","M","T","E","$","R","M","M","R","B",null,"M","$","M","$","M","R","M","R","T","?","E","M","$","M","R","B"],"character_chosen":"THE_SILENT","items_purchased":["Deadly Poison","Deadly Poison","Corpse Explosion"],"campfire_rested":1,"item_purchase_floors":[3,11,30],"current_hp_per_floor":[59,59,59,59,52,52,52,52,52,52,52,52,52,52,52,44,61,60,60,58,58,58,58,52,52,52,52,41,31,31,16,35,0],"gold":111,"neow_bonus":"THREE_ENEMY_KILL","is_prod":false,"is_daily":false,"chose_seed":false,"campfire_upgraded":5,"win_rate":0,"timestamp":1564310644,"path_taken":["M","?","?","?","?","R","$","M","T","E","?","R","M","?","R","BOSS","M","$","?","$","M","R","M","R","T","?","E","?","?","?","R","BOSS"],"build_version":"2019-07-17","purchased_purges":2,"victory":false,"max_hp_per_floor":[66,66,66,66,66,66,66,66,66,66,66,66,66,66,66,66,66,66,66,66,66,66,66,66,66,66,66,66,66,66,66,66,66],"card_choices":[{"not_picked":["Choke","Quick Slash"],"picked":"Escape Plan","floor":1.0},{"not_picked":["Blur","Sucker Punch"],"picked":"Backflip","floor":8.0},{"not_picked":["Masterful Stab","Quick Slash","Tools of the Trade"],"picked":"SKIP","floor":10.0},{"not_picked":["Masterful Stab","Quick Slash"],"picked":"Tools of the Trade","floor":10.0},{"not_picked":["Dodge and Roll","Quick Slash","Deadly Poison"],"picked":"SKIP","floor":13.0},{"not_picked":["Deflect","Dodge and Roll","Deadly Poison"],"picked":"SKIP","floor":14.0},{"not_picked":["Storm of Steel","A Thousand Cuts"],"picked":"Burst","floor":16.0},{"not_picked":["Poisoned Stab","Leg Sweep","Choke"],"picked":"SKIP","floor":18.0},{"not_picked":["Caltrops","Flechettes","Dodge and Roll"],"picked":"SKIP","floor":20.0},{"not_picked":["Dagger Spray","Finisher","Quick Slash+1"],"picked":"SKIP","floor":22.0},{"not_picked":["Cloak And Dagger+1","Slice","Flying Knee"],"picked":"SKIP","floor":24.0},{"not_picked":["Underhanded Strike","Quick Slash"],"picked":"Acrobatics","floor":28.0},{"not_picked":["Concentrate","Dagger Spray","Quick Slash+1"],"picked":"SKIP","floor":29.0},{"not_picked":["Finisher","Glass Knife","Underhanded Strike"],"picked":"SKIP","floor":31}],"player_experience":691200,"relics_obtained":[{"floor":10.0,"key":"Snake Skull"},{"floor":26.0,"key":"Bag of Preparation"},{"floor":28.0,"key":"Matryoshka"}],"event_choices":[{"cards_removed":["Escape Plan"],"damage_healed":0.0,"max_hp_gain":0.0,"max_hp_loss":0.0,"gold_gain":0.0,"event_name":"WeMeetAgain","player_choice":"Gave Card","floor":2.0,"gold_loss":0.0,"damage_taken":0.0,"relics_obtained":["Anchor"]},{"damage_healed":0.0,"max_hp_gain":0.0,"max_hp_loss":0.0,"gold_gain":0.0,"cards_transformed":["Strike_G"],"event_name":"Living Wall","player_choice":"Change","floor":4.0,"gold_loss":0.0,"damage_taken":0.0,"cards_obtained":["Unload"]},{"cards_removed":["Strike_G"],"damage_healed":0.0,"max_hp_gain":0.0,"max_hp_loss":0.0,"gold_gain":0.0,"event_name":"Golden Wing","player_choice":"Card Removal","floor":5.0,"gold_loss":0.0,"damage_taken":7.0},{"damage_healed":0.0,"max_hp_gain":0.0,"max_hp_loss":0.0,"gold_gain":0.0,"event_name":"The Woman in Blue","player_choice":"Bought 1 Potion","floor":27.0,"gold_loss":0.0,"damage_taken":0.0}],"is_beta":false,"boss_relics":[{"not_picked":["Velvet Choker","Orrery"],"picked":"Sozu"}],"items_purged_floors":[11,19],"is_endless":false,"potions_floor_spawned":[1,13,16,28,31],"killed_by":"Collector","ascension_level":20}