{"gold_per_floor":[119,35,46,46,5,5,35,45,72,82,82,157,157,177,177,251,251,268,193,193,165,65,65,75,75,75,75,108,108,108,124,124,201,201,217,237,337,347,347,347,347,347,347,183,212,212,62,89,89,89],"floor_reached":50,"playtime":2212,"items_purged":["Strike_G","Strike_G","Defend_G","Defend_G"],"score":1108,"play_id":"1a1d901c-1fda-4b2d-8219-9390afb87c10","local_time":"20190106125211","is_ascension_mode":true,"campfire_choices":[{"data":"Neutralize","floor":6.0,"key":"SMITH"},{"data":"Glass Knife","floor":11.0,"key":"SMITH"},{"data":"Crippling Poison","floor":15.0,"key":"SMITH"},{"data":"Catalyst","floor":23.0,"key":"SMITH"},{"data":"Deadly Poison","floor":25.0,"key":"SMITH"},{"data":"Footwork","floor":29.0,"key":"SMITH"},{"data":"Corpse Explosion","floor":32.0,"key":"SMITH"},{"data":"Footwork","floor":40,"key":"SMITH"},{"data":"Grand Finale","floor":42,"key":"SMITH"},{"floor":49,"key":"RECALL"}],"neow_cost":"NONE","seed_source_timestamp":3324476913033,"circlet_count":0,"master_deck":["AscendersBane","Defend_G","Survivor","Neutralize+1","Catalyst+1","Footwork+1","Glass Knife+1","Crippling Poison+1","Grand Finale+1","Footwork+1","Deadly Poison+1","Backflip","Corpse Explosion+1","Leg Sweep","Blur+1","Prepared+1","Setup+1","Dark Shackles","Dark Shackles","Finesse","Footwork+1","Prepared"],"special_seed":0,"relics":["Ring of the Snake","NeowsBlessing","Tiny Chest","Bag of Preparation","Cursed Key","Juzu Bracelet","Astrolabe","Tingsha","Vajra","Sundial"],"potions_floor_usage":[48,48,50],"damage_taken":[{"damage":0.0,"enemies":"Jaw Worm","floor":1.0,"turns":1.0},{"damage":0.0,"enemies":"Small Slimes","floor":3.0,"turns":1.0},{"damage":0.0,"enemies":"2 Louse","floor":8.0,"turns":1.0},{"damage":8.0,"enemies":"Large Slime","floor":10.0,"turns":11.0},{"damage":0.0,"enemies":"Blue Slaver","floor":14.0,"turns":3.0},{"damage":1.0,"enemies":"The Guardian","floor":16.0,"turns":14.0},{"damage":5.0,"enemies":"Shell Parasite","floor":18.0,"turns":8.0},{"damage":9.0,"enemies":"2 Thieves","floor":21.0,"turns":4.0},{"damage":6.0,"enemies":"Shelled Parasite and Fungi","floor":24.0,"turns":6.0},{"damage":22.0,"enemies":"Gremlin Leader","floor":28.0,"turns":5.0},{"damage":9.0,"enemies":"Chosen and Byrds","floor":31.0,"turns":3.0},{"damage":5.0,"enemies":"Champ","floor":33.0,"turns":11.0},{"damage":1.0,"enemies":"3 Darklings","floor":35.0,"turns":5.0},{"damage":0,"enemies":"Orb Walker","floor":36,"turns":3},{"damage":0,"enemies":"Mind Bloom Boss Battle","floor":37,"turns":5},{"damage":2,"enemies":"Transient","floor":38,"turns":6},{"damage":0,"enemies":"Nemesis","floor":45,"turns":9},{"damage":30,"enemies":"Reptomancer","floor":48,"turns":8},{"damage":11,"enemies":"Awakened One","floor":50,"turns":8}],"seed_played":"-3942965611877766317","potions_obtained":[{"floor":10.0,"key":"Regen Potion"},{"floor":14.0,"key":"Strength Potion"},{"floor":18.0,"key":"GhostInAJar"},{"floor":37,"key":"Swift Potion"},{"floor":48,"key":"SkillPotion"}],"is_trial":false,"path_per_floor":["M","$","M","?","$","R","?","M","T","M","R","?","T","M","R","B",null,"M","$","?","M","$","R","M","R","T","?","E","R","?","M","R","B",null,"M","M","?","M","?","R","T","R","T","$","E","?","$","E","R","B"],"character_chosen":"THE_SILENT","items_purchased":["Catalyst","Footwork","Footwork"],"campfire_rested":0,"item_purchase_floors":[2,5,44],"current_hp_per_floor":[59,59,59,59,59,59,24,24,24,16,16,5,5,5,5,4,51,61,61,61,52,52,52,46,46,46,46,24,24,24,15,15,10,52,51,51,51,49,39,39,39,39,39,39,39,39,39,9,9,0],"gold":89,"neow_bonus":"THREE_ENEMY_KILL","is_prod":false,"is_daily":false,"chose_seed":false,"campfire_upgraded":9,"win_rate":0,"timestamp":1546750331,"path_taken":["M","$","M","?","$","R","?","M","T","M","R","?","?","M","R","BOSS","M","$","?","M","$","R","M","R","T","?","E","R","?","M","R","BOSS","M","M","?","M","?","R","?","R","T","$","E","?","$","E","R","BOSS"],"build_version":"2019-01-03v4","purchased_purges":4,"victory":false,"max_hp_per_floor":[66,66,66,66,66,66,66,66,66,66,66,66,66,66,66,66,66,66,66,66,66,66,66,66,66,66,66,66,66,66,66,66,66,66,66,66,66,66,66,66,66,66,66,66,66,66,66,66,66,66],"card_choices":[{"not_picked":["Dagger Throw","Prepared","Terror"],"picked":"SKIP","floor":1.0},{"not_picked":["Outmaneuver","Flying Knee","Distraction"],"picked":"SKIP","floor":3.0},{"not_picked":["Caltrops","Tactician"],"picked":"Glass Knife","floor":8.0},{"not_picked":["Reflex","Dagger Throw","Quick Slash"],"picked":"SKIP","floor":10.0},{"not_picked":["Sucker Punch","Bane"],"picked":"Crippling Poison","floor":14.0},{"not_picked":["Die Die Die","A Thousand Cuts"],"picked":"Grand Finale","floor":16.0},{"not_picked":["Slice","Reflex","Poisoned Stab"],"picked":"SKIP","floor":18.0},{"not_picked":["All Out Attack","Poisoned Stab","Predator"],"picked":"SKIP","floor":21.0},{"not_picked":["Finisher","Bane"],"picked":"Deadly Poison","floor":24.0},{"not_picked":["Terror","Outmaneuver"],"picked":"Backflip","floor":28.0},{"not_picked":["Prepared","Dodge and Roll"],"picked":"Leg Sweep","floor":31.0},{"not_picked":["All Out Attack","Quick Slash+1","Finisher"],"picked":"SKIP","floor":35.0},{"not_picked":["PiercingWail","Flying Knee","Caltrops"],"picked":"SKIP","floor":36},{"not_picked":["Dodge and Roll","Blade Dance","Poisoned Stab"],"picked":"SKIP","floor":38},{"not_picked":["PanicButton","Good Instincts"],"picked":"Dark Shackles","floor":39},{"not_picked":["Bandage Up","Panacea"],"picked":"Dark Shackles","floor":39},{"not_picked":["Forethought","Good Instincts"],"picked":"Finesse","floor":39},{"not_picked":["Terror","Reflex","Die Die Die"],"picked":"SKIP","floor":45},{"not_picked":["Reflex","All Out Attack"],"picked":"Prepared","floor":48}],"player_experience":1769895,"relics_obtained":[{"floor":13.0,"key":"Bag of Preparation"},{"floor":28.0,"key":"Juzu Bracelet"},{"floor":37,"key":"Tingsha"},{"floor":45,"key":"Vajra"},{"floor":48,"key":"Sundial"}],"event_choices":[{"cards_removed":["Strike_G"],"damage_healed":0.0,"max_hp_gain":0.0,"max_hp_loss":0.0,"gold_gain":0.0,"event_name":"Living Wall","player_choice":"Forget","floor":4.0,"gold_loss":0.0,"damage_taken":0.0},{"damage_healed":0.0,"max_hp_gain":0.0,"max_hp_loss":0.0,"gold_gain":0.0,"event_name":"Scrap Ooze","player_choice":"Success","floor":7.0,"gold_loss":0.0,"damage_taken":35.0,"relics_obtained":["Tiny Chest"]},{"damage_healed":0.0,"max_hp_gain":0.0,"max_hp_loss":0.0,"gold_gain":75.0,"event_name":"World of Goop","player_choice":"Gather Gold","floor":12.0,"gold_loss":0.0,"damage_taken":11.0},{"damage_healed":0.0,"max_hp_gain":0.0,"max_hp_loss":0.0,"gold_gain":0.0,"event_name":"The Library","player_choice":"Read","floor":20.0,"gold_loss":0.0,"damage_taken":0.0,"cards_obtained":["Footwork"]},{"damage_healed":0.0,"max_hp_gain":0.0,"max_hp_loss":0.0,"gold_gain":0.0,"event_name":"The Mausoleum","player_choice":"Ignored","floor":27.0,"gold_loss":0.0,"damage_taken":0.0},{"damage_healed":0.0,"max_hp_gain":0.0,"max_hp_loss":0.0,"gold_gain":0.0,"cards_transformed":["Strike_G","Strike_G"],"event_name":"Drug Dealer","player_choice":"Became Test Subject","floor":30.0,"gold_loss":0.0,"damage_taken":0.0,"cards_obtained":["Corpse Explosion","Underhanded Strike"]},{"damage_healed":0,"gold_gain":0,"player_choice":"Fight","damage_taken":0,"max_hp_gain":0,"max_hp_loss":0,"event_name":"MindBloom","floor":37,"gold_loss":0},{"damage_healed":0,"gold_gain":0,"player_choice":"Memory 3","damage_taken":10,"max_hp_gain":0,"max_hp_loss":0,"event_name":"SensoryStone","floor":39,"gold_loss":0},{"damage_healed":0,"gold_gain":0,"player_choice":"Upgraded","damage_taken":0,"max_hp_gain":0,"max_hp_loss":0,"event_name":"Upgrade Shrine","floor":46,"gold_loss":0,"cards_upgraded":["Footwork"]}],"is_beta":false,"boss_relics":[{"not_picked":["Pandora\u0027s Box","Sozu"],"picked":"Cursed Key"},{"not_picked":["Philosopher\u0027s Stone","WristBlade"],"picked":"Astrolabe"}],"items_purged_floors":[19,22,44,47],"is_endless":false,"potions_floor_spawned":[10,14,18,37,45,48],"killed_by":"Awakened One","ascension_level":20}