{"gold_per_floor":[369,369,383,80,95,95,11,11,11,11,44,71,71,71,71,145,145,161,0,11,22,41,41,41,41,67,67,79,79,107,127,127,127],"floor_reached":33,"playtime":1516,"items_purged":["Strike_G"],"score":576,"play_id":"af1027d6-46aa-40bb-902e-4e7da89a0ce8","local_time":"20190116133732","is_ascension_mode":true,"campfire_choices":[{"data":"Noxious Fumes","floor":6.0,"key":"SMITH"},{"data":"Catalyst","floor":8.0,"key":"SMITH"},{"data":"Well Laid Plans","floor":13.0,"key":"SMITH"},{"data":"Malaise","floor":15.0,"key":"SMITH"},{"data":"Neutralize","floor":23.0,"key":"SMITH"},{"data":"Concentrate","floor":25.0,"key":"SMITH"},{"data":"Backflip","floor":27.0,"key":"SMITH"},{"data":"Survivor","floor":29.0,"key":"SMITH"},{"data":"Strike_G","floor":32.0,"key":"PURGE"}],"neow_cost":"TEN_PERCENT_HP_LOSS","seed_source_timestamp":7618443895743,"circlet_count":0,"master_deck":["AscendersBane","Defend_G","Defend_G","Defend_G","Defend_G","Defend_G","Strike_G","Strike_G","Survivor+1","Neutralize+1","Well Laid Plans+1","Malaise+1","Catalyst+1","Noxious Fumes+1","Backflip+1","Leg Sweep+1","Deflect+1","Concentrate+1","After Image","Backflip"],"special_seed":0,"relics":["Ring of the Snake","Membership Card","Bag of Preparation","Oddly Smooth Stone","Odd Mushroom","Bottled Flame","Eternal Feather","Smiling Mask","Peace Pipe"],"potions_floor_usage":[],"damage_taken":[{"damage":9.0,"enemies":"Cultist","floor":1.0,"turns":6.0},{"damage":1.0,"enemies":"2 Louse","floor":3.0,"turns":3.0},{"damage":2.0,"enemies":"Jaw Worm","floor":5.0,"turns":7.0},{"damage":0.0,"enemies":"Lagavulin","floor":11.0,"turns":8.0},{"damage":19.0,"enemies":"The Mushroom Lair","floor":12.0,"turns":6.0},{"damage":10.0,"enemies":"The Guardian","floor":16.0,"turns":10.0},{"damage":12.0,"enemies":"3 Byrds","floor":18.0,"turns":6.0},{"damage":8.0,"enemies":"Spheric Guardian","floor":20.0,"turns":5.0},{"damage":9.0,"enemies":"Snake Plant","floor":21.0,"turns":8.0},{"damage":5.0,"enemies":"Centurion and Healer","floor":22.0,"turns":10.0},{"damage":44.0,"enemies":"3 Cultists","floor":28.0,"turns":8.0},{"damage":15.0,"enemies":"Book of Stabbing","floor":30.0,"turns":10.0},{"damage":0.0,"enemies":"Chosen and Byrds","floor":31.0,"turns":6.0},{"damage":35,"enemies":"Champ","floor":33,"turns":22}],"seed_played":"1689058924536040633","potions_obtained":[{"floor":1.0,"key":"Regen Potion"},{"floor":22.0,"key":"Explosive Potion"},{"floor":28.0,"key":"Explosive Potion"}],"is_trial":false,"path_per_floor":["M","?","M","$","M","R","$","R","T","?","E","?","R","T","R","B",null,"M","?","M","M","M","R","$","R","T","R","M","R","E","M","R","B"],"character_chosen":"THE_SILENT","items_purchased":["Membership Card","Noxious Fumes","Bag of Preparation"],"campfire_rested":0,"item_purchase_floors":[4,4,7],"current_hp_per_floor":[50,50,49,49,47,47,47,47,47,52,52,33,33,33,33,23,55,58,58,50,41,36,45,45,54,54,63,19,28,13,13,25,0],"gold":127,"neow_bonus":"TWO_FIFTY_GOLD","is_prod":false,"is_daily":false,"chose_seed":false,"campfire_upgraded":8,"win_rate":0,"timestamp":1547617052,"path_taken":["M","?","M","$","M","R","$","R","T","?","E","?","R","?","R","BOSS","M","?","M","M","M","R","$","R","T","R","M","R","E","M","R","BOSS"],"build_version":"2019-01-10","purchased_purges":1,"victory":false,"max_hp_per_floor":[60,60,60,60,60,60,60,60,60,65,65,65,65,65,65,65,65,65,65,65,65,65,65,65,65,65,65,65,65,65,65,65,65],"card_choices":[{"not_picked":["Accuracy","PiercingWail"],"picked":"Well Laid Plans","floor":1.0},{"not_picked":["Backstab","Finisher"],"picked":"Catalyst","floor":3.0},{"not_picked":["Underhanded Strike","Quick Slash","Reflex"],"picked":"SKIP","floor":5.0},{"not_picked":["Blade Dance","Terror","Dash"],"picked":"SKIP","floor":11.0},{"not_picked":["Dagger Throw","Slice"],"picked":"Backflip","floor":12.0},{"not_picked":["Crippling Poison","Tactician","Backflip"],"picked":"SKIP","floor":18.0},{"not_picked":["Noxious Fumes","Escape Plan"],"picked":"Leg Sweep+1","floor":20.0},{"not_picked":["Deadly Poison","Blur"],"picked":"Deflect+1","floor":21.0},{"not_picked":["Endless Agony","Terror"],"picked":"Concentrate","floor":22.0},{"not_picked":["Quick Slash+1","Crippling Poison","Poisoned Stab"],"picked":"SKIP","floor":28.0},{"not_picked":["Finisher","Deadly Poison"],"picked":"After Image","floor":30.0},{"not_picked":["PiercingWail","Blade Dance"],"picked":"Backflip","floor":31.0}],"player_experience":1946216,"relics_obtained":[{"floor":11.0,"key":"Oddly Smooth Stone"},{"floor":12.0,"key":"Odd Mushroom"},{"floor":14.0,"key":"Bottled Flame"},{"floor":26.0,"key":"Smiling Mask"},{"floor":30.0,"key":"Peace Pipe"}],"event_choices":[{"damage_healed":0.0,"max_hp_gain":0.0,"max_hp_loss":0.0,"gold_gain":0.0,"cards_transformed":["Strike_G"],"event_name":"Living Wall","player_choice":"Change","floor":2.0,"gold_loss":0.0,"damage_taken":0.0,"cards_obtained":["Malaise"]},{"damage_healed":0.0,"max_hp_gain":5.0,"max_hp_loss":0.0,"gold_gain":0.0,"event_name":"Big Fish","player_choice":"Donut","floor":10.0,"gold_loss":0.0,"damage_taken":0.0},{"damage_healed":0.0,"max_hp_gain":0.0,"max_hp_loss":0.0,"gold_gain":0.0,"event_name":"Mushrooms","player_choice":"Fought Mushrooms","floor":12.0,"gold_loss":0.0,"damage_taken":0.0},{"damage_healed":0.0,"max_hp_gain":0.0,"max_hp_loss":0.0,"gold_gain":0.0,"event_name":"Masked Bandits","player_choice":"Paid Fearfully","floor":19.0,"gold_loss":161.0,"damage_taken":0.0}],"is_beta":false,"boss_relics":[{"not_picked":["Orrery","Snecko Eye"],"picked":"Eternal Feather"}],"items_purged_floors":[4],"is_endless":false,"potions_floor_spawned":[1,22,28,30],"killed_by":"Champ","ascension_level":20}