{"gold_per_floor":[117,42,42,61,61,61,104,4,76,76,26,51,51,69,69,192,192,206,227,252,266,199,199,199,199,199,123,144,144,157,157,157,157],"floor_reached":33,"playtime":662,"items_purged":["Defend_R","Defend_R"],"score":270,"play_id":"444683bf-a02c-4b6c-81e9-dbb545a07c6c","local_time":"20181024223803","is_ascension_mode":false,"campfire_choices":[{"data":"Perfected Strike","floor":6.0,"key":"SMITH"},{"data":"Shockwave","floor":13.0,"key":"SMITH"},{"data":"Strike_R","floor":15.0,"key":"SMITH"},{"data":"Uppercut","floor":23.0,"key":"SMITH"},{"data":"Rampage","floor":25,"key":"SMITH"},{"data":"Dual Wield","floor":29,"key":"SMITH"},{"data":"Perfected Strike","floor":32,"key":"SMITH"}],"neow_cost":"NONE","seed_source_timestamp":45029592342236,"circlet_count":0,"master_deck":["Strike_R+1","Strike_R+1","Strike_R","Strike_R+1","Strike_R","Perfected Strike+1","Shockwave+1","Double Tap","Rampage+1","Reckless Charge+1","Clash","Uppercut+1","Dual Wield+1","Perfected Strike+1"],"special_seed":0,"relics":["Burning Blood","NeowsBlessing","Golden Idol","Pantograph","Pear","Velvet Choker","Whetstone"],"potions_floor_usage":[],"damage_taken":[{"damage":0.0,"enemies":"2 Louse","floor":1.0,"turns":1.0},{"damage":0.0,"enemies":"Jaw Worm","floor":4.0,"turns":1.0},{"damage":0.0,"enemies":"Lagavulin","floor":7.0,"turns":1.0},{"damage":10.0,"enemies":"Small Slimes","floor":12.0,"turns":3.0},{"damage":23.0,"enemies":"Exordium Thugs","floor":14.0,"turns":3.0},{"damage":69.0,"enemies":"Slime Boss","floor":16.0,"turns":11.0},{"damage":23.0,"enemies":"Shell Parasite","floor":18.0,"turns":3.0},{"damage":10.0,"enemies":"Spheric Guardian","floor":19.0,"turns":3.0},{"damage":18.0,"enemies":"Chosen and Byrds","floor":20.0,"turns":5.0},{"damage":21.0,"enemies":"Snecko","floor":21.0,"turns":4.0},{"damage":4,"enemies":"3 Cultists","floor":28,"turns":3},{"damage":30,"enemies":"Sentry and Sphere","floor":30,"turns":4},{"damage":89,"enemies":"Champ","floor":33,"turns":7}],"seed_played":"2951583829894378135","potions_obtained":[{"floor":4.0,"key":"GamblersBrew"},{"floor":12.0,"key":"Poison Potion"},{"floor":18.0,"key":"SmokeBomb"}],"is_trial":false,"path_per_floor":["M","$","?","M","?","R","E","$","T","?","?","M","R","M","R","B",null,"M","M","M","M","$","R","?","R","T","$","M","R","M","?","R"],"character_chosen":"IRONCLAD","items_purchased":["Uppercut","Dual Wield"],"campfire_rested":0,"item_purchase_floors":[22,27],"current_hp_per_floor":[80,80,73,79,59,59,65,65,75,75,75,71,71,54,54,16,90,73,69,57,42,42,42,72,72,72,72,74,74,50,50,50,0],"gold":157,"neow_bonus":"THREE_ENEMY_KILL","is_prod":false,"is_daily":false,"chose_seed":false,"campfire_upgraded":7,"win_rate":0,"timestamp":1540391883,"path_taken":["M","$","?","M","?","R","E","?","T","?","?","?","R","M","R","BOSS","M","M","M","M","$","R","?","R","T","?","M","R","?","?","R","BOSS"],"build_version":"2018-10-18","purchased_purges":2,"victory":false,"max_hp_per_floor":[80,80,80,80,80,80,80,80,90,90,90,90,90,90,90,90,90,90,90,90,90,90,90,90,90,90,90,90,90,90,90,90,90],"card_choices":[{"not_picked":["Body Slam","Combust"],"picked":"Perfected Strike","floor":1.0},{"not_picked":["Flex","Rage"],"picked":"Shockwave","floor":4.0},{"not_picked":["Bloodletting","Armaments","Body Slam"],"picked":"SKIP","floor":7.0},{"not_picked":["Feel No Pain","Body Slam","Anger"],"picked":"SKIP","floor":12.0},{"not_picked":["Sword Boomerang","Carnage","Anger"],"picked":"SKIP","floor":14.0},{"not_picked":["Barricade","Berserk"],"picked":"Double Tap","floor":16.0},{"not_picked":["Iron Wave+1","Sword Boomerang"],"picked":"Rampage","floor":18.0},{"not_picked":["Searing Blow+1","Power Through","Rupture"],"picked":"SKIP","floor":19.0},{"not_picked":["Armaments","Iron Wave"],"picked":"Reckless Charge+1","floor":20.0},{"not_picked":["Havoc","Wild Strike+1"],"picked":"Clash","floor":21.0},{"not_picked":["Second Wind","Sword Boomerang+1","Body Slam"],"picked":"SKIP","floor":28},{"not_picked":["Rage","Iron Wave"],"picked":"Perfected Strike","floor":30}],"player_experience":617748,"relics_obtained":[{"floor":7.0,"key":"Pantograph"},{"floor":9.0,"key":"Pear"},{"floor":26,"key":"Whetstone"}],"event_choices":[{"cards_removed":["Defend_R"],"damage_healed":0.0,"max_hp_gain":0.0,"max_hp_loss":0.0,"gold_gain":0.0,"event_name":"Golden Wing","player_choice":"Card Removal","floor":3.0,"gold_loss":0.0,"damage_taken":7.0},{"damage_healed":0.0,"max_hp_gain":0.0,"max_hp_loss":0.0,"gold_gain":0.0,"event_name":"Golden Idol","player_choice":"Take Damage","floor":5.0,"gold_loss":0.0,"damage_taken":20.0,"relics_obtained":["Golden Idol"]},{"cards_removed":["Defend_R"],"damage_healed":0.0,"max_hp_gain":0.0,"max_hp_loss":0.0,"gold_gain":0.0,"event_name":"Purifier","player_choice":"Purged","floor":10.0,"gold_loss":0.0,"damage_taken":0.0},{"cards_removed":["Bash"],"damage_healed":0.0,"max_hp_gain":0.0,"max_hp_loss":0.0,"gold_gain":0.0,"event_name":"The Cleric","player_choice":"Card Removal","floor":11.0,"gold_loss":50.0,"damage_taken":0.0},{"damage_healed":30,"gold_gain":0,"player_choice":"Heal","damage_taken":0,"max_hp_gain":0,"max_hp_loss":0,"event_name":"The Library","floor":24,"gold_loss":0},{"damage_healed":0,"gold_gain":0,"player_choice":"Ignored","damage_taken":0,"max_hp_gain":0,"max_hp_loss":0,"event_name":"Vampires","floor":31,"gold_loss":0}],"is_beta":false,"boss_relics":[{"not_picked":["Lizard Tail","Tiny House"],"picked":"Velvet Choker"}],"items_purged_floors":[2,8],"is_endless":false,"potions_floor_spawned":[4,12,18,19],"killed_by":"Champ","ascension_level":0}