{"gold_per_floor":[110,130,130,405,424,424,424,424,424,270,270,289,289,308,308,308],"floor_reached":16,"playtime":507,"items_purged":["Regret"],"score":180,"play_id":"9ea07ba9-2db8-4e07-abc4-e164bb4c09da","local_time":"20190214232425","is_ascension_mode":true,"campfire_choices":[{"data":"Neutralize","floor":6,"key":"SMITH"},{"data":"Blur","floor":8,"key":"SMITH"},{"data":"Well Laid Plans","floor":13,"key":"SMITH"},{"data":"Backflip","floor":15,"key":"SMITH"}],"neow_cost":"NONE","seed_source_timestamp":52165677912195,"circlet_count":0,"master_deck":["AscendersBane","Defend_G","Defend_G","Defend_G","Defend_G","Defend_G","Strike_G","Strike_G+1","Strike_G","Strike_G","Survivor+1","Neutralize+1","Blur+1","Well Laid Plans+1","Backflip+1"],"relics":["Ring of the Snake","NeowsBlessing","Pantograph"],"potions_floor_usage":[],"damage_taken":[{"damage":0,"enemies":"Cultist","floor":1,"turns":1},{"damage":0,"enemies":"Small Slimes","floor":2,"turns":1},{"damage":0,"enemies":"2 Louse","floor":5,"turns":2},{"damage":0,"enemies":"Exordium Wildlife","floor":12,"turns":4},{"damage":0,"enemies":"3 Louse","floor":14,"turns":6},{"damage":0,"enemies":"The Guardian","floor":16,"turns":1}],"seed_played":"1653148575795803896","potions_obtained":[{"floor":1,"key":"Regen Potion"},{"floor":14,"key":"Strength Potion"}],"is_trial":false,"path_per_floor":["M","M","?","?","M","R","?","R","T","$","?","M","R","M","R","B"],"character_chosen":"THE_SILENT","items_purchased":["Well Laid Plans"],"campfire_rested":0,"item_purchase_floors":[10],"current_hp_per_floor":[59,59,52,52,52,52,32,32,32,32,66,66,66,66,66,66],"gold":308,"neow_bonus":"THREE_ENEMY_KILL","is_prod":false,"is_daily":false,"chose_seed":false,"campfire_upgraded":4,"win_rate":0,"timestamp":1550157865,"path_taken":["M","M","?","?","?","R","?","R","T","?","?","M","R","M","R","BOSS"],"build_version":"2019-01-23","purchased_purges":1,"victory":false,"max_hp_per_floor":[66,66,66,66,66,66,66,66,66,66,66,66,66,66,66,66],"card_choices":[{"not_picked":["Eviscerate","Backflip"],"picked":"Blur","floor":1},{"not_picked":["Quick Slash","PiercingWail","Flying Knee"],"picked":"SKIP","floor":2},{"not_picked":["Choke","Dagger Spray","PiercingWail"],"picked":"SKIP","floor":5},{"not_picked":["Bane","Underhanded Strike"],"picked":"Backflip","floor":12},{"not_picked":["Leg Sweep","Slice","Bane"],"picked":"SKIP","floor":14}],"player_experience":2748837,"relics_obtained":[{"floor":9,"key":"Pantograph"}],"event_choices":[{"cards_removed":["Strike_G"],"damage_healed":0,"gold_gain":0,"player_choice":"Card Removal","damage_taken":7,"max_hp_gain":0,"max_hp_loss":0,"event_name":"Golden Wing","floor":3,"gold_loss":0},{"damage_healed":0,"gold_gain":275,"player_choice":"Desecrate","damage_taken":0,"max_hp_gain":0,"max_hp_loss":0,"event_name":"Golden Shrine","floor":4,"gold_loss":0,"cards_obtained":["Regret"]},{"damage_healed":0,"gold_gain":0,"player_choice":"Entered Light","damage_taken":20,"max_hp_gain":0,"max_hp_loss":0,"event_name":"Shining Light","floor":7,"gold_loss":0,"cards_upgraded":["Survivor","Strike_G"]},{"damage_healed":34,"gold_gain":0,"player_choice":"Full Heal","damage_taken":0,"max_hp_gain":0,"max_hp_loss":0,"event_name":"Wheel of Change","floor":11,"gold_loss":0}],"is_beta":false,"boss_relics":[],"items_purged_floors":[10],"is_endless":false,"potions_floor_spawned":[1,14],"killed_by":"The Guardian","ascension_level":20}