{"gold_per_floor":[210,229,229,229,247,280,280,124,124,124,141,141,157,174,174,269,269,284,284,304,304,369,369,379,479,479,544,570,570,587,620,620,722,722,737,430,557,59,69,119,119,0,80,202,231,231,266,316,316,316],"floor_reached":51,"playtime":1627,"items_purged":["Decay","Defend_R","Defend_R"],"score":868,"play_id":"016bd830-0520-4fa9-8709-18e6275331c6","local_time":"20190731132345","is_ascension_mode":false,"campfire_choices":[{"data":"Corruption","floor":7.0,"key":"SMITH"},{"data":"Flame Barrier","floor":12.0,"key":"SMITH"},{"data":"Rampage","floor":15.0,"key":"SMITH"},{"data":"Demon Form","floor":23.0,"key":"SMITH"},{"data":"Flame Barrier","floor":29,"key":"SMITH"},{"data":"Clash","floor":32,"key":"SMITH"},{"data":"Clash","floor":41,"key":"SMITH"},{"data":"Double Tap","floor":46,"key":"SMITH"},{"data":"Battle Trance","floor":49,"key":"SMITH"}],"neow_cost":"NONE","seed_source_timestamp":2975749854609,"circlet_count":0,"master_deck":["Strike_R+1","Strike_R","Strike_R","Strike_R","Strike_R","Defend_R","Bash+1","Clash+1","Flame Barrier+1","Thunderclap","Corruption+1","Swift Strike","Twin Strike","Flame Barrier+1","Rampage+1","Demon Form+1","Clash","Headbutt+1","Battle Trance+1","Armaments+1","Rage+1","Pommel Strike","Anger+1","Double Tap+1","Clash+1","Clash+1","Clash","Clash","Heavy Blade+1"],"special_seed":0,"relics":["Burning Blood","Kunai","Ornamental Fan","Coffee Dripper","SsserpentHead","Singing Bowl","Prayer Wheel","Pocketwatch","Sozu","DollysMirror","Tiny Chest","Brimstone","Vajra","Matryoshka","Red Mask","Shuriken","Mummified Hand","Pen Nib","Blue Candle","Boot","Centennial Puzzle"],"potions_floor_usage":[31,33],"damage_taken":[{"damage":1.0,"enemies":"Jaw Worm","floor":1.0,"turns":5.0},{"damage":0.0,"enemies":"Small Slimes","floor":2.0,"turns":3.0},{"damage":2.0,"enemies":"Cultist","floor":5.0,"turns":4.0},{"damage":45.0,"enemies":"3 Sentries","floor":6.0,"turns":10.0},{"damage":5.0,"enemies":"2 Fungi Beasts","floor":11.0,"turns":2.0},{"damage":0.0,"enemies":"3 Louse","floor":13.0,"turns":3.0},{"damage":0.0,"enemies":"Gremlin Gang","floor":14.0,"turns":3.0},{"damage":34.0,"enemies":"The Guardian","floor":16.0,"turns":12.0},{"damage":12.0,"enemies":"Spheric Guardian","floor":18.0,"turns":4.0},{"damage":4.0,"enemies":"2 Thieves","floor":20.0,"turns":3.0},{"damage":17.0,"enemies":"Snake Plant","floor":22.0,"turns":3.0},{"damage":8.0,"enemies":"Snecko","floor":24.0,"turns":5.0},{"damage":0,"enemies":"3 Cultists","floor":27,"turns":4},{"damage":0,"enemies":"Gremlin Leader","floor":28,"turns":7},{"damage":0,"enemies":"Centurion and Healer","floor":30,"turns":4},{"damage":3,"enemies":"Book of Stabbing","floor":31,"turns":4},{"damage":27,"enemies":"Collector","floor":33,"turns":7},{"damage":7,"enemies":"3 Darklings","floor":35,"turns":5},{"damage":4,"enemies":"3 Shapes","floor":39,"turns":3},{"damage":28,"enemies":"Reptomancer","floor":45,"turns":3},{"damage":31,"enemies":"Nemesis","floor":47,"turns":5},{"damage":27,"enemies":"Donu and Deca","floor":50,"turns":4}],"seed_played":"-3558530940148957334","potions_obtained":[{"floor":2.0,"key":"LiquidBronze"},{"floor":13.0,"key":"Explosive Potion"},{"floor":18.0,"key":"Poison Potion"},{"floor":28,"key":"AttackPotion"},{"floor":33,"key":"Fruit Juice"}],"is_trial":false,"path_per_floor":["M","M","?","?","M","E","R","$","T","?","M","R","M","M","R","B",null,"M","?","M","?","M","R","M","?","T","M","E","R","M","E","R","B",null,"M","$","T","$","M","T","R","?","T","T","E","R","E","?","R","B",null],"character_chosen":"IRONCLAD","items_purchased":["Swift Strike","DollysMirror","Brimstone","Clash","Vajra"],"campfire_rested":0,"item_purchase_floors":[8,36,38,38,38],"current_hp_per_floor":[80,80,73,73,77,38,38,38,38,22,23,23,29,35,35,7,80,74,74,76,76,65,65,63,63,63,71,77,77,82,82,82,66,87,88,88,88,88,91,91,91,91,91,91,69,69,46,46,46,25],"gold":316,"neow_bonus":"HUNDRED_GOLD","is_prod":false,"is_daily":false,"chose_seed":false,"campfire_upgraded":9,"win_rate":0,"timestamp":1564601025,"path_taken":["M","M","?","?","?","E","R","$","T","?","M","R","M","M","R","BOSS","M","?","?","?","?","R","M","?","T","?","E","R","M","E","R","BOSS","M","$","?","$","M","?","R","?","T","?","E","R","E","?","R","BOSS"],"build_version":"2019-07-17","purchased_purges":3,"victory":true,"max_hp_per_floor":[80,80,80,80,80,80,80,80,80,80,80,80,80,80,80,80,80,80,80,80,80,80,80,80,80,80,82,82,82,82,82,82,87,87,89,89,89,89,91,91,91,91,91,91,91,91,93,93,93,93],"card_choices":[{"not_picked":["Iron Wave","Sword Boomerang"],"picked":"Clash","floor":1.0},{"not_picked":["Armaments","Iron Wave"],"picked":"Flame Barrier","floor":2.0},{"not_picked":["Warcry","Bloodletting"],"picked":"Thunderclap","floor":5.0},{"not_picked":["Clothesline","Pommel Strike"],"picked":"Corruption","floor":6.0},{"not_picked":["Armaments","Juggernaut"],"picked":"Twin Strike","floor":11.0},{"not_picked":["Thunderclap","Corruption"],"picked":"Flame Barrier","floor":13.0},{"not_picked":["Ghostly Armor","Spot Weakness"],"picked":"Rampage","floor":14.0},{"not_picked":["Juggernaut","Impervious"],"picked":"Demon Form","floor":16.0},{"not_picked":["Warcry","Havoc","Spot Weakness+1"],"picked":"SKIP","floor":18.0},{"not_picked":["Pummel","Combust","Warcry+1"],"picked":"SKIP","floor":20.0},{"not_picked":["Twin Strike","Clothesline+1"],"picked":"Headbutt+1","floor":22.0},{"not_picked":["Hemokinesis","Headbutt+1"],"picked":"Battle Trance","floor":24.0},{"not_picked":["Power Through","Havoc","Headbutt"],"picked":"Singing Bowl","floor":27},{"not_picked":["Juggernaut","Evolve"],"picked":"Armaments+1","floor":28},{"not_picked":["Evolve+1","Armaments"],"picked":"Rage+1","floor":30},{"not_picked":["Sword Boomerang+1","Clothesline"],"picked":"Pommel Strike","floor":30},{"not_picked":["Sword Boomerang","Sever Soul"],"picked":"Anger+1","floor":31},{"not_picked":["Fiend Fire","Bludgeon"],"picked":"Double Tap","floor":33},{"not_picked":["Cleave+1","Thunderclap+1","Blood for Blood+1"],"picked":"Singing Bowl","floor":35},{"not_picked":["Cleave","Body Slam+1"],"picked":"Clash","floor":35},{"not_picked":["Spot Weakness","Twin Strike","Carnage+1"],"picked":"Singing Bowl","floor":39},{"not_picked":["Iron Wave+1","Cleave+1"],"picked":"Clash","floor":39},{"not_picked":["Juggernaut","Combust"],"picked":"Heavy Blade+1","floor":45},{"not_picked":["Spot Weakness","Anger","Body Slam"],"picked":"Singing Bowl","floor":47}],"player_experience":1605906,"relics_obtained":[{"floor":6.0,"key":"Kunai"},{"floor":9.0,"key":"Ornamental Fan"},{"floor":26,"key":"Singing Bowl"},{"floor":28,"key":"Prayer Wheel"},{"floor":31,"key":"Pocketwatch"},{"floor":37,"key":"Tiny Chest"},{"floor":40,"key":"Matryoshka"},{"floor":43,"key":"Shuriken"},{"floor":43,"key":"Mummified Hand"},{"floor":44,"key":"Pen Nib"},{"floor":44,"key":"Blue Candle"},{"floor":45,"key":"Boot"},{"floor":47,"key":"Centennial Puzzle"}],"event_choices":[{"cards_removed":["Defend_R"],"damage_healed":0.0,"max_hp_gain":0.0,"max_hp_loss":0.0,"gold_gain":0.0,"event_name":"Golden Wing","player_choice":"Card Removal","floor":3.0,"gold_loss":0.0,"damage_taken":7.0},{"damage_healed":0.0,"max_hp_gain":0.0,"max_hp_loss":0.0,"gold_gain":0.0,"event_name":"Wheel of Change","player_choice":"Cursed","floor":4.0,"gold_loss":0.0,"damage_taken":0.0,"cards_obtained":["Decay"]},{"damage_healed":0.0,"max_hp_gain":0.0,"max_hp_loss":0.0,"gold_gain":0.0,"event_name":"Shining Light","player_choice":"Entered Light","floor":10.0,"gold_loss":0.0,"damage_taken":16.0,"cards_upgraded":["Strike_R","Bash"]},{"damage_healed":0.0,"max_hp_gain":0.0,"max_hp_loss":0.0,"gold_gain":0.0,"event_name":"Duplicator","player_choice":"Copied","floor":19.0,"gold_loss":0.0,"damage_taken":0.0,"cards_obtained":["Clash"]},{"damage_healed":0.0,"max_hp_gain":0.0,"max_hp_loss":0.0,"gold_gain":0.0,"event_name":"FaceTrader","player_choice":"Trade","floor":21.0,"gold_loss":0.0,"damage_taken":0.0,"relics_obtained":["SsserpentHead"]},{"damage_healed":0,"gold_gain":100,"player_choice":"Bet on Murderer","damage_taken":0,"max_hp_gain":0,"max_hp_loss":0,"event_name":"The Joust","floor":25,"gold_loss":50},{"damage_healed":0,"gold_gain":0,"player_choice":"Paid","damage_taken":0,"relics_obtained":["Red Mask"],"max_hp_gain":0,"max_hp_loss":0,"event_name":"Tomb of Lord Red Mask","floor":42,"gold_loss":169},{"damage_healed":0,"gold_gain":0,"player_choice":"Ignored","damage_taken":0,"max_hp_gain":0,"max_hp_loss":0,"event_name":"Mysterious Sphere","floor":48,"gold_loss":0}],"is_beta":false,"boss_relics":[{"not_picked":["Fusion Hammer","Cursed Key"],"picked":"Coffee Dripper"},{"not_picked":["Lizard Tail","Philosopher\u0027s Stone"],"picked":"Sozu"}],"items_purged_floors":[8,36,38],"is_endless":false,"potions_floor_spawned":[2,13,18,28,33,39,45],"ascension_level":0}