{"path_per_floor":["M","?","M","M","M","E","R","?","T","M","M","R","E","?","R","B",null,"M","M"],"character_chosen":"IRONCLAD","items_purchased":[],"gold_per_floor":[119,369,380,394,413,446,446,508,508,519,529,529,561,561,561,665,665,683,697],"floor_reached":20,"campfire_rested":2,"playtime":1347,"current_hp_per_floor":[78,78,80,80,75,64,64,36,36,31,30,54,36,36,60,22,80,35,11],"items_purged":[],"gold":697,"score":186,"play_id":"a8347f06-21da-4718-b92c-473b7b76cc73","local_time":"20180306203028","is_prod":false,"is_daily":false,"is_ascension_mode":false,"campfire_upgraded":1,"timestamp":1520364628,"path_taken":["M","?","M","M","?","E","R","?","T","?","M","R","E","?","R","BOSS","M","M","?"],"build_version":"2018-03-01-PROD1","purchased_purges":0,"victory":false,"master_deck":["Strike_R","Strike_R","Strike_R","Strike_R","Defend_R","Defend_R","Defend_R","Defend_R","Bash","Iron Wave","Thunderclap","Regret","Demon Form+1","Clash","Flex","Inflame","Dual Wield","Heavy Blade","Dropkick","Seeing Red","Berserk","Offering","Evolve+1","Battle Trance"],"max_hp_per_floor":[80,80,80,80,80,80,80,80,80,80,80,80,80,80,80,80,80,80,80],"relics":["Burning Blood","Dream Catcher","Bag of Preparation","Du-Vu Doll","Ornamental Fan","Mark of Pain"],"card_choices":[{"not_picked":["Flame Barrier","Hemokinesis"],"picked":"Iron Wave"},{"not_picked":["Havoc","True Grit"],"picked":"Thunderclap"},{"not_picked":["Spot Weakness","Ghostly Armor"],"picked":"Demon Form"},{"not_picked":["Carnage","Sword Boomerang"],"picked":"Clash"},{"not_picked":["Pommel Strike","Perfected Strike"],"picked":"Flex"},{"not_picked":["Corruption","Cleave"],"picked":"Inflame"},{"not_picked":["Warcry","Clash"],"picked":"Dual Wield"},{"not_picked":["Armaments","Sever Soul"],"picked":"Heavy Blade"},{"not_picked":["True Grit","Flame Barrier"],"picked":"Dropkick"},{"not_picked":["Combust","Heavy Blade"],"picked":"Seeing Red"},{"not_picked":["Shrug It Off","Thunderclap"],"picked":"Berserk"},{"not_picked":["Dark Embrace","Exhume"],"picked":"Offering"},{"not_picked":["Flex","Infernal Blade"],"picked":"Evolve"},{"not_picked":["Havoc","Perfected Strike"],"picked":"Battle Trance"}],"player_experience":118576,"potions_floor_usage":[10,16,16,16],"damage_taken":[{"damage":8,"enemies":"2 Louse","floor":1,"turns":2},{"damage":3,"enemies":"Cultist","floor":3,"turns":3},{"damage":2,"enemies":"Small Slimes","floor":4,"turns":3},{"damage":11,"enemies":"3 Louse","floor":5,"turns":3},{"damage":17,"enemies":"Lagavulin","floor":6,"turns":5},{"damage":34,"enemies":"Lagavulin Event","floor":8,"turns":5},{"damage":11,"enemies":"Red Slaver","floor":10,"turns":4},{"damage":7,"enemies":"Blue Slaver","floor":11,"turns":2},{"damage":24,"enemies":"3 Sentries","floor":13,"turns":6},{"damage":44,"enemies":"Slime Boss","floor":16,"turns":7},{"damage":51,"enemies":"3 Byrds","floor":18,"turns":5},{"damage":30,"enemies":"Chosen","floor":19,"turns":4},{"damage":13,"enemies":"Snake Plant","floor":20,"turns":1}],"event_choices":[{"event_name":"Golden Shrine","player_choice":"Desecrate","floor":2,"damage_taken":0},{"event_name":"Dead Adventurer","player_choice":"Searched \u00271\u0027 times","floor":8,"damage_taken":0},{"event_name":"Purifier","player_choice":"One Purge","floor":14,"damage_taken":0}],"boss_relics":[{"not_picked":["Black Blood","Calling Bell"],"picked":"Mark of Pain"}],"potions_floor_spawned":[5,6,10,11,13],"seed_played":"-5559530587249856127","killed_by":"Snake Plant","ascension_level":0,"is_trial":false}