{"gold_per_floor":[115,190,190,210,285,285,319,319,319,128,144,144,158,175,175,252,252,272,288,142,160,216,216,229,229,229,229,247,247,263,5,5,5],"floor_reached":33,"playtime":859,"items_purged":["Strike_G","Strike_G"],"score":548,"play_id":"4709ec9d-5cfc-4e6f-a971-23db62acb50a","local_time":"20190705155000","is_ascension_mode":true,"campfire_choices":[{"data":"Dagger Spray","floor":8.0,"key":"SMITH"},{"data":"A Thousand Cuts","floor":12.0,"key":"SMITH"},{"data":"Neutralize","floor":15.0,"key":"SMITH"},{"data":"Cloak And Dagger","floor":23.0,"key":"SMITH"},{"data":"Finisher","floor":25.0,"key":"SMITH"},{"data":"Calculated Gamble","floor":27.0,"key":"SMITH"},{"data":"Concentrate","floor":32,"key":"SMITH"}],"neow_cost":"NONE","seed_source_timestamp":592180756967100,"circlet_count":0,"master_deck":["AscendersBane","Strike_G","Defend_G+1","Defend_G","Defend_G","Defend_G","Defend_G+1","Survivor","Neutralize+1","Dagger Spray+1","Footwork","Calculated Gamble+1","A Thousand Cuts+1","Slice","Cloak And Dagger+1","Well Laid Plans","Finisher+1","Backflip","Concentrate+1","Noxious Fumes","After Image"],"special_seed":0,"relics":["Ring of the Snake","NeowsBlessing","The Courier","Turnip","Mercury Hourglass","Empty Cage","Tiny Chest","Boot"],"potions_floor_usage":[],"damage_taken":[{"damage":0.0,"enemies":"2 Louse","floor":1.0,"turns":1.0},{"damage":0.0,"enemies":"Jaw Worm","floor":4.0,"turns":1.0},{"damage":0.0,"enemies":"Lagavulin","floor":7.0,"turns":1.0},{"damage":6.0,"enemies":"Cultist","floor":11.0,"turns":4.0},{"damage":2.0,"enemies":"Exordium Wildlife","floor":13.0,"turns":5.0},{"damage":13.0,"enemies":"Blue Slaver","floor":14.0,"turns":3.0},{"damage":18.0,"enemies":"Slime Boss","floor":16.0,"turns":7.0},{"damage":9.0,"enemies":"Spheric Guardian","floor":18.0,"turns":5.0},{"damage":3.0,"enemies":"Chosen","floor":19.0,"turns":5.0},{"damage":3.0,"enemies":"Snake Plant","floor":21.0,"turns":5.0},{"damage":5.0,"enemies":"Cultist and Chosen","floor":24.0,"turns":5.0},{"damage":0.0,"enemies":"Chosen and Byrds","floor":28.0,"turns":3.0},{"damage":2.0,"enemies":"Centurion and Healer","floor":29.0,"turns":5.0},{"damage":8.0,"enemies":"Shelled Parasite and Fungi","floor":30.0,"turns":6.0},{"damage":4,"enemies":"Automaton","floor":33,"turns":3}],"seed_played":"-6300847768609921666","potions_obtained":[{"floor":14.0,"key":"Strength Potion"},{"floor":16.0,"key":"Dexterity Potion"},{"floor":18.0,"key":"SmokeBomb"},{"floor":30.0,"key":"SmokeBomb"}],"is_trial":false,"path_per_floor":["M","?","?","M","T","?","E","R","T","$","M","R","M","M","R","B",null,"M","M","$","M","T","R","M","R","T","R","M","M","M","$","R","B"],"character_chosen":"THE_SILENT","items_purchased":["A Thousand Cuts","Well Laid Plans","Concentrate","Noxious Fumes","After Image"],"campfire_rested":0,"item_purchase_floors":[10,20,31,31,31],"current_hp_per_floor":[59,48,66,66,66,46,46,46,46,46,40,40,38,25,25,7,51,42,39,39,36,36,36,31,31,31,31,31,29,21,21,21,17],"gold":5,"neow_bonus":"THREE_ENEMY_KILL","is_prod":false,"is_daily":false,"chose_seed":false,"campfire_upgraded":7,"win_rate":0,"timestamp":1562313000,"path_taken":["M","?","?","M","?","?","E","R","T","$","M","R","?","M","R","BOSS","M","M","$","M","?","R","M","R","T","R","M","M","M","$","R","BOSS"],"build_version":"2019-07-01","purchased_purges":2,"victory":false,"max_hp_per_floor":[66,66,66,66,66,66,66,66,66,66,66,66,66,66,66,66,66,66,66,66,66,66,66,66,66,66,66,66,66,66,66,66,66],"card_choices":[{"not_picked":["Underhanded Strike","Deadly Poison"],"picked":"Dagger Spray","floor":1.0},{"not_picked":["PiercingWail","Skewer"],"picked":"Footwork","floor":4.0},{"not_picked":["Finisher","Sucker Punch"],"picked":"Calculated Gamble","floor":7.0},{"not_picked":["PiercingWail","Outmaneuver","Acrobatics"],"picked":"SKIP","floor":11.0},{"not_picked":["PiercingWail","Deadly Poison"],"picked":"Slice","floor":13.0},{"not_picked":["Slice","Heel Hook","Deadly Poison"],"picked":"SKIP","floor":14.0},{"not_picked":["Slice","Heel Hook","Deadly Poison"],"picked":"SKIP","floor":14.0},{"not_picked":["Underhanded Strike","Dagger Spray","Outmaneuver"],"picked":"SKIP","floor":18.0},{"not_picked":["Outmaneuver","Slice"],"picked":"Cloak And Dagger","floor":19.0},{"not_picked":["Accuracy","Cloak And Dagger"],"picked":"Finisher","floor":21.0},{"not_picked":["Poisoned Stab","Deflect","Infinite Blades"],"picked":"SKIP","floor":24.0},{"not_picked":["Endless Agony","Flechettes"],"picked":"Backflip","floor":28.0},{"not_picked":["Deadly Poison+1","Dagger Throw","Setup"],"picked":"SKIP","floor":30.0}],"player_experience":640946,"relics_obtained":[{"floor":5.0,"key":"The Courier"},{"floor":7.0,"key":"Turnip"},{"floor":9.0,"key":"Mercury Hourglass"},{"floor":22.0,"key":"Tiny Chest"},{"floor":26.0,"key":"Boot"}],"event_choices":[{"damage_healed":0.0,"max_hp_gain":0.0,"max_hp_loss":0.0,"gold_gain":75.0,"event_name":"World of Goop","player_choice":"Gather Gold","floor":2.0,"gold_loss":0.0,"damage_taken":11.0},{"damage_healed":22.0,"max_hp_gain":0.0,"max_hp_loss":0.0,"gold_gain":0.0,"event_name":"Big Fish","player_choice":"Banana","floor":3.0,"gold_loss":0.0,"damage_taken":0.0},{"damage_healed":0.0,"max_hp_gain":0.0,"max_hp_loss":0.0,"gold_gain":0.0,"event_name":"Shining Light","player_choice":"Entered Light","floor":6.0,"gold_loss":0.0,"damage_taken":20.0,"cards_upgraded":["Defend_G","Defend_G"]}],"is_beta":false,"boss_relics":[{"not_picked":["Calling Bell","Tiny House"],"picked":"Empty Cage"}],"items_purged_floors":[10,20],"is_endless":false,"potions_floor_spawned":[14,16,18,24,29,30],"killed_by":"Automaton","ascension_level":20}