{"gold_per_floor":[19,34,34,34,8,8,25,25,25,25,40,70,70,99,99,176,176,195,211,229,1,12,12,39,39,39,39,67,67,67,83,83,154,154,164,12,287,302,35,68,68,88,88,88,107,0,0,11,11,11,11,11,11,37,37],"floor_reached":55,"playtime":2291,"items_purged":["Defend_R","Regret"],"score":1484,"play_id":"b84e7725-0ad6-46bd-9a2a-f9d205084a34","local_time":"20181218134702","is_ascension_mode":true,"campfire_choices":[{"data":"Limit Break","floor":6.0,"key":"SMITH"},{"data":"Flex","floor":8.0,"key":"SMITH"},{"data":"Bash","floor":13.0,"key":"SMITH"},{"data":"Battle Trance","floor":15.0,"key":"SMITH"},{"floor":23.0,"key":"RECALL"},{"floor":25.0,"key":"REST"},{"floor":27.0,"key":"REST"},{"floor":32.0,"key":"REST"},{"floor":44.0,"key":"REST"},{"floor":47.0,"key":"REST"},{"floor":49.0,"key":"REST"},{"floor":52.0,"key":"REST"}],"neow_cost":"NO_GOLD","seed_source_timestamp":4061052820562,"circlet_count":0,"master_deck":["AscendersBane","Defend_R","Defend_R","Bash+1","Limit Break+1","Shrug It Off","Flex+1","Shrug It Off","Battle Trance+1","Exhume","Shrug It Off","Heavy Blade","Flex","Flex+1","Shrug It Off","Burning Pact","Impervious","Anger+1","True Grit+1","Feed+1","Inflame","Disarm","Impervious","Battle Trance","Sentinel+1","Feed","Evolve","Spot Weakness","Battle Trance+1","Flex"],"special_seed":0,"relics":["Burning Blood","Ancient Tea Set","Prayer Wheel","Shuriken","Fusion Hammer","Lee\u0027s Waffle","Darkstone Periapt","Sundial","Happy Flower","Astrolabe","Mercury Hourglass","Red Mask","Vajra"],"potions_floor_usage":[55],"damage_taken":[{"damage":6.0,"enemies":"Jaw Worm","floor":1.0,"turns":5.0},{"damage":2.0,"enemies":"Cultist","floor":2.0,"turns":4.0},{"damage":3.0,"enemies":"Small Slimes","floor":7.0,"turns":4.0},{"damage":15.0,"enemies":"Exordium Thugs","floor":11.0,"turns":5.0},{"damage":40.0,"enemies":"3 Sentries","floor":12.0,"turns":9.0},{"damage":14.0,"enemies":"Lagavulin","floor":14.0,"turns":8.0},{"damage":20.0,"enemies":"Slime Boss","floor":16.0,"turns":8.0},{"damage":3.0,"enemies":"Chosen","floor":18.0,"turns":4.0},{"damage":21.0,"enemies":"Shell Parasite","floor":19.0,"turns":5.0},{"damage":0.0,"enemies":"3 Cultists","floor":20.0,"turns":4.0},{"damage":5.0,"enemies":"Cultist and Chosen","floor":22.0,"turns":5.0},{"damage":68.0,"enemies":"Slavers","floor":24.0,"turns":6.0},{"damage":16.0,"enemies":"Book of Stabbing","floor":28.0,"turns":4.0},{"damage":2.0,"enemies":"Centurion and Healer","floor":31.0,"turns":7.0},{"damage":11.0,"enemies":"Automaton","floor":33.0,"turns":6.0},{"damage":6.0,"enemies":"3 Shapes","floor":35.0,"turns":8.0},{"damage":16.0,"enemies":"Orb Walker","floor":38.0,"turns":3.0},{"damage":16.0,"enemies":"Giant Head","floor":40.0,"turns":6.0},{"damage":42.0,"enemies":"Sphere and 2 Shapes","floor":42.0,"turns":9.0},{"damage":11.0,"enemies":"Transient","floor":45.0,"turns":6.0},{"damage":59.0,"enemies":"Spire Growth","floor":48.0,"turns":6.0},{"damage":60.0,"enemies":"Time Eater","floor":50.0,"turns":10.0},{"damage":102.0,"enemies":"Shield and Spear","floor":54.0,"turns":6.0},{"damage":75,"enemies":"The Heart","floor":55,"turns":3}],"seed_played":"-4844967460482404008","potions_obtained":[{"floor":1.0,"key":"SpeedPotion"},{"floor":2.0,"key":"FearPotion"},{"floor":12.0,"key":"Fire Potion"},{"floor":16.0,"key":"Energy Potion"},{"floor":19.0,"key":"SteroidPotion"},{"floor":20.0,"key":"EssenceOfSteel"},{"floor":24.0,"key":"Ancient Potion"},{"floor":45.0,"key":"SneckoOil"},{"floor":48.0,"key":"Swift Potion"},{"floor":54.0,"key":"SteroidPotion"}],"is_trial":false,"path_per_floor":["M","M","$","?","$","R","M","R","T","?","M","E","R","E","R","B",null,"M","M","M","$","M","R","E","R","T","R","E","?","?","M","R","B",null,"M","$","?","M","$","E","E","?","M","T","R","M","?","R","M","R","B",null,"R","$","E","B"],"character_chosen":"IRONCLAD","items_purchased":["Flex","Lee\u0027s Waffle","Disarm","Impervious","Battle Trance"],"campfire_rested":7,"item_purchase_floors":[5,21,36,39,39],"current_hp_per_floor":[68,72,72,72,72,72,75,75,75,75,66,32,32,24,24,10,59,62,47,53,82,82,82,20,44,44,68,58,58,58,62,82,77,81,89,89,95,89,89,79,79,51,51,83,78,78,108,59,92,38,94,112,112,16,0],"gold":37,"neow_bonus":"THREE_RARE_CARDS","is_prod":false,"is_daily":false,"chose_seed":false,"campfire_upgraded":4,"win_rate":0,"timestamp":1545112022,"path_taken":["M","M","$","?","$","R","M","R","T","?","?","E","R","E","R","BOSS","M","M","M","?","?","R","E","R","T","R","E","?","?","M","R","BOSS","M","$","?","?","?","E","?","M","T","R","M","?","R","M","R","BOSS","R","$","E","BOSS"],"build_version":"2018-12-13","purchased_purges":2,"victory":false,"max_hp_per_floor":[75,75,75,75,75,75,75,75,75,75,75,75,75,75,75,75,75,75,75,75,82,82,82,82,82,82,82,82,82,82,82,82,82,82,90,90,96,100,100,100,100,108,108,108,108,108,108,112,112,112,112,112,112,112,112],"card_choices":[{"not_picked":["Berserk","Offering"],"picked":"Limit Break","floor":0.0},{"not_picked":["Feel No Pain","Warcry","Perfected Strike"],"picked":"SKIP","floor":1.0},{"not_picked":["True Grit","Thunderclap"],"picked":"Shrug It Off","floor":2.0},{"not_picked":["Twin Strike","Wild Strike","Clothesline"],"picked":"SKIP","floor":7.0},{"not_picked":["Thunderclap","Cleave","Berserk"],"picked":"SKIP","floor":11.0},{"not_picked":["Sentinel","Entrench"],"picked":"Shrug It Off","floor":12.0},{"not_picked":["Clothesline","Body Slam"],"picked":"Battle Trance","floor":14.0},{"not_picked":["Barricade","Bludgeon"],"picked":"Exhume","floor":16.0},{"not_picked":["Bloodletting","Thunderclap"],"picked":"Shrug It Off","floor":18.0},{"not_picked":["Pommel Strike","Havoc","Clothesline"],"picked":"SKIP","floor":18.0},{"not_picked":["Searing Blow+1","Headbutt+1"],"picked":"Heavy Blade","floor":19.0},{"not_picked":["Bloodletting","Pummel"],"picked":"Flex","floor":19.0},{"not_picked":["Intimidate","Rupture"],"picked":"Flex+1","floor":20.0},{"not_picked":["Heavy Blade","Fire Breathing","Rampage"],"picked":"SKIP","floor":20.0},{"not_picked":["Headbutt","Pommel Strike"],"picked":"Shrug It Off","floor":22.0},{"not_picked":["True Grit","Clothesline","Havoc+1"],"picked":"SKIP","floor":22.0},{"not_picked":["Warcry","Brutality","Sever Soul"],"picked":"SKIP","floor":24.0},{"not_picked":["Shockwave","Metallicize","Sword Boomerang"],"picked":"SKIP","floor":28.0},{"not_picked":["Twin Strike","Clothesline","Warcry"],"picked":"SKIP","floor":31.0},{"not_picked":["Thunderclap","Entrench","Whirlwind"],"picked":"SKIP","floor":31.0},{"not_picked":["Demon Form","Dark Embrace"],"picked":"Impervious","floor":33.0},{"not_picked":["Clothesline","Clash+1"],"picked":"Inflame","floor":35.0},{"not_picked":["Clash","Iron Wave","Heavy Blade"],"picked":"SKIP","floor":35.0},{"not_picked":["Fire Breathing","Brutality","Body Slam"],"picked":"SKIP","floor":38.0},{"not_picked":["Sever Soul","Anger+1","Clash"],"picked":"SKIP","floor":38.0},{"not_picked":["Iron Wave+1","Pommel Strike"],"picked":"Sentinel+1","floor":40.0},{"not_picked":["Havoc","Flex"],"picked":"Feed","floor":42.0},{"not_picked":["Thunderclap","Havoc","Flame Barrier"],"picked":"SKIP","floor":42.0},{"not_picked":["Perfected Strike","Body Slam+1"],"picked":"Evolve","floor":45.0},{"not_picked":["Thunderclap","Combust+1","Uppercut"],"picked":"SKIP","floor":45.0},{"not_picked":["Pummel","Perfected Strike"],"picked":"Spot Weakness","floor":48.0},{"not_picked":["Dual Wield","Shockwave"],"picked":"Battle Trance+1","floor":48.0},{"not_picked":["Blood for Blood","Warcry"],"picked":"Flex","floor":54.0}],"player_experience":1339645,"relics_obtained":[{"floor":9.0,"key":"Ancient Tea Set"},{"floor":12.0,"key":"Prayer Wheel"},{"floor":14.0,"key":"Shuriken"},{"floor":24.0,"key":"Darkstone Periapt"},{"floor":26.0,"key":"Sundial"},{"floor":28.0,"key":"Happy Flower"},{"floor":40.0,"key":"Mercury Hourglass"},{"floor":54.0,"key":"Vajra"}],"event_choices":[{"cards_removed":["Strike_R"],"damage_healed":0.0,"max_hp_gain":0.0,"max_hp_loss":0.0,"gold_gain":0.0,"event_name":"Living Wall","player_choice":"Forget","floor":4.0,"gold_loss":0.0,"damage_taken":0.0},{"cards_removed":["Defend_R"],"damage_healed":0.0,"max_hp_gain":0.0,"max_hp_loss":0.0,"gold_gain":0.0,"event_name":"Wheel of Change","player_choice":"Card Removal","floor":10.0,"gold_loss":0.0,"damage_taken":0.0},{"damage_healed":0.0,"max_hp_gain":0.0,"max_hp_loss":0.0,"gold_gain":0.0,"event_name":"The Library","player_choice":"Read","floor":29.0,"gold_loss":0.0,"damage_taken":0.0,"cards_obtained":["Burning Pact"]},{"cards_removed":["Strike_R"],"damage_healed":0.0,"max_hp_gain":0.0,"max_hp_loss":0.0,"gold_gain":0.0,"event_name":"Back to Basics","player_choice":"Elegance","floor":30.0,"gold_loss":0.0,"damage_taken":0.0},{"damage_healed":0.0,"max_hp_gain":0.0,"max_hp_loss":0.0,"gold_gain":275.0,"event_name":"Golden Shrine","player_choice":"Desecrate","floor":37.0,"gold_loss":0.0,"damage_taken":0.0,"cards_obtained":["Regret"]},{"damage_healed":0.0,"max_hp_gain":0.0,"max_hp_loss":0.0,"gold_gain":0.0,"event_name":"Mysterious Sphere","player_choice":"Ignored","floor":41.0,"gold_loss":0.0,"damage_taken":0.0},{"damage_healed":0.0,"max_hp_gain":0.0,"max_hp_loss":0.0,"gold_gain":0.0,"event_name":"Tomb of Lord Red Mask","player_choice":"Paid","floor":46.0,"gold_loss":107.0,"damage_taken":0.0,"relics_obtained":["Red Mask"]}],"is_beta":false,"boss_relics":[{"not_picked":["Black Blood","Empty Cage"],"picked":"Fusion Hammer"},{"not_picked":["Orrery","Lizard Tail"],"picked":"Astrolabe"}],"items_purged_floors":[36,39],"is_endless":false,"potions_floor_spawned":[1,2,12,16,19,20,24,31,35,45,48,54],"killed_by":"The Heart","ascension_level":17}