{"gold_per_floor":[113,10,10,10,10,37,55,55,85,85,85,10,10,85,85,162,162,173,173,73,91,91,91,126,126],"floor_reached":25,"playtime":601,"items_purged":["Bash","Twin Strike"],"score":426,"play_id":"4e81208a-e36b-44da-a405-9424279ee7a0","local_time":"20190223143557","is_ascension_mode":true,"campfire_choices":[{"data":"Immolate","floor":8.0,"key":"SMITH"},{"data":"True Grit","floor":10.0,"key":"SMITH"},{"data":"Body Slam","floor":13.0,"key":"SMITH"},{"data":"Feel No Pain","floor":15.0,"key":"SMITH"},{"data":"Double Tap","floor":23.0,"key":"SMITH"}],"neow_cost":"NONE","seed_source_timestamp":13477289110097,"circlet_count":0,"master_deck":["AscendersBane","Feel No Pain+1","Body Slam+1","Limit Break","Fire Breathing","Warcry+1","Heavy Blade","Immolate+1","Trip+1","True Grit+1","Double Tap+1","Rage+1","Evolve"],"special_seed":0,"relics":["Pandora\u0027s Box","Bag of Marbles","Ornamental Fan","Tiny Chest","Philosopher\u0027s Stone","Thread and Needle","The Courier"],"potions_floor_usage":[],"damage_taken":[{"damage":10.0,"enemies":"2 Louse","floor":1.0,"turns":2.0},{"damage":11.0,"enemies":"3 Sentries","floor":6.0,"turns":4.0},{"damage":0.0,"enemies":"Small Slimes","floor":7.0,"turns":1.0},{"damage":31.0,"enemies":"The Guardian","floor":16.0,"turns":8.0},{"damage":0.0,"enemies":"Chosen","floor":18.0,"turns":3.0},{"damage":4.0,"enemies":"Spheric Guardian","floor":21.0,"turns":4.0},{"damage":46,"enemies":"Book of Stabbing","floor":24,"turns":5},{"damage":0,"enemies":"Snake Plant","floor":25,"turns":1}],"seed_played":"-9098757162759815756","potions_obtained":[{"floor":18.0,"key":"BloodPotion"}],"is_trial":false,"path_per_floor":["M","$","?","?","?","E","M","R","T","R","?","$","R","?","R","B",null,"M","?","$","M","T","R","E","M"],"character_chosen":"IRONCLAD","items_purchased":["Trip"],"campfire_rested":0,"item_purchase_floors":[2],"current_hp_per_floor":[58,58,35,30,30,19,19,19,19,19,44,44,44,33,33,2,57,57,57,57,60,60,60,14,14],"gold":126,"neow_bonus":"BOSS_RELIC","is_prod":false,"is_daily":false,"chose_seed":false,"campfire_upgraded":5,"win_rate":0,"timestamp":1550903757,"path_taken":["M","$","?","?","?","E","M","R","T","R","?","$","R","?","R","BOSS","M","?","$","M","?","R","E","M"],"build_version":"2019-01-23","purchased_purges":2,"victory":false,"max_hp_per_floor":[75,75,75,75,75,75,75,75,75,75,75,75,75,75,75,75,75,75,75,75,75,75,75,75,75],"card_choices":[{"not_picked":["Warcry","Entrench","Wild Strike"],"picked":"SKIP","floor":1.0},{"not_picked":["Battle Trance","Searing Blow"],"picked":"True Grit","floor":6.0},{"not_picked":["Heavy Blade","Dual Wield","Anger"],"picked":"SKIP","floor":7.0},{"not_picked":["Impervious","Immolate"],"picked":"Double Tap","floor":16.0},{"not_picked":["Anger","Shrug It Off"],"picked":"Rage+1","floor":18.0},{"not_picked":["Wild Strike","Cleave"],"picked":"Evolve","floor":21.0},{"not_picked":["Thunderclap","Headbutt","Reckless Charge"],"picked":"SKIP","floor":24}],"player_experience":3074668,"relics_obtained":[{"floor":6.0,"key":"Ornamental Fan"},{"floor":9.0,"key":"Tiny Chest"},{"floor":22.0,"key":"Thread and Needle"},{"floor":24,"key":"The Courier"}],"event_choices":[{"damage_healed":0.0,"max_hp_gain":0.0,"max_hp_loss":0.0,"gold_gain":0.0,"event_name":"Shining Light","player_choice":"Entered Light","floor":3.0,"gold_loss":0.0,"damage_taken":23.0,"cards_upgraded":["Trip","Warcry"]},{"damage_healed":0.0,"max_hp_gain":0.0,"max_hp_loss":0.0,"gold_gain":0.0,"event_name":"Scrap Ooze","player_choice":"Success","floor":4.0,"gold_loss":0.0,"damage_taken":5.0,"relics_obtained":["Bag of Marbles"]},{"damage_healed":0.0,"max_hp_gain":0.0,"max_hp_loss":0.0,"gold_gain":0.0,"event_name":"The Cleric","player_choice":"Leave","floor":5.0,"gold_loss":0.0,"damage_taken":0.0},{"damage_healed":25.0,"max_hp_gain":0.0,"max_hp_loss":0.0,"gold_gain":0.0,"event_name":"Big Fish","player_choice":"Banana","floor":11.0,"gold_loss":0.0,"damage_taken":0.0},{"damage_healed":0.0,"max_hp_gain":0.0,"max_hp_loss":0.0,"gold_gain":75.0,"event_name":"World of Goop","player_choice":"Gather Gold","floor":14.0,"gold_loss":0.0,"damage_taken":11.0},{"cards_removed":["Anger"],"damage_healed":0.0,"max_hp_gain":0.0,"max_hp_loss":0.0,"gold_gain":0.0,"event_name":"Back to Basics","player_choice":"Elegance","floor":19.0,"gold_loss":0.0,"damage_taken":0.0}],"is_beta":false,"boss_relics":[{"not_picked":["Calling Bell","Eternal Feather"],"picked":"Philosopher\u0027s Stone"}],"items_purged_floors":[12,20],"is_endless":false,"potions_floor_spawned":[18],"killed_by":"Snake Plant","ascension_level":20}