{"gold_per_floor":[109,259,276,161,178,178,70,85,85,97,97,124,124,143,143,220,220,230,247,247],"floor_reached":20,"playtime":889,"items_purged":["Doubt"],"score":352,"play_id":"d361949e-7b65-498e-acd8-19e25a40f4cd","local_time":"20190108201850","is_ascension_mode":true,"campfire_choices":[{"data":"Defragment","floor":6.0,"key":"SMITH"},{"data":"Discovery","floor":13.0,"key":"SMITH"},{"floor":15.0,"key":"REST"}],"neow_cost":"TEN_PERCENT_HP_LOSS","seed_source_timestamp":31043584324206,"circlet_count":0,"master_deck":["AscendersBane","Strike_B","Strike_B","Strike_B","Defend_B","Defend_B","Defend_B","Zap","Dualcast","Coolheaded","Loop","Defragment+1","Discovery+1","Ball Lightning","Glacier","Buffer"],"special_seed":0,"relics":["Cracked Core","Incense Burner","Runic Dome"],"potions_floor_usage":[18],"damage_taken":[{"damage":4.0,"enemies":"Jaw Worm","floor":1.0,"turns":4.0},{"damage":11.0,"enemies":"Small Slimes","floor":3.0,"turns":4.0},{"damage":1.0,"enemies":"2 Louse","floor":5.0,"turns":3.0},{"damage":20.0,"enemies":"2 Fungi Beasts","floor":8.0,"turns":4.0},{"damage":11.0,"enemies":"3 Louse","floor":10.0,"turns":5.0},{"damage":7.0,"enemies":"Gremlin Nob","floor":12.0,"turns":3.0},{"damage":7.0,"enemies":"Large Slime","floor":14.0,"turns":4.0},{"damage":18.0,"enemies":"Slime Boss","floor":16.0,"turns":10.0},{"damage":12,"enemies":"2 Thieves","floor":18,"turns":2},{"damage":5,"enemies":"Chosen","floor":19,"turns":5},{"damage":0,"enemies":"Masked Bandits","floor":20,"turns":1}],"seed_played":"-3690677095279911309","potions_obtained":[{"floor":1.0,"key":"SkillPotion"},{"floor":5.0,"key":"FocusPotion"},{"floor":16.0,"key":"FocusPotion"},{"floor":18,"key":"Regen Potion"}],"is_trial":false,"path_per_floor":["M","?","M","$","M","R","$","M","T","M","?","E","R","M","R","B",null,"M","M","?"],"character_chosen":"DEFECT","items_purchased":["Defragment","Discovery"],"campfire_rested":1,"item_purchase_floors":[4,7],"current_hp_per_floor":[60,60,49,49,48,48,48,28,28,17,38,31,31,24,43,25,54,42,37,37],"gold":247,"neow_bonus":"REMOVE_TWO","is_prod":false,"is_daily":false,"chose_seed":false,"campfire_upgraded":2,"win_rate":0,"timestamp":1546949930,"path_taken":["M","?","M","$","M","R","$","M","T","M","?","E","R","?","R","BOSS","M","M","?"],"build_version":"2019-01-03v4","purchased_purges":1,"victory":false,"max_hp_per_floor":[64,64,64,64,64,64,64,64,64,64,64,64,64,64,64,64,64,64,64,64],"card_choices":[{"not_picked":["Conserve Battery","Fusion"],"picked":"Coolheaded","floor":1.0},{"not_picked":["Stack","Tempest"],"picked":"Loop","floor":3.0},{"not_picked":["Cold Snap","Sweeping Beam","Go for the Eyes"],"picked":"SKIP","floor":5.0},{"not_picked":["Cold Snap","Barrage","Beam Cell"],"picked":"SKIP","floor":8.0},{"not_picked":["Beam Cell","Static Discharge"],"picked":"Ball Lightning","floor":10.0},{"not_picked":["Machine Learning","FTL"],"picked":"Glacier","floor":12.0},{"not_picked":["Go for the Eyes","Lockon","Stack"],"picked":"SKIP","floor":14.0},{"not_picked":["Seek","Meteor Strike"],"picked":"Buffer","floor":16.0},{"not_picked":["Barrage","Steam","Streamline"],"picked":"SKIP","floor":18},{"not_picked":["Cold Snap","Darkness","Heatsinks"],"picked":"SKIP","floor":19}],"player_experience":1863965,"relics_obtained":[{"floor":12.0,"key":"Incense Burner"}],"event_choices":[{"damage_healed":0.0,"max_hp_gain":0.0,"max_hp_loss":0.0,"gold_gain":150.0,"event_name":"Liars Game","player_choice":"AGREE","floor":2.0,"gold_loss":0.0,"damage_taken":0.0,"cards_obtained":["Doubt"]},{"damage_healed":21.0,"max_hp_gain":0.0,"max_hp_loss":0.0,"gold_gain":0.0,"event_name":"Big Fish","player_choice":"Banana","floor":11.0,"gold_loss":0.0,"damage_taken":0.0},{"damage_healed":0,"gold_gain":0,"player_choice":"Fought Bandits","damage_taken":0,"max_hp_gain":0,"max_hp_loss":0,"event_name":"Masked Bandits","floor":20,"gold_loss":0}],"is_beta":false,"boss_relics":[{"not_picked":["Snecko Eye","Eternal Feather"],"picked":"Runic Dome"}],"items_purged_floors":[4],"is_endless":false,"potions_floor_spawned":[1,5,12,16,18],"killed_by":"Masked Bandits","ascension_level":20}