{"gold_per_floor":[114,133,147,222,222,222,8,36,108,108,128,148,159,173,173,173],"floor_reached":16,"playtime":724,"items_purged":[],"score":208,"play_id":"f82495d2-99d0-4583-be58-40cfbb37b3b2","local_time":"20190720021113","is_ascension_mode":true,"campfire_choices":[{"floor":6,"key":"REST"},{"floor":10,"key":"REST"},{"floor":15,"key":"REST"}],"neow_cost":"NONE","seed_source_timestamp":21472849967252,"circlet_count":0,"master_deck":["AscendersBane","Strike_G","Strike_G","Strike_G+1","Strike_G+1","Strike_G","Defend_G","Defend_G","Defend_G","Defend_G","Defend_G","Survivor","Neutralize","Dagger Throw","Deadly Poison","Night Terror","Sucker Punch","Blade Dance","Slice","Deflect","Cloak And Dagger"],"relics":["Ring of the Snake","Art of War","Bag of Preparation","Sundial"],"potions_floor_usage":[8,8,16,16],"damage_taken":[{"damage":2,"enemies":"Cultist","floor":1,"turns":5},{"damage":0,"enemies":"2 Louse","floor":2,"turns":3},{"damage":1,"enemies":"Jaw Worm","floor":3,"turns":4},{"damage":36,"enemies":"Gremlin Nob","floor":8,"turns":5},{"damage":1,"enemies":"Looter","floor":11,"turns":3},{"damage":0,"enemies":"2 Fungi Beasts","floor":12,"turns":3},{"damage":8,"enemies":"Blue Slaver","floor":13,"turns":4},{"damage":10,"enemies":"Gremlin Gang","floor":14,"turns":6},{"damage":38,"enemies":"Hexaghost","floor":16,"turns":9}],"seed_played":"7290072836919447980","potions_obtained":[{"floor":2,"key":"Ancient Potion"},{"floor":3,"key":"Weak Potion"},{"floor":8,"key":"Poison Potion"},{"floor":14,"key":"GamblersBrew"}],"is_trial":false,"path_per_floor":["M","M","M","?","?","R","$","E","T","R","M","M","M","M","R","B"],"character_chosen":"THE_SILENT","items_purchased":["Art of War","Sucker Punch"],"campfire_rested":3,"item_purchase_floors":[7,7],"current_hp_per_floor":[63,63,62,51,29,50,50,14,14,35,34,34,26,16,37,0],"gold":173,"neow_bonus":"TEN_PERCENT_HP_BONUS","is_prod":false,"is_daily":false,"chose_seed":false,"campfire_upgraded":0,"win_rate":0,"timestamp":1563581473,"path_taken":["M","M","?","?","?","R","$","E","T","R","M","M","M","M","R","BOSS"],"build_version":"2019-07-17","purchased_purges":0,"victory":false,"max_hp_per_floor":[72,72,72,72,72,72,72,72,72,72,72,72,72,72,72,72],"card_choices":[{"not_picked":["Dodge and Roll","Blade Dance"],"picked":"Dagger Throw","floor":1},{"not_picked":["Well Laid Plans","Predator"],"picked":"Deadly Poison","floor":2},{"not_picked":["PiercingWail","Blade Dance"],"picked":"Night Terror","floor":3},{"not_picked":["Calculated Gamble","Outmaneuver"],"picked":"Blade Dance","floor":8},{"not_picked":["Tactician","Prepared"],"picked":"Slice","floor":11},{"not_picked":["Poisoned Stab","Deadly Poison"],"picked":"Deflect","floor":12},{"not_picked":["Prepared","Flying Knee"],"picked":"Cloak And Dagger","floor":13},{"not_picked":["Flechettes","Sucker Punch","Bane"],"picked":"SKIP","floor":14}],"player_experience":720475,"relics_obtained":[{"floor":8,"key":"Bag of Preparation"},{"floor":9,"key":"Sundial"}],"event_choices":[{"damage_healed":0,"gold_gain":75,"player_choice":"Gather Gold","damage_taken":11,"max_hp_gain":0,"max_hp_loss":0,"event_name":"World of Goop","floor":4,"gold_loss":0},{"damage_healed":0,"gold_gain":0,"player_choice":"Entered Light","damage_taken":22,"max_hp_gain":0,"max_hp_loss":0,"event_name":"Shining Light","floor":5,"gold_loss":0,"cards_upgraded":["Strike_G","Strike_G"]}],"is_beta":false,"boss_relics":[],"items_purged_floors":[],"is_endless":false,"potions_floor_spawned":[2,3,8,14],"killed_by":"Hexaghost","ascension_level":20}