{"gold_per_floor":[111,43,99,110,110,110,29,29,74,92,112,138,138,161,161,290,290,308,323,181,181,96,96,119,463,545,545,281,324,324,365,365,491,491,512,526,526,401,417,417,102,102,102,102,120,120,134,134,134,134],"floor_reached":51,"playtime":1968,"items_purged":["Strike_G","Defend_G","Strike_G"],"score":941,"play_id":"1dc2a0ca-86e0-4d23-adf2-4f566d2a25cc","local_time":"20181020164231","is_ascension_mode":false,"campfire_choices":[{"data":"Well Laid Plans","floor":6.0,"key":"SMITH"},{"data":"Neutralize","floor":8.0,"key":"SMITH"},{"data":"Noxious Fumes","floor":13.0,"key":"SMITH"},{"data":"Catalyst","floor":15.0,"key":"SMITH"},{"data":"Well Laid Plans","floor":23,"key":"SMITH"},{"data":"Corpse Explosion","floor":27,"key":"SMITH"},{"data":"Wraith Form v2","floor":30,"key":"SMITH"},{"data":"Backflip","floor":32,"key":"SMITH"},{"data":"Deflect","floor":40,"key":"SMITH"},{"data":"Deflect","floor":44,"key":"SMITH"},{"data":"Defend_G","floor":46,"key":"SMITH"},{"data":"Defend_G","floor":49,"key":"SMITH"}],"neow_cost":"NONE","seed_source_timestamp":21577528911541,"circlet_count":0,"master_deck":["Defend_G+1","Defend_G+1","Survivor","Neutralize+1","Finesse","Masterful Stab","Well Laid Plans+1","Backflip+1","Catalyst+1","Noxious Fumes+1","Corpse Explosion+1","Escape Plan","Well Laid Plans+1","Deflect+1","Deflect+1","Wraith Form v2+1","Catalyst+1","Catalyst+1","Malaise+1","Dodge and Roll+1","Calculated Gamble+1","Calculated Gamble+1","Impatience+1","Deep Breath+1","Impatience+1","Leg Sweep+1"],"special_seed":0,"relics":["Ring of the Snake","Golden Idol","Omamori","Odd Mushroom","Empty Cage","Bronze Scales","Old Coin","Toxic Egg 2","Anchor","Dead Branch","Runic Dome","WingedGreaves","Regal Pillow"],"potions_floor_usage":[19,29,50],"damage_taken":[{"damage":0.0,"enemies":"Small Slimes","floor":1.0,"turns":5.0},{"damage":1.0,"enemies":"Jaw Worm","floor":4.0,"turns":4.0},{"damage":0.0,"enemies":"2 Louse","floor":10.0,"turns":2.0},{"damage":12.0,"enemies":"Looter","floor":11.0,"turns":4.0},{"damage":0.0,"enemies":"The Mushroom Lair","floor":12.0,"turns":5.0},{"damage":0.0,"enemies":"Gremlin Gang","floor":14.0,"turns":5.0},{"damage":19.0,"enemies":"The Guardian","floor":16.0,"turns":11.0},{"damage":0,"enemies":"Chosen","floor":18,"turns":4},{"damage":0,"enemies":"Spheric Guardian","floor":19,"turns":4},{"damage":0,"enemies":"Snecko","floor":24,"turns":4},{"damage":0,"enemies":"Gremlin Leader","floor":25,"turns":6},{"damage":0,"enemies":"Book of Stabbing","floor":29,"turns":6},{"damage":0,"enemies":"Slavers","floor":31,"turns":3},{"damage":0,"enemies":"Champ","floor":33,"turns":5},{"damage":0,"enemies":"3 Darklings","floor":35,"turns":1},{"damage":0,"enemies":"Orb Walker","floor":36,"turns":3},{"damage":0,"enemies":"Maw","floor":39,"turns":3},{"damage":0,"enemies":"Sphere and 2 Shapes","floor":45,"turns":3},{"damage":0,"enemies":"Transient","floor":47,"turns":4},{"damage":0,"enemies":"Awakened One","floor":50,"turns":7}],"seed_played":"7459795115904617633","potions_obtained":[{"floor":4.0,"key":"Fire Potion"},{"floor":11.0,"key":"GhostInAJar"},{"floor":12.0,"key":"PowerPotion"},{"floor":25,"key":"GhostInAJar"},{"floor":33,"key":"GhostInAJar"}],"is_trial":false,"path_per_floor":["M","$","?","M","?","R","$","R","T","M","M","?","R","M","R","B",null,"M","M","$","?","?","R","M","E","T","R","$","E","R","E","R","B",null,"M","M","?","$","M","R","$","?","T","R","M","R","M","?","R","B"],"character_chosen":"THE_SILENT","items_purchased":["Well Laid Plans","Catalyst","Well Laid Plans","Wraith Form v2","WingedGreaves"],"campfire_rested":0,"item_purchase_floors":[2,7,20,28,41],"current_hp_per_floor":[70,70,70,69,52,52,52,52,52,52,40,40,40,40,40,21,70,70,70,70,70,70,70,70,70,70,70,70,70,70,70,70,70,70,70,70,70,70,70,70,70,60,60,60,60,60,60,70,70,70],"gold":134,"neow_bonus":"RANDOM_COLORLESS","is_prod":false,"is_daily":false,"chose_seed":false,"campfire_upgraded":12,"win_rate":0,"timestamp":1540024951,"path_taken":["M","$","?","?","?","R","?","R","T","M","M","?","R","M","R","BOSS","M","M","$","?","?","R","M","E","T","R","?","E","R","E","R","BOSS","M","M","?","$","M","R","$","?","T","R","M","R","M","?","R","BOSS"],"build_version":"2018-10-18","purchased_purges":3,"victory":true,"max_hp_per_floor":[70,70,70,70,70,70,70,70,70,70,70,70,70,70,70,70,70,70,70,70,70,70,70,70,70,70,70,70,70,70,70,70,70,70,70,70,70,70,70,70,70,70,70,70,70,70,70,70,70,70],"card_choices":[{"not_picked":["Infinite Blades","Cloak And Dagger"],"picked":"Masterful Stab","floor":1.0},{"not_picked":["Dagger Spray","Endless Agony"],"picked":"Backflip","floor":4.0},{"not_picked":["Quick Slash","Poisoned Stab"],"picked":"Noxious Fumes","floor":10.0},{"not_picked":["Dash","Dodge and Roll","Sucker Punch"],"picked":"SKIP","floor":11.0},{"not_picked":["Flechettes","Bane","Outmaneuver"],"picked":"SKIP","floor":14.0},{"not_picked":["Envenom","Adrenaline"],"picked":"Corpse Explosion","floor":16.0},{"not_picked":["PiercingWail","All Out Attack","Dagger Throw"],"picked":"SKIP","floor":18},{"not_picked":["Quick Slash+1","Cloak And Dagger"],"picked":"Escape Plan","floor":19},{"not_picked":["Heel Hook+1","All Out Attack","Skewer"],"picked":"SKIP","floor":24},{"not_picked":["Underhanded Strike","Flying Knee","Acrobatics"],"picked":"SKIP","floor":25},{"not_picked":["Distraction+1","Heel Hook"],"picked":"Catalyst+1","floor":29},{"not_picked":["Slice+1","Quick Slash"],"picked":"Catalyst+1","floor":31},{"not_picked":["Grand Finale","After Image"],"picked":"Malaise+1","floor":33},{"not_picked":["Prepared+1","Crippling Poison+1"],"picked":"Dodge and Roll+1","floor":35},{"not_picked":["Infinite Blades","Riddle With Holes"],"picked":"Calculated Gamble+1","floor":36},{"not_picked":["Riddle With Holes","Expertise+1"],"picked":"Calculated Gamble+1","floor":39},{"not_picked":["Secret Technique+1","Mayhem"],"picked":"Impatience+1","floor":42},{"not_picked":["Master of Strategy+1","Thinking Ahead+1"],"picked":"Deep Breath+1","floor":42},{"not_picked":["Madness+1","Master of Strategy+1"],"picked":"Impatience+1","floor":42},{"not_picked":["Accuracy+1","Blur+1","Prepared+1"],"picked":"SKIP","floor":45},{"not_picked":["Slice","Calculated Gamble+1"],"picked":"Leg Sweep+1","floor":47}],"player_experience":406439,"relics_obtained":[{"floor":9.0,"key":"Omamori"},{"floor":12.0,"key":"Odd Mushroom"},{"floor":25,"key":"Old Coin"},{"floor":26,"key":"Toxic Egg 2"},{"floor":29,"key":"Anchor"},{"floor":31,"key":"Dead Branch"},{"floor":43,"key":"Regal Pillow"}],"event_choices":[{"damage_healed":0.0,"max_hp_gain":0.0,"max_hp_loss":0.0,"gold_gain":56.0,"event_name":"Golden Wing","player_choice":"Gained Gold","floor":3.0,"gold_loss":0.0,"damage_taken":0.0},{"damage_healed":0.0,"max_hp_gain":0.0,"max_hp_loss":0.0,"gold_gain":0.0,"event_name":"Golden Idol","player_choice":"Take Damage","floor":5.0,"gold_loss":0.0,"damage_taken":17.0,"relics_obtained":["Golden Idol"]},{"damage_healed":0.0,"max_hp_gain":0.0,"max_hp_loss":0.0,"gold_gain":0.0,"event_name":"Mushrooms","player_choice":"Fought Mushrooms","floor":12.0,"gold_loss":0.0,"damage_taken":0.0},{"damage_healed":0,"gold_gain":0,"cards_transformed":["Strike_G","Defend_G"],"player_choice":"Became Test Subject","damage_taken":0,"max_hp_gain":0,"max_hp_loss":0,"event_name":"Drug Dealer","floor":21,"gold_loss":0,"cards_obtained":["Deflect","Deflect"]},{"damage_healed":0,"gold_gain":0,"player_choice":"Obtained Relic","damage_taken":0,"relics_obtained":["Bronze Scales"],"max_hp_gain":0,"max_hp_loss":0,"event_name":"Addict","floor":22,"gold_loss":85},{"cards_removed":["Defend_G"],"damage_healed":0,"gold_gain":0,"player_choice":"Removed Skill","damage_taken":0,"max_hp_gain":0,"max_hp_loss":0,"event_name":"Falling","floor":37,"gold_loss":0},{"damage_healed":0,"gold_gain":0,"player_choice":"Memory 3","damage_taken":10,"max_hp_gain":0,"max_hp_loss":0,"event_name":"SensoryStone","floor":42,"gold_loss":0},{"damage_healed":18,"gold_gain":0,"player_choice":"Writhe","damage_taken":0,"max_hp_gain":0,"max_hp_loss":0,"event_name":"Winding Halls","floor":48,"gold_loss":0,"cards_obtained":["Writhe"]}],"is_beta":false,"boss_relics":[{"not_picked":["Snecko Eye","Orrery"],"picked":"Empty Cage"},{"not_picked":["Eternal Feather","White Beast Statue"],"picked":"Runic Dome"}],"items_purged_floors":[20,28,38],"is_endless":false,"potions_floor_spawned":[4,11,12,25,33,35,36,45],"ascension_level":0}