{"path_per_floor":["M","$","M","M","?","R","M","$","T","R","M","M","?","?","R","B",null,"M","?","$","?","?","R","M"],"character_chosen":"THE_SILENT","items_purchased":["Dramatic Entrance","Night Terror","Regal Pillow","Deep Breath"],"gold_per_floor":[367,57,68,88,163,163,181,181,205,205,217,228,228,228,228,327,327,338,338,85,85,85,85,104],"floor_reached":25,"campfire_rested":1,"playtime":1869,"current_hp_per_floor":[58,58,58,58,47,47,43,43,43,43,43,52,52,49,49,5,70,15,38,38,38,25,62,30],"items_purged":["Decay"],"gold":104,"score":191,"play_id":"b5e6eb9c-b35a-4139-ab38-b026998519e7","local_time":"20180303190015","is_prod":false,"is_daily":false,"is_ascension_mode":false,"campfire_upgraded":3,"timestamp":1520100015,"path_taken":["M","$","M","M","?","R","M","?","T","R","M","?","?","?","R","BOSS","M","?","$","?","?","R","M","E"],"build_version":"2018-03-01-PROD1","purchased_purges":1,"victory":false,"master_deck":["Defend_G","Defend_G","Defend_G","Defend_G","Defend_G","Strike_G","Strike_G","Strike_G","Strike_G","Strike_G","Survivor","Neutralize","Terror","Dramatic Entrance","Night Terror+1","Bouncing Flask","Venomology+1","Poisoned Stab","Outmaneuver+1","Prepared+1","Tools of the Trade","Malaise","Deep Breath","Deflect"],"max_hp_per_floor":[70,70,70,70,70,70,70,70,70,70,70,70,70,70,70,70,70,70,70,70,70,75,75,75],"relics":["Ring of the Snake","Prayer Wheel","Art of War","The Specimen","Regal Pillow"],"card_choices":[{"not_picked":["Slice","Backstab"],"picked":"Terror"},{"not_picked":["Bane","Poisoned Stab"],"picked":"Bouncing Flask"},{"not_picked":["Accuracy","Dagger Throw"],"picked":"Venomology"},{"not_picked":["Quick Slash","Sucker Punch"],"picked":"Poisoned Stab"},{"not_picked":["Deflect","Dodge and Roll"],"picked":"Outmaneuver"},{"not_picked":["Terror","Poisoned Stab"],"picked":"Prepared"},{"not_picked":["Bullet Time","Storm of Steel"],"picked":"Tools of the Trade"},{"not_picked":["Masterful Stab","Riddle With Holes"],"picked":"Malaise"},{"not_picked":["Escape Plan","Terror"],"picked":"Deflect"}],"player_experience":65199,"potions_floor_usage":[11,12,12,16,16,16,16,16,16,18,24,25],"damage_taken":[{"damage":12,"enemies":"Jaw Worm","floor":1,"turns":8},{"damage":0,"enemies":"Cultist","floor":3,"turns":3},{"damage":0,"enemies":"Small Slimes","floor":4,"turns":3},{"damage":4,"enemies":"3 Louse","floor":7,"turns":3},{"damage":0,"enemies":"2 Fungi Beasts","floor":11,"turns":2},{"damage":3,"enemies":"Looter","floor":12,"turns":4},{"damage":59,"enemies":"Slime Boss","floor":16,"turns":13},{"damage":55,"enemies":"3 Byrds","floor":18,"turns":8},{"damage":32,"enemies":"Chosen","floor":24,"turns":7},{"damage":32,"enemies":"Book of Stabbing","floor":25,"turns":3}],"event_choices":[{"event_name":"World of Goop","player_choice":"Gather Gold","floor":5,"damage_taken":0},{"event_name":"Living Wall","player_choice":"Grow","floor":13,"damage_taken":0},{"event_name":"Scrap Ooze","player_choice":"success","floor":14,"damage_taken":3},{"event_name":"The Library","player_choice":"Heal","floor":19,"damage_taken":0},{"event_name":"Drug Dealer","player_choice":"Ignored","floor":21,"damage_taken":0},{"event_name":"Forgotten Altar","player_choice":"Shed Blood","floor":22,"damage_taken":0}],"boss_relics":[{"not_picked":["White Beast Statue","Astrolabe"],"picked":"The Specimen"}],"potions_floor_spawned":[1,3,7,11,18],"seed_played":"-7921622001031263353","killed_by":"Book of Stabbing","ascension_level":0,"is_trial":false}