{"gold_per_floor":[114,128,148,165,183,211,226,226,226,226,226,243,277,288,288,383,383,395,395,414,414,414,414,445,445,445,445],"floor_reached":27,"playtime":2758,"items_purged":[],"score":294,"play_id":"0f075234-694c-4cac-8092-79bdd4fc48f1","local_time":"20190719203601","is_ascension_mode":true,"campfire_choices":[{"floor":8.0,"key":"REST"},{"data":"Body Slam","floor":10.0,"key":"SMITH"},{"data":"Hemokinesis","floor":15.0,"key":"SMITH"},{"data":"Seeing Red","floor":23,"key":"SMITH"},{"data":"Corruption","floor":25,"key":"SMITH"}],"neow_cost":"NONE","seed_source_timestamp":0,"circlet_count":0,"master_deck":["Strike_R","Strike_R","Strike_R","Strike_R","Strike_R","Defend_R","Defend_R","Defend_R","Defend_R","Bash+1","Exhume","Body Slam+1","Corruption+1","Power Through","Pommel Strike","Headbutt","Exhume+1","Sentinel","Intimidate","Seeing Red+1","Hemokinesis+1","Demon Form+1","Feel No Pain+1","Fire Breathing+1","Juggernaut+1"],"special_seed":0,"relics":["Burning Blood","Frozen Egg 2","Pantograph","Question Card","Sozu","Nloth\u0027s Gift","WingedGreaves","Potion Belt"],"potions_floor_usage":[],"damage_taken":[{"damage":0.0,"enemies":"Small Slimes","floor":1.0,"turns":3.0},{"damage":7.0,"enemies":"2 Louse","floor":2.0,"turns":3.0},{"damage":10.0,"enemies":"Cultist","floor":3.0,"turns":5.0},{"damage":12.0,"enemies":"2 Fungi Beasts","floor":4.0,"turns":4.0},{"damage":14.0,"enemies":"Large Slime","floor":5.0,"turns":8.0},{"damage":30.0,"enemies":"3 Sentries","floor":6.0,"turns":9.0},{"damage":15.0,"enemies":"Gremlin Gang","floor":7.0,"turns":10.0},{"damage":1.0,"enemies":"3 Louse","floor":12.0,"turns":5.0},{"damage":15.0,"enemies":"Gremlin Nob","floor":13.0,"turns":4.0},{"damage":8.0,"enemies":"Lots of Slimes","floor":14.0,"turns":4.0},{"damage":59.0,"enemies":"Slime Boss","floor":16.0,"turns":15.0},{"damage":6,"enemies":"Chosen","floor":18,"turns":6},{"damage":17,"enemies":"2 Thieves","floor":20,"turns":5},{"damage":8,"enemies":"Gremlin Leader","floor":24,"turns":7},{"damage":71,"enemies":"Slavers","floor":27,"turns":5}],"seed_played":"-4067778833087926447","potions_obtained":[{"floor":5.0,"key":"LiquidBronze"},{"floor":6.0,"key":"LiquidBronze"},{"floor":7.0,"key":"Regen Potion"},{"floor":12.0,"key":"SkillPotion"}],"is_trial":false,"path_per_floor":["M","M","M","M","M","E","M","R","T","R","?","M","E","M","R","B",null,"M","?","M","?","?","R","E","R","T","E"],"character_chosen":"IRONCLAD","items_purchased":[],"campfire_rested":1,"item_purchase_floors":[],"current_hp_per_floor":[80,79,75,69,61,37,28,52,52,52,36,41,32,30,30,17,80,80,80,69,69,69,69,67,67,67,0],"gold":445,"neow_bonus":"ONE_RANDOM_RARE_CARD","is_prod":false,"is_daily":false,"chose_seed":false,"campfire_upgraded":4,"win_rate":0,"timestamp":1563586561,"path_taken":["M","M","M","M","M","E","M","R","T","R","?","M","E","M","R","BOSS","M","?","?","?","?","R","E","R","T","E"],"build_version":"2019-07-17","purchased_purges":0,"victory":false,"max_hp_per_floor":[80,80,80,80,80,80,80,80,80,80,80,80,80,80,80,80,80,80,80,80,80,80,80,80,80,80,80],"card_choices":[{"not_picked":["Cleave","Pommel Strike"],"picked":"Body Slam","floor":1.0},{"not_picked":["Iron Wave","Heavy Blade"],"picked":"Corruption","floor":2.0},{"not_picked":["Exhume","Clothesline"],"picked":"Power Through","floor":3.0},{"not_picked":["Cleave","Thunderclap"],"picked":"Pommel Strike","floor":4.0},{"not_picked":["Sword Boomerang","Havoc"],"picked":"Headbutt","floor":5.0},{"not_picked":["Thunderclap","Fiend Fire"],"picked":"Exhume","floor":6.0},{"not_picked":["Perfected Strike","Cleave"],"picked":"Sentinel","floor":7.0},{"not_picked":["Armaments","Sword Boomerang"],"picked":"Intimidate","floor":12.0},{"not_picked":["Flex","Headbutt"],"picked":"Seeing Red","floor":13.0},{"not_picked":["Evolve+1","Armaments","Metallicize+1"],"picked":"Hemokinesis","floor":14.0},{"not_picked":["Exhume","Fiend Fire","Limit Break"],"picked":"Demon Form+1","floor":16.0},{"not_picked":["Dropkick","Infernal Blade","Warcry"],"picked":"Feel No Pain+1","floor":18},{"not_picked":["True Grit","Disarm+1","Burning Pact"],"picked":"Fire Breathing+1","floor":20},{"not_picked":["Twin Strike","Thunderclap+1","Evolve+1"],"picked":"Juggernaut+1","floor":24}],"player_experience":237900,"relics_obtained":[{"floor":6.0,"key":"Frozen Egg 2"},{"floor":9.0,"key":"Pantograph"},{"floor":13.0,"key":"Question Card"},{"floor":24,"key":"WingedGreaves"},{"floor":26,"key":"Potion Belt"}],"event_choices":[{"damage_healed":0.0,"max_hp_gain":0.0,"max_hp_loss":0.0,"gold_gain":0.0,"event_name":"Shining Light","player_choice":"Entered Light","floor":11.0,"gold_loss":0.0,"damage_taken":16.0,"cards_upgraded":["Bash","Exhume"]},{"damage_healed":0,"gold_gain":0,"player_choice":"Got Potions","damage_taken":0,"max_hp_gain":0,"max_hp_loss":0,"event_name":"Lab","floor":19,"gold_loss":0},{"damage_healed":0,"gold_gain":0,"player_choice":"Opened","damage_taken":0,"relics_obtained":["Omamori"],"max_hp_gain":0,"max_hp_loss":0,"event_name":"The Mausoleum","floor":21,"gold_loss":0},{"damage_healed":0,"gold_gain":0,"player_choice":"Traded Relic","damage_taken":0,"relics_obtained":["Nloth\u0027s Gift"],"max_hp_gain":0,"max_hp_loss":0,"event_name":"N\u0027loth","floor":22,"relics_lost":["Omamori"],"gold_loss":0}],"is_beta":false,"boss_relics":[{"not_picked":["Cursed Key","Snecko Eye"],"picked":"Sozu"}],"items_purged_floors":[],"is_endless":false,"potions_floor_spawned":[5,6,7,12,18],"killed_by":"Slavers","ascension_level":4}