{"path_per_floor":["M","M","?","M","T","E","M","R","T","E","M","M","R","?","R","B",null,"M","M","$","?","M","R","E","R","T","$","?","?","?","E","R","B",null,"M","M","?","M","?","R","E","R","T","R","M","T","?"],"character_chosen":"IRONCLAD","items_purchased":["Lantern","Secret Technique","Pummel"],"gold_per_floor":[119,133,133,146,171,204,223,223,223,248,262,278,278,340,340,438,438,448,463,38,38,58,58,92,92,92,52,52,52,52,84,84,184,184,194,207,207,218,218,218,248,248,248,248,267,267,367],"floor_reached":48,"campfire_rested":5,"playtime":2614,"current_hp_per_floor":[80,80,80,80,80,55,57,57,57,25,24,23,47,26,50,19,80,55,39,39,39,14,38,36,60,60,60,56,56,56,40,40,35,56,38,43,43,52,45,45,22,38,38,38,10,10,10],"items_purged":["Regret"],"gold":367,"score":532,"play_id":"bc9dcf48-4ce4-4575-9112-190e32d590ae","local_time":"20180313222738","is_prod":false,"is_daily":false,"is_ascension_mode":false,"campfire_upgraded":1,"timestamp":1520976458,"path_taken":["M","M","?","?","?","E","M","R","T","E","M","M","R","?","R","BOSS","M","M","$","?","M","R","E","R","T","?","?","?","?","E","R","BOSS","M","M","?","M","?","R","E","R","T","R","M","?","?","M"],"build_version":"2018-03-09","purchased_purges":1,"victory":false,"master_deck":["Bash+1","Flex+1","Armaments","Cleave","Disarm","Spot Weakness","Rupture+1","Berserk+1","Fire Breathing+1","Pommel Strike","Spot Weakness","Inflame+1","Thunderclap","Disarm","Inflame+1","Dropkick","Secret Technique","Headbutt+1","Pummel","Bite","Bite","Bite","Bite","Bite","Anger","Spot Weakness+1","Madness","Madness","Seeing Red"],"max_hp_per_floor":[80,80,80,80,80,80,80,80,80,80,80,80,80,80,80,80,80,80,80,80,80,80,80,80,80,80,80,56,56,56,56,56,56,56,56,56,56,56,56,56,56,56,56,56,56,56,56],"relics":["Burning Blood","Red Skull","Whetstone","Ancient Tea Set","Champion Belt","Frozen Egg 2","Unceasing Top","Pandora\u0027s Box","Lantern","Frozen Eye","Magic Flower","Peace Pipe","Sozu","Pantograph","Charon\u0027s Ashes","Thread and Needle"],"card_choices":[{"not_picked":["Twin Strike","Armaments"],"picked":"Flex"},{"not_picked":["Heavy Blade","Shrug It Off"],"picked":"Flex"},{"not_picked":["Havoc","Flex"],"picked":"Entrench"},{"not_picked":["Immolate","Anger"],"picked":"Armaments"},{"not_picked":["Warcry","Twin Strike"],"picked":"Cleave"},{"not_picked":["Clothesline","Ghostly Armor"],"picked":"Disarm"},{"not_picked":["Hemokinesis","Cleave"],"picked":"Spot Weakness"},{"not_picked":["Perfected Strike","Sentinel"],"picked":"Rupture"},{"not_picked":["Juggernaut","Feed"],"picked":"Berserk"},{"not_picked":["Perfected Strike","Dark Embrace"],"picked":"Dropkick"},{"not_picked":["Berserk","Power Through"],"picked":"Headbutt"},{"not_picked":["Second Wind","Carnage"],"picked":"Spot Weakness"},{"not_picked":["Shrug It Off","Heavy Blade"],"picked":"Seeing Red"}],"player_experience":133887,"potions_floor_usage":[33,38,45],"damage_taken":[{"damage":0.0,"enemies":"Small Slimes","floor":1.0,"turns":3.0},{"damage":0.0,"enemies":"2 Louse","floor":2.0,"turns":2.0},{"damage":1.0,"enemies":"Cultist","floor":4.0,"turns":3.0},{"damage":31.0,"enemies":"3 Sentries","floor":6.0,"turns":9.0},{"damage":4.0,"enemies":"Exordium Thugs","floor":7.0,"turns":4.0},{"damage":38.0,"enemies":"Gremlin Nob","floor":10.0,"turns":5.0},{"damage":7.0,"enemies":"Blue Slaver","floor":11.0,"turns":2.0},{"damage":7.0,"enemies":"Looter","floor":12.0,"turns":3.0},{"damage":27.0,"enemies":"Lagavulin Event","floor":14.0,"turns":5.0},{"damage":37.0,"enemies":"Slime Boss","floor":16.0,"turns":9.0},{"damage":31.0,"enemies":"Spheric Guardian","floor":18.0,"turns":5.0},{"damage":22.0,"enemies":"3 Byrds","floor":19.0,"turns":5.0},{"damage":31.0,"enemies":"Snake Plant","floor":22.0,"turns":3.0},{"damage":8.0,"enemies":"Book of Stabbing","floor":24.0,"turns":4.0},{"damage":28,"enemies":"Slavers","floor":31,"turns":3},{"damage":28,"enemies":"Champ","floor":33,"turns":8},{"damage":36,"enemies":"3 Shapes","floor":35,"turns":5},{"damage":10,"enemies":"3 Darklings","floor":36,"turns":2},{"damage":21,"enemies":"Maw","floor":38,"turns":6},{"damage":47,"enemies":"Nemesis","floor":41,"turns":5},{"damage":43,"enemies":"4 Shapes","floor":45,"turns":3}],"event_choices":[{"event_name":"Big Fish","player_choice":"Box","floor":3.0,"damage_taken":0.0},{"event_name":"Dead Adventurer","player_choice":"Searched \u00273\u0027 times","floor":14.0,"damage_taken":0.0},{"event_name":"Drug Dealer","player_choice":"Ignored","floor":21.0,"damage_taken":0.0},{"event_name":"Vampires","player_choice":"Became a vampire","floor":28.0,"damage_taken":0.0},{"event_name":"The Library","player_choice":"Read","floor":29.0,"damage_taken":0.0},{"event_name":"Beggar","player_choice":"Ignored","floor":30.0,"damage_taken":0.0},{"event_name":"Winding Halls","player_choice":"Embrace Madness","floor":39,"damage_taken":0},{"event_name":"Golden Shrine","player_choice":"Pray","floor":47,"damage_taken":0}],"boss_relics":[{"not_picked":["Black Star","Cursed Key"],"picked":"Sozu"}],"potions_floor_spawned":[1,6,16,22,24,31,33,35,41],"seed_played":"-405896884028167343","killed_by":"Sphere and 2 Shapes","ascension_level":0,"is_trial":false}