{"gold_per_floor":[114,114,114,114,129,129,158,46,46,72,87,87,105,64,64,135,135,155,55,71,86,86,112,112,123,123,123,123,150,150,150],"floor_reached":31,"playtime":782,"items_purged":["Strike_R","Strike_R"],"score":612,"play_id":"b7d5b84b-51e3-4c97-90b6-6fa6ae5e07a2","local_time":"20190427191627","is_ascension_mode":true,"campfire_choices":[{"data":"Bludgeon","floor":6.0,"key":"SMITH"},{"data":"Shockwave","floor":12.0,"key":"SMITH"},{"data":"Rampage","floor":15.0,"key":"SMITH"},{"data":"Exhume","floor":24,"key":"SMITH"},{"data":"Feel No Pain","floor":28,"key":"SMITH"}],"neow_cost":"NONE","seed_source_timestamp":29220144939855,"circlet_count":0,"master_deck":["AscendersBane","Strike_R","Strike_R+1","Defend_R","Defend_R","Defend_R","Defend_R","Bash","True Grit+1","Bludgeon+1","Fiend Fire","Shockwave+1","Ghostly Armor","Feel No Pain+1","Rampage+1","Evolve","Offering","Warcry+1","Impervious","Exhume+1","Shrug It Off"],"special_seed":0,"relics":["Burning Blood","NeowsBlessing","Omamori","Gremlin Horn","Ornamental Fan","Coffee Dripper","Juzu Bracelet","Shuriken","Darkstone Periapt"],"potions_floor_usage":[20,23],"damage_taken":[{"damage":0.0,"enemies":"Small Slimes","floor":1.0,"turns":1.0},{"damage":0.0,"enemies":"Jaw Worm","floor":5.0,"turns":1.0},{"damage":0.0,"enemies":"3 Sentries","floor":7.0,"turns":1.0},{"damage":8.0,"enemies":"Gremlin Nob","floor":10.0,"turns":3.0},{"damage":0.0,"enemies":"Cultist","floor":11.0,"turns":2.0},{"damage":0.0,"enemies":"2 Fungi Beasts","floor":13.0,"turns":3.0},{"damage":48.0,"enemies":"Hexaghost","floor":16.0,"turns":8.0},{"damage":6,"enemies":"Chosen","floor":18,"turns":4},{"damage":6,"enemies":"Spheric Guardian","floor":20,"turns":2},{"damage":6,"enemies":"Centurion and Healer","floor":21,"turns":5},{"damage":31,"enemies":"Gremlin Leader","floor":23,"turns":8},{"damage":3,"enemies":"Snake Plant","floor":25,"turns":5},{"damage":18,"enemies":"Book of Stabbing","floor":29,"turns":4},{"damage":20,"enemies":"Colosseum Slavers","floor":30,"turns":8},{"damage":0,"enemies":"Cultist and Chosen","floor":31,"turns":1}],"seed_played":"-1763203048056630736","potions_obtained":[{"floor":5.0,"key":"Explosive Potion"},{"floor":7.0,"key":"Fire Potion"},{"floor":18,"key":"GamblersBrew"},{"floor":23,"key":"Dexterity Potion"}],"is_trial":false,"path_per_floor":["M","?","?","?","M","R","E","$","T","E","M","R","M","$","R","B",null,"M","$","M","M","?","E","R","M","T","$","R","E","?","M"],"character_chosen":"IRONCLAD","items_purchased":["Shockwave","Evolve"],"campfire_rested":0,"item_purchase_floors":[8,14],"current_hp_per_floor":[74,51,51,51,57,57,63,63,63,61,67,67,73,73,73,31,64,64,64,64,64,64,39,39,42,42,42,42,30,16,16],"gold":150,"neow_bonus":"THREE_ENEMY_KILL","is_prod":false,"is_daily":false,"chose_seed":false,"campfire_upgraded":5,"win_rate":0,"timestamp":1556363787,"path_taken":["M","?","?","?","M","R","E","$","T","E","M","R","M","$","R","BOSS","M","?","M","M","?","E","R","M","T","?","R","E","?","M"],"build_version":"2019-01-23","purchased_purges":2,"victory":false,"max_hp_per_floor":[75,75,75,75,75,75,75,75,75,75,75,75,75,75,75,75,75,75,75,75,75,75,75,75,75,75,75,75,75,75,75],"card_choices":[{"not_picked":["Iron Wave","Shrug It Off"],"picked":"True Grit","floor":1.0},{"not_picked":["Clash","Pommel Strike","Clothesline"],"picked":"SKIP","floor":5.0},{"not_picked":["Body Slam","Blood for Blood"],"picked":"Fiend Fire","floor":7.0},{"not_picked":["Ghostly Armor","Pommel Strike","Combust"],"picked":"SKIP","floor":10.0},{"not_picked":["Pommel Strike","Combust"],"picked":"Ghostly Armor","floor":10.0},{"not_picked":["Body Slam","Pommel Strike"],"picked":"Feel No Pain","floor":11.0},{"not_picked":["Thunderclap","Anger"],"picked":"Rampage","floor":13.0},{"not_picked":["Berserk","Feed"],"picked":"Offering","floor":16.0},{"not_picked":["Sword Boomerang","Warcry","Pommel Strike"],"picked":"SKIP","floor":18},{"not_picked":["Infernal Blade","Clash","Pommel Strike"],"picked":"SKIP","floor":20},{"not_picked":["Anger","Pommel Strike"],"picked":"Warcry+1","floor":21},{"not_picked":["Flex","Intimidate"],"picked":"Exhume","floor":23},{"not_picked":["Flex","Evolve"],"picked":"Shrug It Off","floor":25},{"not_picked":["Warcry","True Grit","Havoc"],"picked":"SKIP","floor":29}],"player_experience":4547545,"relics_obtained":[{"floor":7.0,"key":"Omamori"},{"floor":9.0,"key":"Gremlin Horn"},{"floor":10.0,"key":"Ornamental Fan"},{"floor":23,"key":"Juzu Bracelet"},{"floor":26,"key":"Shuriken"},{"floor":29,"key":"Darkstone Periapt"}],"event_choices":[{"damage_healed":0.0,"max_hp_gain":0.0,"max_hp_loss":0.0,"gold_gain":0.0,"event_name":"Shining Light","player_choice":"Entered Light","floor":2.0,"gold_loss":0.0,"damage_taken":23.0,"cards_upgraded":["True Grit","Strike_R"]},{"cards_removed":["Strike_R"],"damage_healed":0.0,"max_hp_gain":0.0,"max_hp_loss":0.0,"gold_gain":0.0,"event_name":"Living Wall","player_choice":"Forget","floor":3.0,"gold_loss":0.0,"damage_taken":0.0},{"damage_healed":0.0,"max_hp_gain":0.0,"max_hp_loss":0.0,"gold_gain":0.0,"event_name":"Match and Keep!","player_choice":"1 cards matched","floor":4.0,"gold_loss":0.0,"damage_taken":0.0,"cards_obtained":["Bludgeon"]},{"damage_healed":0,"gold_gain":0,"player_choice":"Read","damage_taken":0,"max_hp_gain":0,"max_hp_loss":0,"event_name":"The Library","floor":22,"gold_loss":0,"cards_obtained":["Impervious"]},{"damage_healed":0,"gold_gain":0,"player_choice":"Fight","damage_taken":0,"max_hp_gain":0,"max_hp_loss":0,"event_name":"Colosseum","floor":30,"gold_loss":0},{"damage_healed":0,"gold_gain":0,"player_choice":"Fled From Nobs","damage_taken":0,"max_hp_gain":0,"max_hp_loss":0,"event_name":"Colosseum","floor":30,"gold_loss":0}],"is_beta":false,"boss_relics":[{"not_picked":["Astrolabe","Runic Dome"],"picked":"Coffee Dripper"}],"items_purged_floors":[8,19],"is_endless":false,"potions_floor_spawned":[5,7,13,18,23,30],"killed_by":"Cultist and Chosen","ascension_level":20}