{"gold_per_floor":[119,119,133,29,45,45,55,83,83,8,34,34,53,67,67,169,169,184,283,283,36,13,48,48,77,159,159,159,159,171,204,204,300,300,318,160,160,160,180,206,58,72,125,158,171,171,189,220,220,220],"floor_reached":51,"playtime":1596,"items_purged":["Strike_R","Strike_R","Clothesline+1"],"score":986,"play_id":"abcd5255-5960-4d2a-b90d-d02440434de6","local_time":"20180918200325","is_ascension_mode":true,"campfire_choices":[{"data":"Inflame","floor":6.0,"key":"SMITH"},{"data":"Disarm","floor":15.0,"key":"SMITH"},{"data":"Limit Break","floor":24.0,"key":"SMITH"},{"data":"Flex","floor":28,"key":"SMITH"},{"floor":32,"key":"REST"},{"floor":46,"key":"REST"},{"data":"Flame Barrier","floor":49,"key":"SMITH"}],"neow_cost":"NONE","seed_source_timestamp":29953099448125,"circlet_count":0,"master_deck":["Defend_R+1","Defend_R+1","Defend_R+1","Sword Boomerang","Inflame+1","Whirlwind","Disarm+1","Limit Break+1","Shrug It Off","Offering","Flex+1","Inflame+1","Inflame+1","Barricade+1","Demon Form+1","Shockwave+1","Shrug It Off+1","Flame Barrier+1","Pummel","Metallicize+1"],"special_seed":0,"relics":["Burning Blood","Ancient Tea Set","Vajra","Regal Pillow","Frozen Egg 2","Black Star","Bag of Marbles","Strawberry","Potion Belt","Blood Vial","Sundial","Shovel","Torii","Astrolabe","Magic Flower","Calipers","PreservedInsect","Red Skull","Omamori","Ornamental Fan","Question Card"],"potions_floor_usage":[30,31,33,33,40,44,44,44,44],"damage_taken":[{"damage":8.0,"enemies":"Jaw Worm","floor":1.0,"turns":4.0},{"damage":6.0,"enemies":"Cultist","floor":3.0,"turns":3.0},{"damage":13.0,"enemies":"Small Slimes","floor":5.0,"turns":3.0},{"damage":6.0,"enemies":"Looter","floor":7.0,"turns":2.0},{"damage":27.0,"enemies":"3 Sentries","floor":8.0,"turns":7.0},{"damage":12.0,"enemies":"Lagavulin","floor":11.0,"turns":7.0},{"damage":0.0,"enemies":"3 Louse","floor":13.0,"turns":1.0},{"damage":6.0,"enemies":"2 Fungi Beasts","floor":14.0,"turns":3.0},{"damage":31.0,"enemies":"Hexaghost","floor":16.0,"turns":7.0},{"damage":7.0,"enemies":"Shell Parasite","floor":18.0,"turns":6.0},{"damage":41.0,"enemies":"Colosseum Slavers","floor":20.0,"turns":6.0},{"damage":36.0,"enemies":"Book of Stabbing","floor":23.0,"turns":6.0},{"damage":16,"enemies":"Gremlin Leader","floor":25,"turns":4},{"damage":6,"enemies":"Spheric Guardian","floor":30,"turns":3},{"damage":9,"enemies":"Book of Stabbing","floor":31,"turns":5},{"damage":6,"enemies":"Champ","floor":33,"turns":6},{"damage":27,"enemies":"3 Shapes","floor":35,"turns":5},{"damage":28,"enemies":"Orb Walker","floor":39,"turns":5},{"damage":59,"enemies":"Nemesis","floor":40,"turns":7},{"damage":23,"enemies":"4 Shapes","floor":42,"turns":5},{"damage":8,"enemies":"2 Orb Walkers","floor":44,"turns":4},{"damage":20,"enemies":"Spire Growth","floor":45,"turns":3},{"damage":7,"enemies":"Reptomancer","floor":47,"turns":3},{"damage":6,"enemies":"Giant Head","floor":48,"turns":6},{"damage":59,"enemies":"Awakened One","floor":50,"turns":8}],"seed_played":"-7012660226460684019","potions_obtained":[{"floor":3.0,"key":"Regen Potion"},{"floor":8.0,"key":"Dexterity Potion"},{"floor":13.0,"key":"PowerPotion"},{"floor":14.0,"key":"SneckoOil"},{"floor":18.0,"key":"EssenceOfSteel"},{"floor":23.0,"key":"Ancient Potion"},{"floor":27,"key":"Regen Potion"},{"floor":27,"key":"PowerPotion"},{"floor":27,"key":"EssenceOfSteel"},{"floor":33,"key":"AttackPotion"},{"floor":35,"key":"EssenceOfSteel"},{"floor":47,"key":"FearPotion"}],"is_trial":false,"path_per_floor":["M","?","M","$","M","R","M","E","T","$","E","?","M","M","R","B",null,"M","?","?","$","$","E","R","E","T","?","R","?","M","E","R","B",null,"M","$","?","?","M","E","$","M","T","E","M","R","M","E","R","B"],"character_chosen":"IRONCLAD","items_purchased":["Inflame","Whirlwind","Offering","Flex","Flame Barrier","SkillPotion","SkillPotion","Fire Potion"],"campfire_rested":2,"item_purchase_floors":[4,4,21,22,36,41,41,41],"current_hp_per_floor":[78,78,78,78,71,71,71,65,65,65,59,59,65,65,65,40,80,79,79,44,44,44,21,21,11,11,11,11,11,22,21,62,64,87,66,66,66,66,46,40,40,29,29,33,25,66,71,77,77,30],"gold":220,"neow_bonus":"RANDOM_COMMON_RELIC","is_prod":false,"is_daily":false,"chose_seed":false,"campfire_upgraded":5,"win_rate":0,"timestamp":1537272205,"path_taken":["M","?","?","$","M","R","?","E","T","$","E","?","M","M","R","BOSS","M","?","?","?","$","E","R","E","T","?","R","?","?","E","R","BOSS","M","$","?","?","?","E","$","M","T","E","M","R","M","E","R","BOSS"],"build_version":"2018-09-06","purchased_purges":3,"victory":true,"max_hp_per_floor":[80,80,80,80,80,80,80,80,80,80,80,80,80,80,80,80,80,80,80,80,80,80,87,87,87,87,87,87,87,87,87,87,87,87,87,87,87,87,87,87,87,87,87,87,87,87,87,87,87,87],"card_choices":[{"not_picked":["Iron Wave","Perfected Strike","Hemokinesis"],"picked":"SKIP","floor":1.0},{"not_picked":["Twin Strike","Warcry"],"picked":"Sword Boomerang","floor":3.0},{"not_picked":["Cleave","Burning Pact","Twin Strike"],"picked":"SKIP","floor":5.0},{"not_picked":["True Grit","Entrench","Warcry"],"picked":"SKIP","floor":7.0},{"not_picked":["Fire Breathing","Brutality"],"picked":"Disarm","floor":8.0},{"not_picked":["Armaments","Twin Strike","Cleave"],"picked":"SKIP","floor":11.0},{"not_picked":["Warcry","Cleave","Perfected Strike"],"picked":"SKIP","floor":13.0},{"not_picked":["Wild Strike","Clash","Feel No Pain+1"],"picked":"SKIP","floor":14.0},{"not_picked":["Juggernaut+1","Barricade+1"],"picked":"Limit Break","floor":16.0},{"not_picked":["Second Wind","Combust+1"],"picked":"Shrug It Off","floor":18.0},{"not_picked":["Twin Strike","Cleave","Bludgeon"],"picked":"SKIP","floor":23.0},{"not_picked":["Pommel Strike","Perfected Strike"],"picked":"Inflame+1","floor":25},{"not_picked":["Ghostly Armor","Perfected Strike","Cleave"],"picked":"SKIP","floor":30},{"not_picked":["True Grit+1","Searing Blow"],"picked":"Inflame+1","floor":31},{"not_picked":["Immolate","Impervious"],"picked":"Barricade+1","floor":33},{"not_picked":["Cleave","Twin Strike+1"],"picked":"Shrug It Off+1","floor":35},{"not_picked":["Sword Boomerang+1","Anger+1","Thunderclap+1"],"picked":"SKIP","floor":39},{"not_picked":["Burning Pact","Pommel Strike+1","Flame Barrier+1"],"picked":"SKIP","floor":40},{"not_picked":["Warcry+1","Armaments+1"],"picked":"Pummel","floor":42},{"not_picked":["Rampage","Wild Strike+1","True Grit"],"picked":"SKIP","floor":44},{"not_picked":["Pommel Strike","Warcry+1"],"picked":"Metallicize+1","floor":45},{"not_picked":["Body Slam","Searing Blow","Intimidate+1"],"picked":"SKIP","floor":47},{"not_picked":["Clash+1","Sword Boomerang","Power Through"],"picked":"SKIP","floor":48}],"player_experience":8928,"relics_obtained":[{"floor":8.0,"key":"Vajra"},{"floor":9.0,"key":"Regal Pillow"},{"floor":11.0,"key":"Frozen Egg 2"},{"floor":23.0,"key":"Bag of Marbles"},{"floor":23.0,"key":"Strawberry"},{"floor":25,"key":"Potion Belt"},{"floor":25,"key":"Blood Vial"},{"floor":26,"key":"Sundial"},{"floor":31,"key":"Shovel"},{"floor":31,"key":"Torii"},{"floor":40,"key":"Magic Flower"},{"floor":40,"key":"Calipers"},{"floor":43,"key":"PreservedInsect"},{"floor":44,"key":"Red Skull"},{"floor":44,"key":"Omamori"},{"floor":48,"key":"Ornamental Fan"},{"floor":48,"key":"Question Card"}],"event_choices":[{"event_name":"The Woman in Blue","player_choice":"Bought 0 Potions","floor":2.0,"damage_taken":0.0},{"event_name":"The Cleric","player_choice":"Leave","floor":12.0,"damage_taken":0.0},{"event_name":"Nest","player_choice":"Stole From Cult","floor":19.0,"damage_taken":0.0},{"event_name":"Colosseum","player_choice":"Fight","floor":20.0,"damage_taken":0.0},{"event_name":"Colosseum","player_choice":"Fled From Nobs","floor":20.0,"damage_taken":0.0},{"event_name":"The Lab","player_choice":"Got Potions","floor":27,"damage_taken":0},{"event_name":"Back to Basics","player_choice":"Simplicity","floor":29,"damage_taken":0},{"event_name":"Falling","player_choice":"Removed Attack","floor":37,"damage_taken":0},{"event_name":"Bonfire Elementals","player_choice":"BASIC","floor":38,"damage_taken":0}],"is_beta":false,"boss_relics":[{"not_picked":["Velvet Choker","White Beast Statue"],"picked":"Black Star"},{"not_picked":["Mark of Pain","Calling Bell"],"picked":"Astrolabe"}],"items_purged_floors":[10,21,36],"is_endless":false,"potions_floor_spawned":[3,8,13,14,18,20,23,33,35,42,47],"ascension_level":2}