{"gold_per_floor":[118,135,135,135,135,173,173,98,174,174,194,194],"floor_reached":12,"playtime":270,"items_purged":["Defend_B"],"score":152,"play_id":"bb74bd6d-4747-427f-afd9-093e8a09449a","local_time":"20181231165359","is_ascension_mode":true,"campfire_choices":[{"data":"Consume","floor":7,"key":"SMITH"}],"neow_cost":"TEN_PERCENT_HP_LOSS","seed_source_timestamp":19361627561866,"circlet_count":0,"master_deck":["AscendersBane","Strike_B","Strike_B","Defend_B","Defend_B","Zap","Dualcast","Undo","Consume+1","Injury","Melter","Decay","Defragment"],"special_seed":0,"relics":["Cracked Core","Golden Idol","Ginger","Dodecahedron"],"potions_floor_usage":[6,6,6],"damage_taken":[{"damage":0.0,"enemies":"Small Slimes","floor":1.0,"turns":2.0},{"damage":0.0,"enemies":"Jaw Worm","floor":2.0,"turns":4.0},{"damage":30,"enemies":"3 Sentries","floor":6,"turns":8},{"damage":2,"enemies":"2 Louse","floor":11,"turns":2},{"damage":0,"enemies":"Large Slime","floor":12,"turns":1}],"seed_played":"2514634433474038266","potions_obtained":[{"floor":1.0,"key":"Strength Potion"},{"floor":2.0,"key":"EntropicBrew"}],"is_trial":false,"path_per_floor":["M","M","?","?","?","E","R","$","T","?","M","M"],"character_chosen":"DEFECT","items_purchased":[],"campfire_rested":0,"item_purchase_floors":[],"current_hp_per_floor":[64,64,64,64,69,39,39,39,39,39,37,37],"gold":194,"neow_bonus":"REMOVE_TWO","is_prod":false,"is_daily":false,"chose_seed":true,"campfire_upgraded":1,"win_rate":0,"timestamp":1546246439,"path_taken":["M","M","?","?","?","E","R","$","T","?","M","?"],"build_version":"2018-12-20","purchased_purges":1,"victory":false,"max_hp_per_floor":[64,64,64,64,69,69,69,69,69,69,69,69],"card_choices":[{"not_picked":["Hello World","Tempest"],"picked":"Undo","floor":1.0},{"not_picked":["Hologram","Conserve Battery"],"picked":"Consume","floor":2.0},{"not_picked":["Ball Lightning","Rip and Tear"],"picked":"Melter","floor":6},{"not_picked":["Stack","Reinforced Body"],"picked":"Defragment","floor":11}],"player_experience":1626232,"relics_obtained":[{"floor":6,"key":"Ginger"},{"floor":9,"key":"Dodecahedron"}],"event_choices":[{"cards_removed":["Strike_B"],"damage_healed":0,"gold_gain":0,"player_choice":"Forget","damage_taken":0,"max_hp_gain":0,"max_hp_loss":0,"event_name":"Living Wall","floor":3,"gold_loss":0},{"damage_healed":0,"gold_gain":0,"player_choice":"Take Wound","damage_taken":0,"relics_obtained":["Golden Idol"],"max_hp_gain":0,"max_hp_loss":0,"event_name":"Golden Idol","floor":4,"gold_loss":0,"cards_obtained":["Injury"]},{"damage_healed":0,"gold_gain":0,"player_choice":"Donut","damage_taken":0,"max_hp_gain":5,"max_hp_loss":0,"event_name":"Big Fish","floor":5,"gold_loss":0},{"damage_healed":0,"gold_gain":0,"player_choice":"Cursed","damage_taken":0,"max_hp_gain":0,"max_hp_loss":0,"event_name":"Wheel of Change","floor":10,"gold_loss":0,"cards_obtained":["Decay"]}],"is_beta":false,"boss_relics":[],"items_purged_floors":[8],"is_endless":false,"potions_floor_spawned":[1,2],"killed_by":"Large Slime","ascension_level":20}