{"gold_per_floor":[11,28,28,46,56,56,73,86,86,86,112,37,37,53,53,128,128,128,128,113,113,113,113,113,113,113,113,113,113,113,113,113,113],"floor_reached":33,"playtime":679,"items_purged":["Defend_R"],"score":427,"play_id":"8188352a-40a8-4a08-b9f0-c565e515f2ab","local_time":"20181012212200","is_ascension_mode":true,"campfire_choices":[{"data":"Perfected Strike","floor":6,"key":"SMITH"},{"data":"Perfected Strike","floor":10,"key":"SMITH"},{"data":"Bash","floor":13,"key":"SMITH"},{"data":"Double Tap","floor":15,"key":"SMITH"},{"floor":23,"key":"REST"},{"floor":25,"key":"REST"},{"data":"Burning Pact","floor":29,"key":"SMITH"},{"data":"Dropkick","floor":32,"key":"SMITH"}],"neow_cost":"NO_GOLD","seed_source_timestamp":6204975151186,"circlet_count":0,"master_deck":["Strike_R","Strike_R","Strike_R","Strike_R","Strike_R","Bash+1","AscendersBane","Perfected Strike+1","Dropkick+1","Ghostly Armor","Perfected Strike+1","Evolve","Double Tap+1","Limit Break","Burning Pact+1","Perfected Strike+1","Shrug It Off"],"relics":["Burning Blood","Pantograph","Juzu Bracelet","Ectoplasm","Lantern"],"potions_floor_usage":[14,30],"damage_taken":[{"damage":8,"enemies":"2 Louse","floor":1,"turns":3},{"damage":8,"enemies":"Small Slimes","floor":2,"turns":3},{"damage":12,"enemies":"Jaw Worm","floor":4,"turns":2},{"damage":8,"enemies":"2 Fungi Beasts","floor":5,"turns":3},{"damage":9,"enemies":"Exordium Thugs","floor":7,"turns":5},{"damage":14,"enemies":"Large Slime","floor":8,"turns":5},{"damage":8,"enemies":"Gremlin Nob","floor":11,"turns":3},{"damage":2,"enemies":"Exordium Wildlife","floor":14,"turns":2},{"damage":38,"enemies":"Slime Boss","floor":16,"turns":7},{"damage":2,"enemies":"Chosen","floor":18,"turns":3},{"damage":11,"enemies":"2 Thieves","floor":20,"turns":2},{"damage":24,"enemies":"Snake Plant","floor":22,"turns":3},{"damage":21,"enemies":"Centurion and Healer","floor":24,"turns":5},{"damage":10,"enemies":"Snecko","floor":27,"turns":3},{"damage":2,"enemies":"Sentry and Sphere","floor":30,"turns":3},{"damage":76,"enemies":"Champ","floor":33,"turns":7}],"seed_played":"4271642935837122141","potions_obtained":[{"floor":2,"key":"Explosive Potion"},{"floor":5,"key":"SpeedPotion"},{"floor":11,"key":"BloodPotion"},{"floor":16,"key":"EssenceOfSteel"},{"floor":22,"key":"Energy Potion"}],"is_trial":false,"path_per_floor":["M","M","?","M","M","R","M","M","T","R","E","$","R","M","R","B",null,"M","$","M","$","M","R","M","R","T","M","?","R","M","?","R"],"character_chosen":"IRONCLAD","items_purchased":[],"campfire_rested":2,"item_purchase_floors":[],"current_hp_per_floor":[66,64,57,51,49,49,46,38,38,38,36,36,36,47,47,40,66,70,70,65,65,47,69,54,75,75,71,71,71,75,75,75,0],"gold":113,"neow_bonus":"REMOVE_TWO","is_prod":false,"is_daily":false,"chose_seed":false,"campfire_upgraded":6,"win_rate":0,"timestamp":1539350520,"path_taken":["M","M","?","M","M","R","M","M","T","R","E","$","R","M","R","BOSS","M","$","M","$","M","R","M","R","T","M","?","R","M","?","R","BOSS"],"build_version":"2018-10-11","purchased_purges":1,"victory":false,"max_hp_per_floor":[75,75,75,75,75,75,75,75,75,75,75,75,75,75,75,75,75,75,75,75,75,75,75,75,75,75,75,75,75,75,75,75,75],"card_choices":[{"not_picked":["Warcry","Pommel Strike"],"picked":"Perfected Strike","floor":1},{"not_picked":["Havoc","Iron Wave"],"picked":"Dropkick","floor":2},{"not_picked":["Thunderclap","Sword Boomerang"],"picked":"Ghostly Armor","floor":4},{"not_picked":["Shrug It Off","Heavy Blade","Twin Strike"],"picked":"SKIP","floor":5},{"not_picked":["Rage","Iron Wave","Twin Strike"],"picked":"SKIP","floor":7},{"not_picked":["Second Wind","Havoc"],"picked":"Perfected Strike","floor":8},{"not_picked":["Twin Strike","Seeing Red"],"picked":"Evolve","floor":11},{"not_picked":["Iron Wave","Dropkick"],"picked":"Double Tap","floor":14},{"not_picked":["Exhume","Dark Embrace"],"picked":"Limit Break","floor":16},{"not_picked":["Power Through","Warcry"],"picked":"Burning Pact","floor":18},{"not_picked":["Iron Wave","Flame Barrier+1"],"picked":"Perfected Strike","floor":20},{"not_picked":["Havoc","Pummel"],"picked":"Shrug It Off","floor":22},{"not_picked":["Sentinel","Hemokinesis","Sword Boomerang"],"picked":"SKIP","floor":24},{"not_picked":["Bloodletting","Heavy Blade","Second Wind"],"picked":"SKIP","floor":27},{"not_picked":["Thunderclap","Rampage","Clash"],"picked":"SKIP","floor":30}],"player_experience":131164,"relics_obtained":[{"floor":9,"key":"Pantograph"},{"floor":11,"key":"Juzu Bracelet"},{"floor":26,"key":"Lantern"}],"event_choices":[{"event_name":"Golden Wing","player_choice":"Card Removal","floor":3,"damage_taken":0},{"event_name":"Accursed Blacksmith","player_choice":"Forge","floor":28,"damage_taken":0},{"event_name":"The Mausoleum","player_choice":"No","floor":31,"damage_taken":0}],"is_beta":false,"boss_relics":[{"not_picked":["Tiny House","White Beast Statue"],"picked":"Ectoplasm"}],"items_purged_floors":[12],"is_endless":false,"potions_floor_spawned":[2,5,11,16,18,22,27],"killed_by":"Champ","ascension_level":14}