{"gold_per_floor":[365,382,29,29,48,48,75,75,155,12,66,91,107,138,138,213,213,225,237,18,18,38,38,38],"floor_reached":24,"playtime":1024,"items_purged":["Strike_G","Strike_G"],"score":428,"play_id":"cbb413e1-24c6-45ef-bbc8-9385c5051369","local_time":"20190703233240","is_ascension_mode":true,"campfire_choices":[{"data":"Skewer","floor":6,"key":"SMITH"},{"data":"Neutralize","floor":8,"key":"SMITH"},{"data":"Well Laid Plans","floor":15,"key":"SMITH"},{"data":"Heel Hook","floor":23,"key":"SMITH"}],"neow_cost":"TEN_PERCENT_HP_LOSS","seed_source_timestamp":89730555593612,"circlet_count":0,"master_deck":["AscendersBane","Strike_G","Strike_G","Defend_G","Defend_G","Defend_G+1","Defend_G","Defend_G","Survivor+1","Neutralize+1","Skewer+1","Die Die Die","Adrenaline","Well Laid Plans+1","Heel Hook+1","Acrobatics+1","Ghostly","Ghostly","Ghostly"],"relics":["Ring of the Snake","Meat on the Bone","Bronze Scales","Tiny Chest","War Paint","Darkstone Periapt","Matryoshka","Runic Pyramid","TheAbacus"],"potions_floor_usage":[14,16,24],"damage_taken":[{"damage":1,"enemies":"Cultist","floor":1,"turns":4},{"damage":0,"enemies":"2 Louse","floor":2,"turns":4},{"damage":2,"enemies":"Jaw Worm","floor":5,"turns":5},{"damage":30,"enemies":"3 Sentries","floor":7,"turns":12},{"damage":10,"enemies":"Lagavulin","floor":12,"turns":9},{"damage":0,"enemies":"Looter","floor":13,"turns":2},{"damage":6,"enemies":"Gremlin Nob","floor":14,"turns":3},{"damage":15,"enemies":"Slime Boss","floor":16,"turns":10},{"damage":1,"enemies":"Chosen","floor":18,"turns":4},{"damage":7,"enemies":"Shell Parasite","floor":19,"turns":6},{"damage":2,"enemies":"Shelled Parasite and Fungi","floor":22,"turns":6},{"damage":37,"enemies":"Slavers","floor":24,"turns":10}],"seed_played":"-1037217158352765198","potions_obtained":[{"floor":2,"key":"Strength Potion"},{"floor":7,"key":"GhostInAJar"},{"floor":18,"key":"EssenceOfSteel"}],"is_trial":false,"path_per_floor":["M","M","$","?","M","R","E","R","T","$","T","E","M","E","R","B",null,"M","M","$","?","M","R","E"],"character_chosen":"THE_SILENT","items_purchased":["Meat on the Bone","Well Laid Plans","TheAbacus"],"campfire_rested":0,"item_purchase_floors":[3,10,20],"current_hp_per_floor":[58,58,58,58,56,56,38,38,38,38,38,40,40,34,34,31,53,52,45,45,30,28,28,0],"gold":38,"neow_bonus":"TWO_FIFTY_GOLD","is_prod":false,"is_daily":false,"chose_seed":false,"campfire_upgraded":4,"win_rate":0,"timestamp":1562167960,"path_taken":["M","?","$","?","?","R","E","R","T","$","?","E","M","E","R","BOSS","M","M","$","?","M","R","E"],"build_version":"2019-07-01","purchased_purges":2,"victory":false,"max_hp_per_floor":[60,60,60,60,60,60,60,60,60,60,60,60,60,60,60,60,60,60,60,60,30,30,30,30],"card_choices":[{"not_picked":["Outmaneuver","Escape Plan","Deflect"],"picked":"SKIP","floor":1},{"not_picked":["Sucker Punch","Bouncing Flask"],"picked":"Skewer","floor":2},{"not_picked":["Blade Dance","Quick Slash","Poisoned Stab"],"picked":"SKIP","floor":5},{"not_picked":["Infinite Blades","Bullet Time"],"picked":"Adrenaline","floor":7},{"not_picked":["Well Laid Plans","Dagger Throw"],"picked":"Heel Hook","floor":12},{"not_picked":["Sucker Punch","Catalyst","Poisoned Stab"],"picked":"SKIP","floor":13},{"not_picked":["Phantasmal Killer","Endless Agony","Cloak And Dagger"],"picked":"SKIP","floor":14},{"not_picked":["Underhanded Strike","Poisoned Stab","Quick Slash"],"picked":"SKIP","floor":18},{"not_picked":["PiercingWail","Footwork"],"picked":"Acrobatics+1","floor":19},{"not_picked":["Acrobatics","Prepared","Bane"],"picked":"SKIP","floor":22}],"player_experience":1526484,"relics_obtained":[{"floor":7,"key":"Bronze Scales"},{"floor":9,"key":"Tiny Chest"},{"floor":11,"key":"War Paint"},{"floor":12,"key":"Darkstone Periapt"},{"floor":14,"key":"Matryoshka"}],"event_choices":[{"damage_healed":0,"gold_gain":0,"cards_transformed":["Strike_G"],"player_choice":"Transformed","damage_taken":0,"max_hp_gain":0,"max_hp_loss":0,"event_name":"Transmorgrifier","floor":4,"gold_loss":0,"cards_obtained":["Die Die Die"]},{"damage_healed":0,"gold_gain":0,"player_choice":"Became a Ghost","damage_taken":0,"max_hp_gain":0,"max_hp_loss":30,"event_name":"Ghosts","floor":21,"gold_loss":0,"cards_obtained":["Ghostly","Ghostly","Ghostly"]}],"is_beta":false,"boss_relics":[{"not_picked":["Snecko Eye","Tiny House"],"picked":"Runic Pyramid"}],"items_purged_floors":[3,10],"is_endless":false,"potions_floor_spawned":[2,7,12,18],"killed_by":"Slavers","ascension_level":20}