{"gold_per_floor":[11,28,28,41,59,85,85,85,140,140,191,191,100,50,50,121,121,134,147,97,115,133,133,83,83,83,103,134,134,167,167,167,244,244,264,564,227,238,254,254,287,297,324,21,32,32,59,59,59,59],"floor_reached":51,"playtime":2798,"items_purged":["Strike_G","Strike_G","Strike_G","Strike_G","Slice","Dagger Spray"],"score":1567,"play_id":"5cc2f08f-653a-42c3-982f-ba42dfa5edf7","local_time":"20181113121417","is_ascension_mode":true,"campfire_choices":[{"data":"Calculated Gamble","floor":7.0,"key":"SMITH"},{"data":"Neutralize","floor":10.0,"key":"SMITH"},{"data":"Underhanded Strike","floor":12.0,"key":"SMITH"},{"data":"Footwork","floor":15.0,"key":"SMITH"},{"data":"Prepared","floor":23,"key":"SMITH"},{"data":"Tactician","floor":29,"key":"SMITH"},{"data":"Burst","floor":32,"key":"SMITH"},{"data":"Acrobatics","floor":40,"key":"SMITH"},{"data":"Calculated Gamble","floor":46,"key":"SMITH"},{"data":"Acrobatics","floor":49,"key":"SMITH"}],"neow_cost":"NO_GOLD","seed_source_timestamp":0,"circlet_count":0,"master_deck":["AscendersBane","Survivor","Neutralize+1","Calculated Gamble+1","Backflip","Footwork+1","Burst+1","Acrobatics+1","Prepared+1","Calculated Gamble+1","Flechettes","Footwork+1","Tactician+1","Cloak And Dagger","Blade Dance","Deadly Poison","Blade Dance","Backflip","Acrobatics+1"],"special_seed":0,"relics":["Ring of the Snake","Tingsha","Ancient Tea Set","Smiling Mask","Tiny Chest","Snake Skull","Coffee Dripper","Bottled Flame","PreservedInsect","Pantograph","Pandora\u0027s Box","Dodecahedron","Centennial Puzzle","Art of War","Lantern","Dream Catcher"],"potions_floor_usage":[33],"damage_taken":[{"damage":0.0,"enemies":"Cultist","floor":1.0,"turns":5.0},{"damage":7.0,"enemies":"Small Slimes","floor":2.0,"turns":3.0},{"damage":1.0,"enemies":"2 Louse","floor":4.0,"turns":4.0},{"damage":0.0,"enemies":"Looter","floor":5.0,"turns":2.0},{"damage":26.0,"enemies":"Lagavulin","floor":6.0,"turns":10.0},{"damage":2.0,"enemies":"The Guardian","floor":16.0,"turns":14.0},{"damage":0.0,"enemies":"3 Byrds","floor":18.0,"turns":6.0},{"damage":20.0,"enemies":"2 Thieves","floor":19.0,"turns":4.0},{"damage":3.0,"enemies":"Chosen and Byrds","floor":21.0,"turns":5.0},{"damage":5.0,"enemies":"Shelled Parasite and Fungi","floor":22.0,"turns":5.0},{"damage":0,"enemies":"Centurion and Healer","floor":27,"turns":3},{"damage":0,"enemies":"Book of Stabbing","floor":28,"turns":6},{"damage":7,"enemies":"Slavers","floor":30,"turns":4},{"damage":11,"enemies":"Collector","floor":33,"turns":8},{"damage":0,"enemies":"3 Darklings","floor":35,"turns":3},{"damage":0,"enemies":"3 Shapes","floor":38,"turns":2},{"damage":0,"enemies":"Writhing Mass","floor":39,"turns":3},{"damage":0,"enemies":"Reptomancer","floor":41,"turns":2},{"damage":0,"enemies":"Maw","floor":42,"turns":2},{"damage":0,"enemies":"Transient","floor":45,"turns":2},{"damage":0,"enemies":"Nemesis","floor":47,"turns":1},{"damage":0,"enemies":"Donu and Deca","floor":50,"turns":1}],"seed_played":"-4916992018326580735","potions_obtained":[{"floor":2.0,"key":"Fire Potion"},{"floor":5.0,"key":"Swift Potion"},{"floor":6.0,"key":"Explosive Potion"},{"floor":18.0,"key":"EssenceOfSteel"},{"floor":22.0,"key":"PowerPotion"},{"floor":33,"key":"LiquidBronze"}],"is_trial":false,"path_per_floor":["M","M","?","M","M","E","R","?","T","R","T","R","$","$","R","B",null,"M","M","$","M","M","R","$","?","T","M","E","R","E","?","R","B",null,"M","?","$","M","M","R","E","M","T","$","M","R","E","?","R","B",null],"character_chosen":"THE_SILENT","items_purchased":["Footwork","Dodecahedron","Lantern","EssenceOfSteel"],"campfire_rested":0,"item_purchase_floors":[13,37,44,44],"current_hp_per_floor":[59,52,41,40,40,14,14,14,14,14,14,14,14,14,14,12,53,53,33,33,30,25,25,25,25,25,25,25,25,18,18,18,32,58,58,58,58,58,58,58,58,58,58,58,58,58,58,58,58,66],"gold":59,"neow_bonus":"ONE_RARE_RELIC","is_prod":false,"is_daily":false,"chose_seed":false,"campfire_upgraded":10,"win_rate":0,"timestamp":1542082457,"path_taken":["M","?","?","M","M","E","R","?","T","R","?","R","?","$","R","BOSS","M","M","$","M","M","R","$","?","T","M","E","R","E","?","R","BOSS","M","?","$","M","?","R","E","M","T","$","?","R","E","?","R","BOSS"],"build_version":"2018-11-08","purchased_purges":6,"victory":true,"max_hp_per_floor":[66,66,66,66,66,66,66,66,66,66,66,66,66,66,66,66,66,66,66,66,66,66,66,66,66,66,66,66,66,66,66,66,66,66,66,66,66,66,66,66,66,66,66,66,66,66,66,66,66,66],"card_choices":[{"not_picked":["Cloak And Dagger","Poisoned Stab"],"picked":"Dagger Spray","floor":1.0},{"not_picked":["Well Laid Plans","Poisoned Stab"],"picked":"Underhanded Strike","floor":2.0},{"not_picked":["Setup","Deadly Poison"],"picked":"Calculated Gamble","floor":4.0},{"not_picked":["All Out Attack","Flying Knee"],"picked":"Backflip","floor":5.0},{"not_picked":["Choke","Deflect","Dagger Throw"],"picked":"SKIP","floor":6.0},{"not_picked":["Die Die Die","Wraith Form v2"],"picked":"Burst","floor":16.0},{"not_picked":["Endless Agony+1","Flechettes"],"picked":"Acrobatics","floor":18.0},{"not_picked":["Underhanded Strike","PiercingWail"],"picked":"Prepared","floor":19.0},{"not_picked":["Choke","Flying Knee"],"picked":"Calculated Gamble","floor":21.0},{"not_picked":["Riddle With Holes","Concentrate"],"picked":"Flechettes","floor":22.0},{"not_picked":["Bane","Footwork+1","Prepared"],"picked":"SKIP","floor":27},{"not_picked":["Bane","Prepared"],"picked":"Footwork+1","floor":27},{"not_picked":["PiercingWail+1","Underhanded Strike"],"picked":"Tactician","floor":28},{"not_picked":["Expertise","Crippling Poison","Backflip"],"picked":"SKIP","floor":30},{"not_picked":["All Out Attack","Prepared","Crippling Poison"],"picked":"SKIP","floor":35},{"not_picked":["Dagger Throw","Dodge and Roll","Crippling Poison"],"picked":"SKIP","floor":38},{"not_picked":["Sucker Punch","Underhanded Strike","Infinite Blades"],"picked":"SKIP","floor":39},{"not_picked":["Bane+1","Backflip","Dagger Spray+1"],"picked":"SKIP","floor":41},{"not_picked":["Dagger Throw+1","All Out Attack+1","Finisher+1"],"picked":"SKIP","floor":42},{"not_picked":["Dodge and Roll","Well Laid Plans","Distraction"],"picked":"SKIP","floor":45},{"not_picked":["Poisoned Stab","Acrobatics","Venomology"],"picked":"SKIP","floor":47},{"not_picked":["Poisoned Stab","Venomology"],"picked":"Acrobatics","floor":47}],"player_experience":1038189,"relics_obtained":[{"floor":6.0,"key":"Smiling Mask"},{"floor":9.0,"key":"Tiny Chest"},{"floor":11.0,"key":"Snake Skull"},{"floor":26,"key":"Bottled Flame"},{"floor":28,"key":"PreservedInsect"},{"floor":30,"key":"Pantograph"},{"floor":41,"key":"Centennial Puzzle"},{"floor":43,"key":"Art of War"},{"floor":47,"key":"Dream Catcher"}],"event_choices":[{"damage_healed":0.0,"max_hp_gain":0.0,"max_hp_loss":0.0,"gold_gain":0.0,"event_name":"Scrap Ooze","player_choice":"Success","floor":3.0,"gold_loss":0.0,"damage_taken":11.0,"relics_obtained":["Ancient Tea Set"]},{"damage_healed":0.0,"max_hp_gain":0.0,"max_hp_loss":0.0,"gold_gain":0.0,"cards_transformed":["Strike_G"],"event_name":"Living Wall","player_choice":"Change","floor":8.0,"gold_loss":0.0,"damage_taken":0.0,"cards_obtained":["Slice"]},{"damage_healed":0,"gold_gain":0,"player_choice":"Smashed Altar","damage_taken":0,"max_hp_gain":0,"max_hp_loss":0,"event_name":"Forgotten Altar","floor":25,"gold_loss":0,"cards_obtained":["Decay"]},{"cards_removed":["Decay"],"damage_healed":0,"gold_gain":0,"player_choice":"Elegance","damage_taken":0,"max_hp_gain":0,"max_hp_loss":0,"event_name":"Back to Basics","floor":31,"gold_loss":0},{"damage_healed":0,"gold_gain":300,"player_choice":"Gold","damage_taken":0,"max_hp_gain":0,"max_hp_loss":0,"event_name":"Wheel of Change","floor":36,"gold_loss":0},{"cards_removed":["Underhanded Strike"],"damage_healed":0,"gold_gain":0,"player_choice":"Removed Attack","damage_taken":0,"max_hp_gain":0,"max_hp_loss":0,"event_name":"Falling","floor":48,"gold_loss":0}],"is_beta":true,"boss_relics":[{"not_picked":["Astrolabe","Busted Crown"],"picked":"Coffee Dripper"},{"not_picked":["Orrery","Tiny House"],"picked":"Pandora\u0027s Box"}],"items_purged_floors":[13,14,20,24,37,44],"is_endless":false,"potions_floor_spawned":[2,5,6,18,22,28,33,41,42,45],"ascension_level":16}