{"gold_per_floor":[112,128,17,31,31,31,47,66,120,120,20,42,42,52,52,154,154,141,240,257,257,277,277,152,152,152,171,188,103,117,117,117,217,217,237,248,258,258,270,270,270,270,344,359,377,395,408,57,57,57],"floor_reached":51,"playtime":1698,"items_purged":["Strike_G","Strike_G","Strike_G"],"score":795,"play_id":"67bc25cb-4e74-4474-9e3b-20bd76c9bf9b","local_time":"20181103214918","is_ascension_mode":false,"campfire_choices":[{"data":"Neutralize","floor":6.0,"key":"SMITH"},{"data":"Poisoned Stab","floor":13.0,"key":"SMITH"},{"data":"Adrenaline","floor":15.0,"key":"SMITH"},{"data":"Burst","floor":23.0,"key":"SMITH"},{"data":"Backflip","floor":25.0,"key":"SMITH"},{"data":"Corpse Explosion","floor":32.0,"key":"SMITH"},{"data":"Well Laid Plans","floor":40.0,"key":"SMITH"},{"floor":42,"key":"REST"},{"data":"Burst","floor":49,"key":"SMITH"}],"neow_cost":"PERCENT_DAMAGE","seed_source_timestamp":4909344728564,"circlet_count":0,"master_deck":["Defend_G+1","Defend_G+1","Defend_G+1","Survivor+1","Neutralize+1","Poisoned Stab+1","Noxious Fumes+1","Cloak And Dagger+1","Adrenaline+1","Backflip+1","Burst+1","Footwork+1","Corpse Explosion+1","Ghostly+1","Ghostly+1","Ghostly+1","Ghostly+1","Ghostly+1","Burst+1","Escape Plan+1","Backflip+1","Well Laid Plans+1","Catalyst+1","Deadly Poison+1","Burst+1"],"special_seed":0,"relics":["Ring of the Snake","Centennial Puzzle","Odd Mushroom","Sozu","Mercury Hourglass","Snake Skull","Orichalcum","Empty Cage","Mark of the Bloom","Gremlin Horn","Membership Card","Paper Crane"],"potions_floor_usage":[50],"damage_taken":[{"damage":0.0,"enemies":"2 Louse","floor":1.0,"turns":2.0},{"damage":0.0,"enemies":"Cultist","floor":2.0,"turns":4.0},{"damage":0.0,"enemies":"Jaw Worm","floor":4.0,"turns":4.0},{"damage":0.0,"enemies":"Blue Slaver","floor":7.0,"turns":4.0},{"damage":0.0,"enemies":"3 Louse","floor":8.0,"turns":2.0},{"damage":6.0,"enemies":"The Mushroom Lair","floor":12.0,"turns":4.0},{"damage":1.0,"enemies":"Large Slime","floor":14.0,"turns":6.0},{"damage":36.0,"enemies":"Slime Boss","floor":16.0,"turns":11.0},{"damage":2.0,"enemies":"2 Thieves","floor":18.0,"turns":4.0},{"damage":0.0,"enemies":"Shell Parasite","floor":20.0,"turns":7.0},{"damage":0.0,"enemies":"3 Cultists","floor":22.0,"turns":6.0},{"damage":0.0,"enemies":"Snake Plant","floor":27.0,"turns":4.0},{"damage":0.0,"enemies":"Cultist and Chosen","floor":28.0,"turns":5.0},{"damage":0.0,"enemies":"Snecko","floor":30.0,"turns":4.0},{"damage":0.0,"enemies":"Automaton","floor":33.0,"turns":11.0},{"damage":0.0,"enemies":"3 Darklings","floor":35.0,"turns":3.0},{"damage":0.0,"enemies":"3 Shapes","floor":36.0,"turns":2.0},{"damage":0.0,"enemies":"Sphere and 2 Shapes","floor":37.0,"turns":5.0},{"damage":0.0,"enemies":"Jaw Worm Horde","floor":39.0,"turns":3.0},{"damage":0,"enemies":"4 Shapes","floor":44,"turns":3},{"damage":0,"enemies":"Maw","floor":45,"turns":6},{"damage":0,"enemies":"Transient","floor":46,"turns":5},{"damage":0,"enemies":"Spire Growth","floor":47,"turns":4},{"damage":0,"enemies":"Awakened One","floor":50,"turns":10}],"seed_played":"-3304657005245017868","potions_obtained":[{"floor":1.0,"key":"Fruit Juice"},{"floor":2.0,"key":"Poison Potion"},{"floor":7.0,"key":"Regen Potion"},{"floor":14.0,"key":"Regen Potion"}],"is_trial":false,"path_per_floor":["M","M","$","M","?","R","M","M","T","?","$","?","R","M","R","B",null,"M","?","M","?","M","R","$","R","T","M","M","?","M","?","R","B",null,"M","M","M","?","M","R","?","R","T","M","M","M","M","$","R","B",null],"character_chosen":"THE_SILENT","items_purchased":["Noxious Fumes","Membership Card","Burst","Paper Crane"],"campfire_rested":1,"item_purchase_floors":[3,48,48,48],"current_hp_per_floor":[54,54,54,54,54,54,54,54,54,54,54,48,48,47,47,11,75,73,73,73,73,73,73,73,73,73,73,73,73,73,37,37,37,37,37,37,37,37,37,37,37,37,37,37,37,37,37,37,37,37],"gold":57,"neow_bonus":"REMOVE_TWO","is_prod":false,"is_daily":false,"chose_seed":false,"campfire_upgraded":8,"win_rate":0,"timestamp":1541252958,"path_taken":["M","M","$","M","?","R","M","?","T","?","$","?","R","M","R","BOSS","M","?","M","?","M","R","$","R","T","M","M","?","M","?","R","BOSS","M","M","M","?","M","R","?","R","T","M","M","M","?","$","R","BOSS"],"build_version":"2018-11-01","purchased_purges":3,"victory":true,"max_hp_per_floor":[75,75,75,75,75,75,75,75,75,75,75,75,75,75,75,75,75,75,75,75,75,75,75,75,75,75,75,75,75,75,37,37,37,37,37,37,37,37,37,37,37,37,37,37,37,37,37,37,37,37],"card_choices":[{"not_picked":["Accuracy","PiercingWail"],"picked":"Poisoned Stab","floor":1.0},{"not_picked":["Acrobatics","Calculated Gamble","Dodge and Roll"],"picked":"SKIP","floor":2.0},{"not_picked":["Dagger Spray","Dodge and Roll"],"picked":"Cloak And Dagger","floor":4.0},{"not_picked":["Noxious Fumes","Prepared"],"picked":"Adrenaline","floor":7.0},{"not_picked":["Acrobatics","Setup","Slice"],"picked":"SKIP","floor":8.0},{"not_picked":["PiercingWail","Masterful Stab"],"picked":"Backflip","floor":12.0},{"not_picked":["Infinite Blades","Reflex","Masterful Stab"],"picked":"SKIP","floor":14.0},{"not_picked":["After Image","Glass Knife"],"picked":"Burst","floor":16.0},{"not_picked":["Choke","Outmaneuver","Dagger Spray+1"],"picked":"SKIP","floor":18.0},{"not_picked":["Slice","Reflex","Deflect"],"picked":"SKIP","floor":20.0},{"not_picked":["Acrobatics","All Out Attack"],"picked":"Footwork+1","floor":22.0},{"not_picked":["Acrobatics","Dodge and Roll","Flying Knee"],"picked":"SKIP","floor":27.0},{"not_picked":["Underhanded Strike","Dagger Spray","Quick Slash+1"],"picked":"SKIP","floor":28.0},{"not_picked":["Infinite Blades","Cloak And Dagger"],"picked":"Corpse Explosion","floor":30.0},{"not_picked":["Envenom","Phantasmal Killer"],"picked":"Burst","floor":33.0},{"not_picked":["Dodge and Roll","Dash+1"],"picked":"Escape Plan+1","floor":35.0},{"not_picked":["Terror","Bane+1"],"picked":"Backflip+1","floor":36.0},{"not_picked":["Expertise+1","Caltrops+1","Masterful Stab+1"],"picked":"SKIP","floor":37.0},{"not_picked":["PiercingWail+1","Bullet Time"],"picked":"Well Laid Plans","floor":39.0},{"not_picked":["Outmaneuver+1","Blade Dance","Dagger Spray"],"picked":"SKIP","floor":44},{"not_picked":["Quick Slash","Acrobatics+1","Dash+1"],"picked":"SKIP","floor":45},{"not_picked":["Quick Slash+1","All Out Attack"],"picked":"Catalyst+1","floor":46},{"not_picked":["Flechettes","Flying Knee"],"picked":"Deadly Poison+1","floor":47}],"player_experience":839996,"relics_obtained":[{"floor":9.0,"key":"Centennial Puzzle"},{"floor":12.0,"key":"Odd Mushroom"},{"floor":26.0,"key":"Snake Skull"},{"floor":43,"key":"Gremlin Horn"}],"event_choices":[{"damage_healed":0.0,"max_hp_gain":0.0,"max_hp_loss":0.0,"gold_gain":0.0,"event_name":"Upgrade Shrine","player_choice":"Upgraded","floor":5.0,"gold_loss":0.0,"damage_taken":0.0,"cards_upgraded":["Noxious Fumes"]},{"damage_healed":0.0,"max_hp_gain":0.0,"max_hp_loss":0.0,"gold_gain":0.0,"event_name":"Scrap Ooze","player_choice":"Fled","floor":10.0,"gold_loss":0.0,"damage_taken":0.0},{"damage_healed":0.0,"max_hp_gain":0.0,"max_hp_loss":0.0,"gold_gain":0.0,"event_name":"Mushrooms","player_choice":"Fought Mushrooms","floor":12.0,"gold_loss":0.0,"damage_taken":0.0},{"damage_healed":0.0,"max_hp_gain":0.0,"max_hp_loss":0.0,"gold_gain":99.0,"event_name":"Nest","player_choice":"Stole From Cult","floor":19.0,"gold_loss":0.0,"damage_taken":0.0},{"damage_healed":0.0,"max_hp_gain":0.0,"max_hp_loss":0.0,"gold_gain":0.0,"event_name":"The Mausoleum","player_choice":"Opened","floor":21.0,"gold_loss":0.0,"damage_taken":0.0,"relics_obtained":["Mercury Hourglass"]},{"damage_healed":0.0,"max_hp_gain":0.0,"max_hp_loss":0.0,"gold_gain":0.0,"event_name":"Addict","player_choice":"Obtained Relic","floor":29.0,"gold_loss":85.0,"damage_taken":0.0,"relics_obtained":["Orichalcum"]},{"damage_healed":0.0,"max_hp_gain":0.0,"max_hp_loss":38.0,"gold_gain":0.0,"event_name":"Ghosts","player_choice":"Became a Ghost","floor":31.0,"gold_loss":0.0,"damage_taken":0.0,"cards_obtained":["Ghostly","Ghostly","Ghostly","Ghostly","Ghostly"]},{"damage_healed":0.0,"max_hp_gain":0.0,"max_hp_loss":0.0,"gold_gain":0.0,"event_name":"MindBloom","player_choice":"Upgrade","floor":38.0,"gold_loss":0.0,"damage_taken":0.0,"cards_upgraded":["Defend_G","Defend_G","Defend_G","Survivor","Cloak And Dagger","Ghostly","Ghostly","Ghostly","Ghostly","Ghostly","Burst"],"relics_obtained":["Mark of the Bloom"]},{"damage_healed":0,"gold_gain":0,"player_choice":"Leave","damage_taken":0,"max_hp_gain":0,"max_hp_loss":0,"event_name":"FaceTrader","floor":41,"gold_loss":0}],"is_beta":false,"boss_relics":[{"not_picked":["Busted Crown","Snecko Eye"],"picked":"Sozu"},{"not_picked":["Pandora\u0027s Box","Fusion Hammer"],"picked":"Empty Cage"}],"items_purged_floors":[3,11,24],"is_endless":false,"potions_floor_spawned":[1,2,7,14,18,20,28,33,36,37,44,45,46],"ascension_level":0}