{"gold_per_floor":[117,129,147,158,158,158,158,158,183,194,209,134,148,148,148,148],"floor_reached":16,"playtime":1505,"items_purged":["Strike_G"],"score":188,"play_id":"d8825823-546b-4de3-9a1b-f1b6f03db790","local_time":"20190102192802","is_ascension_mode":true,"campfire_choices":[{"data":"Deadly Poison","floor":6,"key":"SMITH"},{"data":"Leg Sweep","floor":8,"key":"SMITH"},{"data":"Burst","floor":15,"key":"SMITH"}],"neow_cost":"NONE","seed_source_timestamp":24825169909966,"circlet_count":0,"master_deck":["AscendersBane","Defend_G","Defend_G","Defend_G","Defend_G","Defend_G","Strike_G","Strike_G","Strike_G","Strike_G","Survivor","Neutralize+1","Leg Sweep+1","Deadly Poison+1","Burst+1"],"relics":["Ring of the Snake","Orichalcum","Bag of Preparation","Art of War"],"potions_floor_usage":[16],"damage_taken":[{"damage":0,"enemies":"Cultist","floor":1,"turns":4},{"damage":2,"enemies":"2 Louse","floor":2,"turns":4},{"damage":0,"enemies":"Jaw Worm","floor":3,"turns":6},{"damage":2,"enemies":"Blue Slaver","floor":4,"turns":5},{"damage":3,"enemies":"Looter","floor":10,"turns":4},{"damage":4,"enemies":"Lots of Slimes","floor":11,"turns":10},{"damage":4,"enemies":"Exordium Thugs","floor":13,"turns":6},{"damage":39,"enemies":"Slime Boss","floor":16,"turns":8}],"seed_played":"9107054621327441042","potions_obtained":[{"floor":3,"key":"FearPotion"},{"floor":4,"key":"PowerPotion"},{"floor":11,"key":"AttackPotion"}],"is_trial":false,"path_per_floor":["M","M","M","M","?","R","?","R","T","M","M","$","M","?","R","B"],"character_chosen":"THE_SILENT","items_purchased":[],"campfire_rested":0,"item_purchase_floors":[],"current_hp_per_floor":[59,57,57,55,50,50,50,50,50,47,43,43,39,44,44,5],"gold":148,"neow_bonus":"UPGRADE_CARD","is_prod":false,"is_daily":false,"chose_seed":false,"campfire_upgraded":3,"win_rate":0,"timestamp":1546428482,"path_taken":["M","M","M","M","?","R","?","R","T","M","M","$","?","?","R","BOSS"],"build_version":"2018-12-20","purchased_purges":1,"victory":false,"max_hp_per_floor":[66,66,66,66,66,66,66,66,66,66,66,66,66,71,71,71],"card_choices":[{"not_picked":["Underhanded Strike","Infinite Blades"],"picked":"Leg Sweep","floor":1},{"not_picked":["Quick Slash","Sucker Punch"],"picked":"Deadly Poison","floor":2},{"not_picked":["Cloak And Dagger","Poisoned Stab","Outmaneuver"],"picked":"SKIP","floor":3},{"not_picked":["Prepared","Flechettes","Cloak And Dagger"],"picked":"SKIP","floor":4},{"not_picked":["Crippling Poison","PiercingWail","Poisoned Stab"],"picked":"SKIP","floor":10},{"not_picked":["All Out Attack","Masterful Stab","Acrobatics"],"picked":"SKIP","floor":11},{"not_picked":["PiercingWail","Bouncing Flask"],"picked":"Burst","floor":13}],"player_experience":1670746,"relics_obtained":[{"floor":9,"key":"Art of War"}],"event_choices":[{"damage_healed":0,"gold_gain":0,"player_choice":"Success","damage_taken":5,"relics_obtained":["Orichalcum"],"max_hp_gain":0,"max_hp_loss":0,"event_name":"Scrap Ooze","floor":5,"gold_loss":0},{"damage_healed":0,"gold_gain":0,"player_choice":"Gave Potion","damage_taken":0,"relics_obtained":["Bag of Preparation"],"max_hp_gain":0,"max_hp_loss":0,"event_name":"WeMeetAgain","floor":7,"gold_loss":0},{"damage_healed":0,"gold_gain":0,"player_choice":"Donut","damage_taken":0,"max_hp_gain":5,"max_hp_loss":0,"event_name":"Big Fish","floor":14,"gold_loss":0}],"is_beta":false,"boss_relics":[],"items_purged_floors":[12],"is_endless":false,"potions_floor_spawned":[3,4,11,13],"killed_by":"Slime Boss","ascension_level":20}