{"path_per_floor":["M","M","?","?","?","R","E","M","T","E","M","E","?","$","R","B",null,"M","?","?","M","M","E","R","E","T","E","M","?","M","E","R","B",null,"M","M","?","$","M","E","M","E","T","M","E","$","E","M","R","B"],"character_chosen":"THE_SILENT","items_purchased":["Letter Opener","Unceasing Top","Art of War","Apotheosis"],"gold_per_floor":[114,129,129,129,129,129,159,174,174,204,219,249,249,249,249,349,349,364,364,364,379,394,424,424,454,504,534,549,549,564,594,594,694,694,709,724,724,74,89,119,134,164,164,179,209,60,90,105,105,105],"floor_reached":51,"campfire_rested":3,"playtime":2332,"current_hp_per_floor":[59,49,49,49,46,67,67,67,67,51,51,51,57,57,57,66,76,65,65,71,71,51,21,62,33,33,27,29,29,29,13,54,16,89,89,89,89,89,89,73,73,73,73,73,73,73,73,83,83,99],"items_purged":[],"gold":105,"score":1165,"play_id":"5da74468-1b6e-4d5b-8175-2d19190f17dd","local_time":"20180408103207","daily_mods":["Insanity","Elite Swarm","Vintage"],"is_prod":false,"is_daily":true,"is_ascension_mode":false,"campfire_upgraded":0,"timestamp":1523154727,"path_taken":["M","M","?","?","?","R","E","?","T","E","M","E","?","?","R","BOSS","M","?","?","?","M","E","R","E","T","E","M","?","?","E","R","BOSS","M","?","?","$","M","E","M","E","T","M","E","?","E","M","R","BOSS"],"build_version":"2018-04-05v2","purchased_purges":0,"victory":true,"master_deck":["Setup","Bouncing Flask","Backstab","Terror","Quick Slash","Corpse Explosion+1","Dash","Burst","Crippling Poison+1","Tactician","Neutralize","Wraith Form","Finisher","Masterful Stab","Dash+1","Wraith Form","Acrobatics","Reflex","Blade Dance","Accuracy","Skewer","Malaise","Night Terror","Bane","Adrenaline+1","Reflex","Bouncing Flask","Cloak And Dagger","Outmaneuver","Deadly Poison","Noxious Fumes","Dagger Spray","Night Terror","Unload","Noxious Fumes","Poisoned Stab","Outmaneuver","Doppelganger","Flechettes","Accuracy","Accuracy","Dodge and Roll","Poisoned Stab","Doppelganger","Bouncing Flask","Storm of Steel","Eviscerate","Setup","Noxious Fumes","After Image","Adrenaline","Venomology","After Image+1","Envenom+1","Prepared+1","Acrobatics+1","Backflip","Adrenaline","Apotheosis"],"max_hp_per_floor":[70,70,70,70,70,70,70,70,70,70,70,70,76,76,76,76,76,76,76,82,82,82,89,89,89,89,89,89,89,89,89,89,89,89,89,89,89,89,89,89,89,89,89,89,89,89,89,99,99,99],"relics":["Ring of the Snake","Blue Candle","Snake Skull","Anchor","Darkstone Periapt","Ornamental Fan","Pantograph","The Courier","Mummified Hand","Shovel","Regal Pillow","Bag of Marbles","Frozen Egg 2","Philosopher\u0027s Stone","Whetstone","Vajra","Dodecahedron","Lantern","Strawberry","Bottled Flame","War Paint","Gambling Chip","Kunai","Happy Flower","Ice Cream","Bag of Preparation","Orrery","Meat on the Bone","Ancient Tea Set","Letter Opener","Unceasing Top","Art of War","Bronze Scales","Torii","Shuriken","Ninja Scroll","Du-Vu Doll","Prayer Wheel","Paper Crane","Oddly Smooth Stone","Pear","Molten Egg 2"],"card_choices":[{"not_picked":["Phantasmal Killer","A Thousand Cuts"],"picked":"After Image","floor":7},{"not_picked":["Grand Finale","Die Die Die"],"picked":"Adrenaline","floor":10},{"not_picked":["Burst","After Image"],"picked":"Venomology","floor":16},{"not_picked":["Unload","Wraith Form"],"picked":"After Image","floor":27},{"not_picked":["Tactician","Corpse Explosion"],"picked":"Envenom","floor":33},{"not_picked":["Underhanded Strike","Malaise"],"picked":"Prepared","floor":34},{"not_picked":["Night Terror","Quick Slash"],"picked":"Acrobatics","floor":34},{"not_picked":["Deflect","Flying Knee"],"picked":"Backflip","floor":34},{"not_picked":["Storm of Steel","Night Terror"],"picked":"Adrenaline","floor":42}],"player_experience":381540,"potions_floor_usage":[8,12,23,25,27,27,28,31,31,33,33,40,41,42,48,50,50,50],"damage_taken":[{"damage":11,"enemies":"Jaw Worm","floor":1,"turns":2},{"damage":10,"enemies":"Small Slimes","floor":2,"turns":2},{"damage":0,"enemies":"Gremlin Nob","floor":7,"turns":3},{"damage":0,"enemies":"Cultist","floor":8,"turns":2},{"damage":16,"enemies":"Lagavulin","floor":10,"turns":6},{"damage":0,"enemies":"Looter","floor":11,"turns":2},{"damage":0,"enemies":"3 Sentries","floor":12,"turns":4},{"damage":10,"enemies":"The Guardian","floor":16,"turns":7},{"damage":11,"enemies":"Spheric Guardian","floor":18,"turns":4},{"damage":0,"enemies":"3 Byrds","floor":21,"turns":3},{"damage":20,"enemies":"Centurion and Healer","floor":22,"turns":5},{"damage":37,"enemies":"Slavers","floor":23,"turns":4},{"damage":29,"enemies":"Gremlin Leader","floor":25,"turns":6},{"damage":12,"enemies":"Book of Stabbing","floor":27,"turns":3},{"damage":7,"enemies":"3 Cultists","floor":28,"turns":4},{"damage":0,"enemies":"Snake Plant","floor":30,"turns":1},{"damage":28,"enemies":"Gremlin Leader","floor":31,"turns":5},{"damage":63,"enemies":"Champ","floor":33,"turns":9},{"damage":0,"enemies":"3 Shapes","floor":35,"turns":1},{"damage":0,"enemies":"Orb Walker","floor":36,"turns":1},{"damage":0,"enemies":"3 Darklings","floor":39,"turns":2},{"damage":16,"enemies":"Nemesis","floor":40,"turns":3},{"damage":0,"enemies":"Maw","floor":41,"turns":6},{"damage":0,"enemies":"2 Orb Walkers","floor":42,"turns":2},{"damage":0,"enemies":"Sphere and 2 Shapes","floor":44,"turns":2},{"damage":0,"enemies":"Nemesis","floor":45,"turns":1},{"damage":0,"enemies":"Giant Head","floor":47,"turns":4},{"damage":0,"enemies":"3 Darklings","floor":48,"turns":2},{"damage":0,"enemies":"Donu and Deca","floor":50,"turns":5}],"event_choices":[{"event_name":"Shining Light","player_choice":"Ignored","floor":3,"damage_taken":0},{"event_name":"Purifier","player_choice":"Skipped","floor":4,"damage_taken":0},{"event_name":"Scrap Ooze","player_choice":"success","floor":5,"damage_taken":3},{"event_name":"Accursed Blacksmith","player_choice":"Rummage","floor":13,"damage_taken":0},{"event_name":"Vampires","player_choice":"Ignored","floor":19,"damage_taken":0},{"event_name":"The Mausoleum","player_choice":"Yes","floor":20,"damage_taken":0},{"event_name":"Fountain of Cleansing","player_choice":"Removed Curse","floor":29,"damage_taken":0}],"boss_relics":[{"not_picked":["Astrolabe","Velvet Choker"],"picked":"Philosopher\u0027s Stone"},{"not_picked":["Lizard Tail","Runic Dome"],"picked":"Orrery"}],"potions_floor_spawned":[2,7,10,16,21,23,27,30,33,40,41,42,47,48],"seed_played":"751993229486629799","ascension_level":0,"is_trial":false}