{"gold_per_floor":[212,212,231,381,381,401,421,421,421,219,219,36,36],"floor_reached":13,"playtime":324,"items_purged":["Doubt","Strike_G"],"score":146,"play_id":"d94e187d-5ac4-4184-bc4a-a15bd5f7dd7a","local_time":"20190512203642","is_ascension_mode":true,"campfire_choices":[{"data":"Finisher","floor":8.0,"key":"SMITH"},{"data":"Noxious Fumes","floor":11.0,"key":"SMITH"}],"neow_cost":"NONE","seed_source_timestamp":50869123974069,"circlet_count":0,"master_deck":["AscendersBane","Defend_G","Defend_G","Defend_G","Defend_G","Defend_G","Strike_G","Strike_G","Strike_G","Strike_G","Survivor","Neutralize","Backflip","Finisher+1","Caltrops","Terror","Tactician","Noxious Fumes+1","Footwork"],"special_seed":0,"relics":["Ring of the Snake","Golden Idol","Question Card"],"potions_floor_usage":[],"damage_taken":[{"damage":0.0,"enemies":"2 Louse","floor":1.0,"turns":3.0},{"damage":0.0,"enemies":"Jaw Worm","floor":3.0,"turns":6.0},{"damage":0.0,"enemies":"Small Slimes","floor":6.0,"turns":3.0},{"damage":14.0,"enemies":"Exordium Wildlife","floor":7.0,"turns":8.0},{"damage":56,"enemies":"Gremlin Nob","floor":13,"turns":4}],"seed_played":"-965869023859918696","potions_obtained":[{"floor":3.0,"key":"AttackPotion"}],"is_trial":false,"path_per_floor":["M","?","M","?","?","M","M","R","T","$","R","$","E"],"character_chosen":"THE_SILENT","items_purchased":["Tactician","Noxious Fumes","Footwork"],"campfire_rested":0,"item_purchase_floors":[10,10,12],"current_hp_per_floor":[59,59,59,59,64,64,50,50,50,50,50,50,0],"gold":36,"neow_bonus":"HUNDRED_GOLD","is_prod":false,"is_daily":false,"chose_seed":false,"campfire_upgraded":2,"win_rate":0,"timestamp":1557664602,"path_taken":["M","?","M","?","?","M","M","R","T","$","R","$","E"],"build_version":"2019-01-23","purchased_purges":2,"victory":false,"max_hp_per_floor":[66,60,60,60,65,65,65,65,65,65,65,65,65],"card_choices":[{"not_picked":["Heel Hook","Acrobatics"],"picked":"Backflip","floor":1.0},{"not_picked":["Outmaneuver","PiercingWail"],"picked":"Finisher","floor":3.0},{"not_picked":["Backflip","Flying Knee"],"picked":"Caltrops","floor":6.0},{"not_picked":["Outmaneuver","Deflect"],"picked":"Terror","floor":7.0}],"player_experience":4717459,"relics_obtained":[{"floor":9.0,"key":"Question Card"}],"event_choices":[{"damage_healed":0.0,"max_hp_gain":0.0,"max_hp_loss":6.0,"gold_gain":0.0,"event_name":"Golden Idol","player_choice":"Lose Max HP","floor":2.0,"gold_loss":0.0,"damage_taken":0.0,"relics_obtained":["Golden Idol"]},{"damage_healed":0.0,"max_hp_gain":0.0,"max_hp_loss":0.0,"gold_gain":150.0,"event_name":"Liars Game","player_choice":"AGREE","floor":4.0,"gold_loss":0.0,"damage_taken":0.0,"cards_obtained":["Doubt"]},{"damage_healed":0.0,"max_hp_gain":5.0,"max_hp_loss":0.0,"gold_gain":0.0,"event_name":"Big Fish","player_choice":"Donut","floor":5.0,"gold_loss":0.0,"damage_taken":0.0}],"is_beta":false,"boss_relics":[],"items_purged_floors":[10,12],"is_endless":false,"potions_floor_spawned":[3],"killed_by":"Gremlin Nob","ascension_level":20}