{"gold_per_floor":[116,127,127,143,197,216,250,267,267,298,223,223,235,135,135,213,213,223,242,242,167,167,201,214,244,268,368,394,444,461,475,475,547,547,560,560,560,573,589,621,636,668,692,692,692,260,274,274,274,274,274,274,74,101,101],"floor_reached":56,"playtime":2331,"items_purged":["Strike_R","Strike_R","Defend_R","Dramatic Entrance"],"score":2560,"play_id":"d3021f53-1453-43e3-aea8-cecf5a304f2a","local_time":"20190220204937","is_ascension_mode":true,"campfire_choices":[{"data":"Body Slam","floor":12.0,"key":"SMITH"},{"floor":15.0,"key":"REST"},{"data":"Power Through","floor":32,"key":"SMITH"},{"data":"Offering","floor":44,"key":"SMITH"},{"floor":49,"key":"RECALL"},{"data":"Second Wind","floor":52,"key":"SMITH"}],"neow_cost":"PERCENT_DAMAGE","seed_source_timestamp":260320218764349,"circlet_count":0,"master_deck":["AscendersBane","Defend_R","Defend_R","Defend_R","Evolve","Body Slam+1","Power Through+1","Second Wind+1","Feel No Pain","Impervious","Power Through+1","True Grit+1","Bloodletting+1","Shrug It Off","Offering+1","Battle Trance+1"],"special_seed":0,"relics":["Burning Blood","Lantern","Happy Flower","Mummified Hand","Pen Nib","Astrolabe","Singing Bowl","Blood Vial","Potion Belt","Charon\u0027s Ashes","Letter Opener","Thread and Needle","Coffee Dripper","Meat on the Bone","Oddly Smooth Stone","Pocketwatch","Centennial Puzzle","Self Forming Clay"],"potions_floor_usage":[31,50,55,55,55],"damage_taken":[{"damage":1.0,"enemies":"2 Louse","floor":1.0,"turns":2.0},{"damage":1.0,"enemies":"Cultist","floor":2.0,"turns":3.0},{"damage":11.0,"enemies":"Jaw Worm","floor":4.0,"turns":5.0},{"damage":1.0,"enemies":"3 Louse","floor":6.0,"turns":3.0},{"damage":52.0,"enemies":"Gremlin Nob","floor":7.0,"turns":5.0},{"damage":0.0,"enemies":"2 Fungi Beasts","floor":8.0,"turns":3.0},{"damage":10.0,"enemies":"3 Sentries","floor":10.0,"turns":7.0},{"damage":7.0,"enemies":"Large Slime","floor":13.0,"turns":5.0},{"damage":15.0,"enemies":"Slime Boss","floor":16.0,"turns":6.0},{"damage":3.0,"enemies":"Shell Parasite","floor":18.0,"turns":6.0},{"damage":2.0,"enemies":"3 Byrds","floor":19.0,"turns":7.0},{"damage":0.0,"enemies":"Slavers","floor":23.0,"turns":6.0},{"damage":4.0,"enemies":"Cultist and Chosen","floor":24.0,"turns":8.0},{"damage":17.0,"enemies":"Gremlin Leader","floor":25.0,"turns":8.0},{"damage":17,"enemies":"Colosseum Slavers","floor":27,"turns":4},{"damage":13,"enemies":"Colosseum Nobs","floor":27,"turns":7},{"damage":13,"enemies":"Book of Stabbing","floor":28,"turns":6},{"damage":0,"enemies":"3 Cultists","floor":30,"turns":4},{"damage":2,"enemies":"Snake Plant","floor":31,"turns":4},{"damage":0,"enemies":"Collector","floor":33,"turns":9},{"damage":6,"enemies":"3 Shapes","floor":35,"turns":3},{"damage":6,"enemies":"Orb Walker","floor":38,"turns":3},{"damage":6,"enemies":"Spire Growth","floor":39,"turns":5},{"damage":6,"enemies":"Nemesis","floor":40,"turns":6},{"damage":0,"enemies":"4 Shapes","floor":41,"turns":3},{"damage":6,"enemies":"Giant Head","floor":42,"turns":8},{"damage":6,"enemies":"3 Darklings","floor":47,"turns":4},{"damage":9,"enemies":"Time Eater","floor":50,"turns":8},{"damage":6,"enemies":"Shield and Spear","floor":54,"turns":3},{"damage":9,"enemies":"The Heart","floor":55,"turns":5}],"seed_played":"-7523301342654552474","potions_obtained":[{"floor":4.0,"key":"SkillPotion"},{"floor":6.0,"key":"Poison Potion"},{"floor":8.0,"key":"LiquidBronze"},{"floor":18.0,"key":"EssenceOfSteel"},{"floor":24.0,"key":"GamblersBrew"},{"floor":28,"key":"BloodPotion"},{"floor":35,"key":"Strength Potion"},{"floor":40,"key":"Swift Potion"}],"is_trial":false,"path_per_floor":["M","M","?","M","T","M","E","M","T","E","$","R","M","$","R","B",null,"M","M","?","?","?","E","M","E","T","?","E","?","M","M","R","B",null,"M","?","?","M","M","E","M","E","T","R","?","$","M","T","R","B",null,"R","$","E","B",null],"character_chosen":"IRONCLAD","items_purchased":["Pocketwatch","Weak Potion"],"campfire_rested":1,"item_purchase_floors":[46,53],"current_hp_per_floor":[55,60,60,55,55,60,14,20,20,16,16,16,15,15,37,28,63,66,70,70,70,70,77,79,70,70,58,53,53,63,79,79,87,87,89,89,89,91,93,95,97,99,99,99,101,101,103,103,103,100,102,102,102,103,100],"gold":101,"neow_bonus":"RANDOM_COLORLESS_2","is_prod":false,"is_daily":false,"chose_seed":false,"campfire_upgraded":4,"win_rate":0,"timestamp":1550666977,"path_taken":["M","M","?","?","?","M","E","M","T","E","$","R","M","$","R","BOSS","M","M","?","?","?","E","M","E","T","?","E","?","M","M","R","BOSS","M","?","?","?","?","E","M","E","T","R","?","$","M","?","R","BOSS","R","$","E","BOSS"],"build_version":"2019-01-23","purchased_purges":4,"victory":true,"max_hp_per_floor":[75,75,75,75,75,75,75,75,75,75,75,75,75,75,75,75,75,75,75,75,75,75,77,79,81,81,83,83,83,85,87,87,87,87,89,89,89,91,93,95,97,99,99,99,101,101,103,103,103,103,103,103,103,103,103],"card_choices":[{"not_picked":["Entrench","Disarm","Hemokinesis"],"picked":"SKIP","floor":1.0},{"not_picked":["Armaments","Cleave"],"picked":"Evolve","floor":2.0},{"not_picked":["Evolve","Rupture"],"picked":"Body Slam","floor":4.0},{"not_picked":["Fire Breathing","Flex"],"picked":"Power Through","floor":6.0},{"not_picked":["Thunderclap","Sword Boomerang"],"picked":"Second Wind","floor":7.0},{"not_picked":["Warcry","Anger","Clothesline"],"picked":"SKIP","floor":8.0},{"not_picked":["Clothesline","Entrench"],"picked":"Feel No Pain","floor":10.0},{"not_picked":["Sever Soul","Wild Strike","Blood for Blood"],"picked":"SKIP","floor":13.0},{"not_picked":["Double Tap","Demon Form"],"picked":"Impervious","floor":16.0},{"not_picked":["Iron Wave","True Grit","Warcry"],"picked":"SKIP","floor":18.0},{"not_picked":["Havoc","Sentinel","Clash"],"picked":"SKIP","floor":19.0},{"not_picked":["Clash","Twin Strike","Metallicize"],"picked":"Singing Bowl","floor":23.0},{"not_picked":["Combust","Havoc","Spot Weakness"],"picked":"Singing Bowl","floor":24.0},{"not_picked":["Dropkick","Armaments","Bloodletting"],"picked":"Singing Bowl","floor":25.0},{"not_picked":["Clash","Perfected Strike","True Grit"],"picked":"Singing Bowl","floor":27},{"not_picked":["Inflame","Intimidate+1"],"picked":"Shrug It Off","floor":28},{"not_picked":["Uppercut","Dark Embrace","Clothesline+1"],"picked":"Singing Bowl","floor":30},{"not_picked":["Shrug It Off","Battle Trance","Pommel Strike"],"picked":"Singing Bowl","floor":31},{"not_picked":["Demon Form","Brutality"],"picked":"Offering","floor":33},{"not_picked":["Twin Strike","Heavy Blade","Combust"],"picked":"Singing Bowl","floor":35},{"not_picked":["Headbutt","Sword Boomerang+1","Iron Wave"],"picked":"Singing Bowl","floor":38},{"not_picked":["Sword Boomerang","Armaments+1","Body Slam"],"picked":"Singing Bowl","floor":39},{"not_picked":["Fiend Fire","Havoc+1","Dropkick+1"],"picked":"Singing Bowl","floor":40},{"not_picked":["Thunderclap","Cleave","Wild Strike"],"picked":"Singing Bowl","floor":41},{"not_picked":["Wild Strike+1","Second Wind","Sentinel"],"picked":"Singing Bowl","floor":42},{"not_picked":["Enlightenment","Flash of Steel","Good Instincts"],"picked":"Singing Bowl","floor":45},{"not_picked":["Warcry+1","Iron Wave","Twin Strike"],"picked":"Singing Bowl","floor":47},{"not_picked":["Shrug It Off+1","Blood for Blood+1"],"picked":"Battle Trance+1","floor":54}],"player_experience":871021,"relics_obtained":[{"floor":5.0,"key":"Lantern"},{"floor":7.0,"key":"Happy Flower"},{"floor":9.0,"key":"Mummified Hand"},{"floor":10.0,"key":"Pen Nib"},{"floor":23.0,"key":"Singing Bowl"},{"floor":25.0,"key":"Blood Vial"},{"floor":26.0,"key":"Potion Belt"},{"floor":27,"key":"Charon\u0027s Ashes"},{"floor":27,"key":"Letter Opener"},{"floor":28,"key":"Thread and Needle"},{"floor":40,"key":"Meat on the Bone"},{"floor":42,"key":"Oddly Smooth Stone"},{"floor":48,"key":"Centennial Puzzle"},{"floor":54,"key":"Self Forming Clay"}],"event_choices":[{"cards_removed":["Strike_R"],"damage_healed":0.0,"max_hp_gain":0.0,"max_hp_loss":0.0,"gold_gain":0.0,"event_name":"Purifier","player_choice":"Purged","floor":3.0,"gold_loss":0.0,"damage_taken":0.0},{"damage_healed":0.0,"max_hp_gain":0.0,"max_hp_loss":0.0,"gold_gain":0.0,"event_name":"Ghosts","player_choice":"Ignored","floor":20.0,"gold_loss":0.0,"damage_taken":0.0},{"cards_removed":["Mayhem"],"damage_healed":0.0,"max_hp_gain":0.0,"max_hp_loss":0.0,"gold_gain":0.0,"event_name":"Beggar","player_choice":"Gave Gold","floor":21.0,"gold_loss":75.0,"damage_taken":0.0},{"damage_healed":0.0,"max_hp_gain":0.0,"max_hp_loss":0.0,"gold_gain":0.0,"event_name":"The Mausoleum","player_choice":"Ignored","floor":22.0,"gold_loss":0.0,"damage_taken":0.0},{"damage_healed":0,"gold_gain":0,"player_choice":"Fight","damage_taken":0,"max_hp_gain":0,"max_hp_loss":0,"event_name":"Colosseum","floor":27,"gold_loss":0},{"damage_healed":0,"gold_gain":0,"player_choice":"Fought Nobs","damage_taken":0,"max_hp_gain":0,"max_hp_loss":0,"event_name":"Colosseum","floor":27,"gold_loss":0},{"damage_healed":0,"gold_gain":50,"player_choice":"Stole From Cult","damage_taken":0,"max_hp_gain":0,"max_hp_loss":0,"event_name":"Nest","floor":29,"gold_loss":0},{"damage_healed":0,"gold_gain":0,"player_choice":"Ignored","damage_taken":0,"max_hp_gain":0,"max_hp_loss":0,"event_name":"Tomb of Lord Red Mask","floor":36,"gold_loss":0},{"damage_healed":0,"gold_gain":0,"player_choice":"0 cards matched","damage_taken":0,"max_hp_gain":0,"max_hp_loss":0,"event_name":"Match and Keep!","floor":37,"gold_loss":0,"cards_obtained":[]},{"damage_healed":0,"gold_gain":0,"player_choice":"Memory 1","damage_taken":0,"max_hp_gain":0,"max_hp_loss":0,"event_name":"SensoryStone","floor":45,"gold_loss":0}],"is_beta":false,"boss_relics":[{"not_picked":["Black Blood","Ectoplasm"],"picked":"Astrolabe"},{"not_picked":["Velvet Choker","Eternal Feather"],"picked":"Coffee Dripper"}],"items_purged_floors":[11,14,46,53],"is_endless":false,"potions_floor_spawned":[4,6,8,18,24,25,28,35,40,42,47],"ascension_level":15}