{"path_per_floor":["M","?","M","$","M","R","M","R","T","M","$","R","M","M","R","B",null,"M","T","$","?","$"],"character_chosen":"THE_SILENT","items_purchased":["Endless Agony","Terror","Paper Crane"],"gold_per_floor":[116,366,381,268,281,281,296,296,296,308,268,268,285,297,297,372,372,385,385,24,24,24,24],"floor_reached":23,"campfire_rested":0,"playtime":551,"item_purchase_floors":[4,11,20],"current_hp_per_floor":[59,59,59,59,59,59,59,59,59,59,59,59,59,59,59,17,54,49,49,49,49,49,0],"items_purged":["Regret","Strike_G"],"gold":24,"score":308,"play_id":"295405d2-3782-4cc9-a57c-c45a79fda11b","local_time":"20180615211452","is_prod":false,"is_daily":false,"chose_seed":false,"is_ascension_mode":true,"campfire_upgraded":4,"win_rate":0,"timestamp":1529068492,"campfire_choices":[{"data":"Neutralize","floor":6,"key":"SMITH"},{"data":"Finisher","floor":8,"key":"SMITH"},{"data":"Terror","floor":12,"key":"SMITH"},{"data":"Endless Agony","floor":15,"key":"SMITH"}],"path_taken":["M","?","?","$","M","R","M","R","T","M","$","R","M","M","R","BOSS","M","?","?","?","$","E"],"build_version":"2018-06-14v2","seed_source_timestamp":42423764142360,"purchased_purges":2,"victory":false,"master_deck":["Defend_G","Defend_G","Defend_G","Defend_G","Defend_G+1","Strike_G","Strike_G","Strike_G","Survivor","Neutralize+1","AscendersBane","Finisher+1","Cloak And Dagger+1","Endless Agony+1","Terror+1","Backstab","Slice","Adrenaline","Footwork"],"max_hp_per_floor":[66,66,66,66,66,66,66,66,66,66,66,66,66,66,66,66,66,66,66,66,66,66,66],"relics":["Ring of the Snake","NeowsBlessing","War Paint","Black Star","Tough Bandages","Paper Crane"],"card_choices":[{"not_picked":["Riddle With Holes","Dagger Spray"],"picked":"Finisher","floor":1},{"not_picked":["Cloak And Dagger","Deflect","Backflip"],"picked":"SKIP","floor":3},{"not_picked":["Deflect","Backflip"],"picked":"Cloak And Dagger","floor":3},{"not_picked":["Catalyst","All Out Attack","Dagger Spray"],"picked":"SKIP","floor":5},{"not_picked":["Backflip","Caltrops","PiercingWail"],"picked":"SKIP","floor":7},{"not_picked":["Poisoned Stab","All Out Attack","Bane"],"picked":"SKIP","floor":10},{"not_picked":["PiercingWail","Deadly Poison"],"picked":"Backstab","floor":13},{"not_picked":["Bane","Infinite Blades"],"picked":"Slice","floor":14},{"not_picked":["Glass Knife","Venomology"],"picked":"Adrenaline","floor":16},{"not_picked":["Bane","Acrobatics"],"picked":"Footwork","floor":18}],"player_experience":615891,"potions_floor_usage":[16,16,23],"damage_taken":[{"damage":0,"enemies":"2 Louse","floor":1,"turns":1},{"damage":0,"enemies":"Cultist","floor":3,"turns":1},{"damage":0,"enemies":"Jaw Worm","floor":5,"turns":1},{"damage":0,"enemies":"Red Slaver","floor":7,"turns":4},{"damage":0,"enemies":"Exordium Thugs","floor":10,"turns":4},{"damage":0,"enemies":"Looter","floor":13,"turns":3},{"damage":0,"enemies":"Lots of Slimes","floor":14,"turns":4},{"damage":42,"enemies":"Slime Boss","floor":16,"turns":10},{"damage":5,"enemies":"3 Byrds","floor":18,"turns":4},{"damage":49,"enemies":"Slavers","floor":23,"turns":9}],"relics_obtained":[{"floor":9,"key":"War Paint"},{"floor":19,"key":"Tough Bandages"}],"event_choices":[{"event_name":"Golden Shrine","player_choice":"Desecrate","floor":2,"damage_taken":0},{"event_name":"Purifier","player_choice":"One Purge","floor":21,"damage_taken":0}],"boss_relics":[{"not_picked":["Ectoplasm","Philosopher\u0027s Stone"],"picked":"Black Star"}],"items_purged_floors":[4,20],"is_endless":false,"potions_floor_spawned":[1,7,13,14,18],"seed_played":"6744023637706823623","killed_by":"Slavers","ascension_level":14,"potions_obtained":[{"floor":1,"key":"SkillPotion"},{"floor":7,"key":"GamblersBrew"},{"floor":14,"key":"Dexterity Potion"},{"floor":18,"key":"Poison Potion"}],"is_trial":false}