{"gold_per_floor":[118,118,118,65,92,92,155,180,225,225,245,245,259,273,273,399,399,420,519,538,538,556,556,597,597,665,681,681,700,719,739,739,869,869,883,901,956,956,487,510,554,569,569,569,569,569,13,36,36,36],"floor_reached":51,"playtime":935,"items_purged":["Strike_R","Strike_R"],"score":799,"play_id":"70786a30-5ac4-4dfb-84fc-ba75eb0151dc","local_time":"20190804022619","is_ascension_mode":false,"campfire_choices":[{"data":"Immolate","floor":6.0,"key":"SMITH"},{"data":"Flex","floor":10.0,"key":"SMITH"},{"data":"Bash","floor":12.0,"key":"SMITH"},{"data":"Uppercut","floor":15.0,"key":"SMITH"},{"data":"Double Tap","floor":23.0,"key":"SMITH"},{"data":"Whirlwind","floor":25.0,"key":"SMITH"},{"data":"Flex","floor":28.0,"key":"SMITH"},{"data":"Flex","floor":32.0,"key":"SMITH"},{"data":"Thunderclap","floor":44.0,"key":"SMITH"},{"data":"Headbutt","floor":46.0,"key":"SMITH"},{"data":"Clash","floor":49.0,"key":"SMITH"}],"neow_cost":"NONE","seed_source_timestamp":4139031951162,"circlet_count":0,"master_deck":["Strike_R","Strike_R","Strike_R","Defend_R","Defend_R","Defend_R","Defend_R","Bash+1","Immolate+1","Flex+1","Headbutt+1","Thunderclap+1","Flex+1","Uppercut+1","Double Tap+1","Disarm+1","Flex+1","Battle Trance+1","Whirlwind+1","Battle Trance+1","Clash+1","Sword Boomerang+1","Uppercut+1","Double Tap+1","Battle Trance+1","Shockwave+1","Impervious+1","Clash+1","Headbutt","Infernal Blade+1","Apotheosis+1","Clash+1","Jack Of All Trades+1","Sword Boomerang+1"],"special_seed":0,"relics":["Burning Blood","Golden Idol","Blood Vial","Tiny Chest","Regal Pillow","Philosopher\u0027s Stone","Pear","Toxic Egg 2","Velvet Choker","Smiling Mask","Mango","Oddly Smooth Stone","Paper Frog","Juzu Bracelet","FossilizedHelix","Pen Nib"],"potions_floor_usage":[50,50,50,50,50],"damage_taken":[{"damage":0.0,"enemies":"Small Slimes","floor":1.0,"turns":2.0},{"damage":40.0,"enemies":"Lagavulin","floor":7.0,"turns":6.0},{"damage":6.0,"enemies":"Jaw Worm","floor":8.0,"turns":2.0},{"damage":2.0,"enemies":"2 Louse","floor":11.0,"turns":2.0},{"damage":8.0,"enemies":"Red Slaver","floor":13.0,"turns":2.0},{"damage":5.0,"enemies":"Exordium Thugs","floor":14.0,"turns":2.0},{"damage":21.0,"enemies":"Slime Boss","floor":16.0,"turns":6.0},{"damage":11.0,"enemies":"Spheric Guardian","floor":18.0,"turns":3.0},{"damage":0.0,"enemies":"Chosen","floor":20.0,"turns":2.0},{"damage":0.0,"enemies":"Centurion and Healer","floor":22.0,"turns":3.0},{"damage":12.0,"enemies":"Book of Stabbing","floor":24.0,"turns":4.0},{"damage":8.0,"enemies":"Snake Plant","floor":27.0,"turns":3.0},{"damage":16.0,"enemies":"Shelled Parasite and Fungi","floor":29.0,"turns":3.0},{"damage":13.0,"enemies":"Centurion and Healer","floor":30.0,"turns":2.0},{"damage":4.0,"enemies":"Snecko","floor":31.0,"turns":3.0},{"damage":14.0,"enemies":"Collector","floor":33.0,"turns":4.0},{"damage":0.0,"enemies":"3 Darklings","floor":35.0,"turns":3.0},{"damage":0.0,"enemies":"3 Shapes","floor":36.0,"turns":1.0},{"damage":0.0,"enemies":"Jaw Worm Horde","floor":40.0,"turns":1.0},{"damage":12.0,"enemies":"Giant Head","floor":41.0,"turns":4.0},{"damage":0.0,"enemies":"3 Darklings","floor":42.0,"turns":1.0},{"damage":0.0,"enemies":"Writhing Mass","floor":48.0,"turns":3.0},{"damage":0,"enemies":"Awakened One","floor":50,"turns":9}],"seed_played":"-7587004275685662806","potions_obtained":[{"floor":11.0,"key":"PowerPotion"},{"floor":16.0,"key":"Block Potion"},{"floor":20.0,"key":"Weak Potion"},{"floor":24.0,"key":"AttackPotion"},{"floor":29.0,"key":"SteroidPotion"},{"floor":33.0,"key":"Ancient Potion"},{"floor":36.0,"key":"Block Potion"},{"floor":42.0,"key":"EntropicBrew"}],"is_trial":false,"path_per_floor":["M","?","?","$","T","R","E","M","T","R","M","R","M","M","R","B",null,"M","?","M","?","M","R","E","R","T","M","R","M","M","M","R","B",null,"M","M","T","T","$","M","E","M","T","R","?","R","$","M","R","B",null],"character_chosen":"IRONCLAD","items_purchased":["Flex","Oddly Smooth Stone","Paper Frog","EssenceOfSteel","Pen Nib","Apotheosis+1","Clash","Jack Of All Trades+1"],"campfire_rested":0,"item_purchase_floors":[4,39,39,47,47,47,47,47],"current_hp_per_floor":[80,74,79,79,79,79,45,47,47,47,53,53,53,56,56,43,79,74,74,79,79,79,79,83,83,83,83,83,75,70,74,74,68,89,89,89,89,103,103,103,97,103,103,103,103,103,103,103,103,103],"gold":36,"neow_bonus":"ONE_RANDOM_RARE_CARD","is_prod":false,"is_daily":false,"chose_seed":false,"campfire_upgraded":11,"win_rate":0,"timestamp":1564907179,"path_taken":["M","?","?","$","?","R","E","M","T","R","M","R","M","M","R","BOSS","M","?","M","?","M","R","E","R","T","M","R","M","M","M","R","BOSS","M","M","?","?","$","M","E","M","T","R","?","R","$","M","R","BOSS"],"build_version":"2019-07-17","purchased_purges":2,"victory":true,"max_hp_per_floor":[80,74,79,79,79,79,79,79,79,79,79,79,79,79,79,79,79,79,79,79,79,79,79,89,89,89,89,89,89,89,89,89,89,89,89,89,89,103,103,103,103,103,103,103,103,103,103,103,103,103],"card_choices":[{"not_picked":["Clothesline","Fire Breathing","Blood for Blood"],"picked":"SKIP","floor":1.0},{"not_picked":["Fire Breathing","Evolve"],"picked":"Headbutt","floor":7.0},{"not_picked":["Intimidate","Iron Wave","Perfected Strike"],"picked":"SKIP","floor":8.0},{"not_picked":["Body Slam","Clash"],"picked":"Thunderclap","floor":11.0},{"not_picked":["Wild Strike","Hemokinesis"],"picked":"Flex","floor":13.0},{"not_picked":["Rage","Fire Breathing"],"picked":"Uppercut","floor":14.0},{"not_picked":["Offering","Bludgeon"],"picked":"Double Tap","floor":16.0},{"not_picked":["True Grit","Searing Blow+1"],"picked":"Disarm+1","floor":18.0},{"not_picked":["Rupture","Uppercut"],"picked":"Flex","floor":20.0},{"not_picked":["Cleave+1","Fire Breathing"],"picked":"Battle Trance+1","floor":22.0},{"not_picked":["Disarm","Shockwave"],"picked":"Whirlwind","floor":24.0},{"not_picked":["Clothesline","Thunderclap"],"picked":"Battle Trance+1","floor":27.0},{"not_picked":["Wild Strike","Sentinel+1"],"picked":"Clash+1","floor":29.0},{"not_picked":["Body Slam","Clothesline+1"],"picked":"Sword Boomerang+1","floor":30.0},{"not_picked":["Armaments+1","Feel No Pain"],"picked":"Uppercut+1","floor":31.0},{"not_picked":["Dark Embrace","Fiend Fire"],"picked":"Double Tap+1","floor":33.0},{"not_picked":["Pummel","Perfected Strike","Headbutt"],"picked":"SKIP","floor":35.0},{"not_picked":["Pommel Strike","Blood for Blood+1"],"picked":"Battle Trance+1","floor":36.0},{"not_picked":["Sever Soul+1","Reckless Charge"],"picked":"Shockwave+1","floor":40.0},{"not_picked":["Entrench+1","Twin Strike+1"],"picked":"Impervious+1","floor":41.0},{"not_picked":["Warcry+1","Iron Wave"],"picked":"Clash+1","floor":42.0},{"not_picked":["Rupture+1","Anger+1"],"picked":"Sword Boomerang+1","floor":48.0}],"player_experience":1613773,"relics_obtained":[{"floor":5.0,"key":"Blood Vial"},{"floor":7.0,"key":"Tiny Chest"},{"floor":9.0,"key":"Regal Pillow"},{"floor":24.0,"key":"Pear"},{"floor":26.0,"key":"Toxic Egg 2"},{"floor":37.0,"key":"Smiling Mask"},{"floor":38.0,"key":"Mango"},{"floor":41.0,"key":"Juzu Bracelet"},{"floor":43.0,"key":"FossilizedHelix"}],"event_choices":[{"damage_healed":0.0,"max_hp_gain":0.0,"max_hp_loss":6.0,"gold_gain":0.0,"event_name":"Golden Idol","player_choice":"Lose Max HP","floor":2.0,"gold_loss":0.0,"damage_taken":0.0,"relics_obtained":["Golden Idol"]},{"damage_healed":0.0,"max_hp_gain":5.0,"max_hp_loss":0.0,"gold_gain":0.0,"event_name":"Big Fish","player_choice":"Donut","floor":3.0,"gold_loss":0.0,"damage_taken":0.0},{"damage_healed":0.0,"max_hp_gain":0.0,"max_hp_loss":0.0,"gold_gain":99.0,"event_name":"Nest","player_choice":"Stole From Cult","floor":19.0,"gold_loss":0.0,"damage_taken":0.0},{"damage_healed":0.0,"max_hp_gain":0.0,"max_hp_loss":0.0,"gold_gain":0.0,"event_name":"NoteForYourself","player_choice":"Ignored","floor":21.0,"gold_loss":0.0,"damage_taken":0.0},{"damage_healed":0.0,"max_hp_gain":0.0,"max_hp_loss":0.0,"gold_gain":0.0,"event_name":"Match and Keep!","player_choice":"2 cards matched","floor":45.0,"gold_loss":0.0,"damage_taken":0.0,"cards_obtained":["Headbutt","Infernal Blade"]}],"is_beta":false,"boss_relics":[{"not_picked":["Runic Cube","Eternal Feather"],"picked":"Philosopher\u0027s Stone"},{"not_picked":["Calling Bell","Empty Cage"],"picked":"Velvet Choker"}],"items_purged_floors":[39,47],"is_endless":false,"potions_floor_spawned":[11,16,20,24,29,33,36,40,42,48],"ascension_level":0}