{"gold_per_floor":[119,131,52,65,65,65,65,65,65,75,90,101,101,116,116,219,219,239,252,252,264,364,364,364,364,391,415,427,455,481,512,524,639,651,688,142,155,169,1168,1168,391,408,433,433,433,467,0,47,47,47],"floor_reached":51,"playtime":1944,"items_purged":["Rage","Bash"],"score":821,"play_id":"8c485edc-9758-4a81-8a92-8b49355e378f","local_time":"20190630131945","is_ascension_mode":false,"campfire_choices":[{"data":"Heavy Blade","floor":6.0,"key":"SMITH"},{"data":"Rupture","floor":8.0,"key":"SMITH"},{"data":"Combust","floor":13.0,"key":"SMITH"},{"data":"Battle Trance","floor":15.0,"key":"SMITH"},{"data":"Limit Break","floor":23.0,"key":"SMITH"},{"data":"Offering","floor":25.0,"key":"SMITH"},{"data":"Feed","floor":28.0,"key":"SMITH"},{"data":"Rupture","floor":32.0,"key":"SMITH"},{"data":"Battle Trance","floor":40,"key":"SMITH"},{"data":"Burning Pact","floor":44,"key":"SMITH"},{"data":"Disarm","floor":49,"key":"SMITH"}],"neow_cost":"TEN_PERCENT_HP_LOSS","seed_source_timestamp":3112880892229,"circlet_count":0,"master_deck":["Rupture+1","Combust+1","Heavy Blade+1","Pain","Reaper","Offering+1","Battle Trance+1","Limit Break+1","Reaper","Pain","Feed+1","Rupture+1","Reaper","Demon Form","Berserk","Reaper","Demon Form","Disarm+1","Battle Trance+1","Normality","Normality","Burning Pact+1","Thinking Ahead","HandOfGreed","Secret Weapon","Fiend Fire"],"special_seed":0,"relics":["Burning Blood","Blood Vial","Question Card","Runic Pyramid","Calipers","Mummified Hand","MawBank","Pandora\u0027s Box","Du-Vu Doll","Brimstone","Bottled Tornado","Pen Nib","Toolbox","Boot","Bag of Marbles","Red Mask","Gambling Chip"],"potions_floor_usage":[50],"damage_taken":[{"damage":1.0,"enemies":"Jaw Worm","floor":1.0,"turns":6.0},{"damage":2.0,"enemies":"2 Louse","floor":2.0,"turns":3.0},{"damage":3.0,"enemies":"Cultist","floor":4.0,"turns":3.0},{"damage":27.0,"enemies":"Exordium Wildlife","floor":10.0,"turns":4.0},{"damage":11.0,"enemies":"3 Louse","floor":11.0,"turns":3.0},{"damage":24.0,"enemies":"2 Fungi Beasts","floor":12.0,"turns":3.0},{"damage":19.0,"enemies":"Gremlin Gang","floor":14.0,"turns":3.0},{"damage":21.0,"enemies":"Slime Boss","floor":16.0,"turns":8.0},{"damage":17.0,"enemies":"Chosen","floor":18.0,"turns":3.0},{"damage":12.0,"enemies":"Spheric Guardian","floor":19.0,"turns":3.0},{"damage":36.0,"enemies":"Shelled Parasite and Fungi","floor":21.0,"turns":3.0},{"damage":55.0,"enemies":"Colosseum Slavers","floor":22.0,"turns":4.0},{"damage":45.0,"enemies":"Colosseum Nobs","floor":22.0,"turns":5.0},{"damage":45.0,"enemies":"Centurion and Healer","floor":27.0,"turns":4.0},{"damage":57.0,"enemies":"3 Cultists","floor":29.0,"turns":4.0},{"damage":36.0,"enemies":"Cultist and Chosen","floor":30.0,"turns":3.0},{"damage":24.0,"enemies":"Snake Plant","floor":31.0,"turns":2.0},{"damage":50.0,"enemies":"Champ","floor":33.0,"turns":6.0},{"damage":39.0,"enemies":"Orb Walker","floor":35.0,"turns":3.0},{"damage":22,"enemies":"3 Darklings","floor":37,"turns":2},{"damage":53,"enemies":"Writhing Mass","floor":38,"turns":3},{"damage":22,"enemies":"4 Shapes","floor":42,"turns":2},{"damage":52,"enemies":"Giant Head","floor":46,"turns":4},{"damage":8,"enemies":"2 Orb Walkers","floor":48,"turns":1},{"damage":71,"enemies":"Time Eater","floor":50,"turns":4}],"seed_played":"-2350343847138206928","potions_obtained":[{"floor":4.0,"key":"AttackPotion"},{"floor":10.0,"key":"Fire Potion"},{"floor":11.0,"key":"GamblersBrew"},{"floor":14.0,"key":"BloodPotion"},{"floor":16.0,"key":"Poison Potion"},{"floor":22.0,"key":"Explosive Potion"},{"floor":29.0,"key":"GamblersBrew"},{"floor":30.0,"key":"Poison Potion"},{"floor":33.0,"key":"AttackPotion"},{"floor":35,"key":"FearPotion"},{"floor":38,"key":"SkillPotion"}],"is_trial":false,"path_per_floor":["M","M","$","M","?","R","?","R","T","M","M","M","R","M","R","B",null,"M","M","?","M","?","R","?","R","T","M","R","M","M","M","R","B",null,"M","$","M","M","?","R","$","M","T","R","?","E","?","?","R","B",null],"character_chosen":"IRONCLAD","items_purchased":["Combust","Du-Vu Doll","Brimstone","Bottled Tornado","Burning Pact","Pen Nib","Toolbox"],"campfire_rested":0,"item_purchase_floors":[3,36,36,41,41,41,41],"current_hp_per_floor":[72,72,72,72,39,39,39,39,39,28,37,36,36,53,53,54,72,72,66,53,39,34,34,34,34,34,67,67,70,85,85,85,67,89,82,82,97,101,101,101,101,98,98,98,88,109,109,109,109,57],"gold":47,"neow_bonus":"REMOVE_TWO","is_prod":false,"is_daily":false,"chose_seed":false,"campfire_upgraded":11,"win_rate":0,"timestamp":1561871985,"path_taken":["M","M","$","M","?","R","?","R","T","M","M","M","R","?","R","BOSS","M","M","?","M","?","R","?","R","T","M","R","M","M","?","R","BOSS","M","$","M","M","?","R","$","M","T","R","?","E","?","?","R","BOSS"],"build_version":"2019-01-23","purchased_purges":2,"victory":true,"max_hp_per_floor":[72,72,72,72,72,72,72,72,72,72,72,72,72,72,72,72,72,72,72,77,77,77,77,77,77,77,77,77,81,85,85,85,89,89,93,93,97,101,101,101,101,105,105,105,105,109,109,109,109,109],"card_choices":[{"not_picked":["Cleave","Seeing Red","Wild Strike"],"picked":"SKIP","floor":1.0},{"not_picked":["Infernal Blade","Thunderclap"],"picked":"Rupture","floor":2.0},{"not_picked":["Wild Strike","Havoc"],"picked":"Heavy Blade","floor":4.0},{"not_picked":["Heavy Blade","Pummel","Combust","Anger"],"picked":"SKIP","floor":10.0},{"not_picked":["Power Through","Headbutt","Intimidate"],"picked":"Offering","floor":11.0},{"not_picked":["Clothesline","Sword Boomerang","Shockwave","Infernal Blade"],"picked":"SKIP","floor":12.0},{"not_picked":["Fire Breathing","Clash","Disarm"],"picked":"Battle Trance","floor":14.0},{"not_picked":["Exhume","Fiend Fire","Immolate"],"picked":"Limit Break","floor":16.0},{"not_picked":["Iron Wave+1","Thunderclap","Twin Strike","Headbutt+1"],"picked":"SKIP","floor":18.0},{"not_picked":["Headbutt","Corruption+1","Clothesline"],"picked":"Reaper","floor":19.0},{"not_picked":["Thunderclap+1","Disarm","Rampage","Whirlwind"],"picked":"SKIP","floor":21.0},{"not_picked":["Shockwave","Wild Strike+1","Rage"],"picked":"Feed","floor":27.0},{"not_picked":["Armaments","Cleave","Hemokinesis","Iron Wave"],"picked":"SKIP","floor":29.0},{"not_picked":["Flex","Sword Boomerang","Thunderclap","Rampage+1"],"picked":"SKIP","floor":30.0},{"not_picked":["Feel No Pain+1","Rage","Flex"],"picked":"Rupture","floor":31.0},{"not_picked":["Demon Form","Berserk","Immolate"],"picked":"Reaper","floor":33.0},{"not_picked":["Evolve+1","Heavy Blade+1","Rampage+1","Spot Weakness+1"],"picked":"SKIP","floor":35},{"not_picked":["Iron Wave+1","Twin Strike+1","Warcry+1","Headbutt+1"],"picked":"SKIP","floor":37},{"not_picked":["Feel No Pain+1","Anger","Reckless Charge","Combust+1"],"picked":"SKIP","floor":38},{"not_picked":["Evolve","Warcry","Perfected Strike+1","Shrug It Off+1"],"picked":"SKIP","floor":42},{"not_picked":["Enlightenment","Forethought","PanicButton"],"picked":"Thinking Ahead","floor":45},{"not_picked":["Blind","Madness","The Bomb"],"picked":"HandOfGreed","floor":45},{"not_picked":["Flash of Steel","Finesse","Jack Of All Trades"],"picked":"Secret Weapon","floor":45},{"not_picked":["Hemokinesis+1","Anger+1","Armaments"],"picked":"Fiend Fire","floor":46}],"player_experience":5588955,"relics_obtained":[{"floor":9.0,"key":"Question Card"},{"floor":22.0,"key":"Calipers"},{"floor":22.0,"key":"Mummified Hand"},{"floor":26.0,"key":"MawBank"},{"floor":43,"key":"Boot"},{"floor":46,"key":"Bag of Marbles"},{"floor":48,"key":"Gambling Chip"}],"event_choices":[{"damage_healed":0.0,"max_hp_gain":0.0,"max_hp_loss":0.0,"gold_gain":0.0,"event_name":"Scrap Ooze","player_choice":"Success","floor":5.0,"gold_loss":0.0,"damage_taken":33.0,"relics_obtained":["Blood Vial"]},{"damage_healed":0.0,"max_hp_gain":0.0,"max_hp_loss":0.0,"gold_gain":0.0,"event_name":"Match and Keep!","player_choice":"2 cards matched","floor":7.0,"gold_loss":0.0,"damage_taken":0.0,"cards_obtained":["Pain","Reaper"]},{"damage_healed":0.0,"max_hp_gain":0.0,"max_hp_loss":0.0,"gold_gain":0.0,"event_name":"Match and Keep!","player_choice":"2 cards matched","floor":7.0,"gold_loss":0.0,"damage_taken":0.0,"cards_obtained":["Pain","Reaper"]},{"damage_healed":0.0,"max_hp_gain":0.0,"max_hp_loss":0.0,"gold_gain":0.0,"event_name":"Match and Keep!","player_choice":"2 cards matched","floor":7.0,"gold_loss":0.0,"damage_taken":0.0,"cards_obtained":["Pain","Reaper"]},{"damage_healed":0.0,"max_hp_gain":5.0,"max_hp_loss":0.0,"gold_gain":0.0,"event_name":"Forgotten Altar","player_choice":"Shed Blood","floor":20.0,"gold_loss":0.0,"damage_taken":18.0},{"damage_healed":0.0,"max_hp_gain":0.0,"max_hp_loss":0.0,"gold_gain":0.0,"event_name":"Colosseum","player_choice":"Fight","floor":22.0,"gold_loss":0.0,"damage_taken":0.0},{"damage_healed":0.0,"max_hp_gain":0.0,"max_hp_loss":0.0,"gold_gain":0.0,"event_name":"Colosseum","player_choice":"Fought Nobs","floor":22.0,"gold_loss":0.0,"damage_taken":0.0},{"damage_healed":0.0,"max_hp_gain":0.0,"max_hp_loss":0.0,"gold_gain":0.0,"event_name":"Duplicator","player_choice":"Copied","floor":24.0,"gold_loss":0.0,"damage_taken":0.0,"cards_obtained":["Pain"]},{"damage_healed":0,"gold_gain":999,"player_choice":"Gold","damage_taken":0,"max_hp_gain":0,"max_hp_loss":0,"event_name":"MindBloom","floor":39,"gold_loss":0,"cards_obtained":["Normality","Normality"]},{"damage_healed":0,"gold_gain":0,"player_choice":"Memory 3","damage_taken":10,"max_hp_gain":0,"max_hp_loss":0,"event_name":"SensoryStone","floor":45,"gold_loss":0},{"damage_healed":0,"gold_gain":0,"player_choice":"Paid","damage_taken":0,"relics_obtained":["Red Mask"],"max_hp_gain":0,"max_hp_loss":0,"event_name":"Tomb of Lord Red Mask","floor":47,"gold_loss":467},{"damage_healed":0,"gold_gain":0,"player_choice":"Fight","damage_taken":0,"max_hp_gain":0,"max_hp_loss":0,"event_name":"Mysterious Sphere","floor":48,"gold_loss":0}],"is_beta":false,"boss_relics":[{"not_picked":["Fusion Hammer","Velvet Choker"],"picked":"Runic Pyramid"},{"not_picked":["Cursed Key","Astrolabe"],"picked":"Pandora\u0027s Box"}],"items_purged_floors":[36,41],"is_endless":false,"potions_floor_spawned":[4,10,11,14,16,22,22,29,30,33,35,38],"ascension_level":0}