{"gold_per_floor":[114,114,128,53,70,70,70,70,70,108,108],"floor_reached":11,"playtime":246,"items_purged":["Defend_G"],"score":142,"play_id":"1e335244-817f-4546-a2ba-02de95a20813","local_time":"20190307180938","is_ascension_mode":true,"campfire_choices":[{"data":"Neutralize","floor":6,"key":"SMITH"},{"data":"Dash","floor":8,"key":"SMITH"}],"neow_cost":"NONE","seed_source_timestamp":24838217574480,"circlet_count":0,"master_deck":["AscendersBane","Defend_G","Defend_G","Defend_G","Defend_G","Strike_G","Strike_G","Strike_G","Strike_G","Survivor","Neutralize+1","Tactician","Dash+1","Escape Plan"],"relics":["Ring of the Snake","NeowsBlessing","Golden Idol","Question Card","Mercury Hourglass"],"potions_floor_usage":[],"damage_taken":[{"damage":0,"enemies":"2 Louse","floor":1,"turns":1},{"damage":0,"enemies":"Small Slimes","floor":3,"turns":1},{"damage":0,"enemies":"Cultist","floor":5,"turns":1},{"damage":46,"enemies":"3 Sentries","floor":10,"turns":24},{"damage":0,"enemies":"Large Slime","floor":11,"turns":1}],"seed_played":"-3441963514843487219","potions_obtained":[],"is_trial":false,"path_per_floor":["M","?","M","$","M","R","?","R","T","E","M"],"character_chosen":"THE_SILENT","items_purchased":[],"campfire_rested":0,"item_purchase_floors":[],"current_hp_per_floor":[59,52,52,52,52,52,52,52,52,6,6],"gold":108,"neow_bonus":"THREE_ENEMY_KILL","is_prod":false,"is_daily":false,"chose_seed":false,"campfire_upgraded":2,"win_rate":0,"timestamp":1551953378,"path_taken":["M","?","M","$","M","R","?","R","T","E","M"],"build_version":"2019-01-23","purchased_purges":1,"victory":false,"max_hp_per_floor":[66,66,66,66,66,66,60,60,60,60,60],"card_choices":[{"not_picked":["PiercingWail","Dagger Throw"],"picked":"Tactician","floor":1},{"not_picked":["Outmaneuver","Slice","Quick Slash"],"picked":"SKIP","floor":3},{"not_picked":["Dagger Throw","Blur"],"picked":"Dash","floor":5},{"not_picked":["Bullet Time","Quick Slash","Slice"],"picked":"Escape Plan","floor":10}],"player_experience":3384394,"relics_obtained":[{"floor":9,"key":"Question Card"},{"floor":10,"key":"Mercury Hourglass"}],"event_choices":[{"cards_removed":["Strike_G"],"damage_healed":0,"gold_gain":0,"player_choice":"Card Removal","damage_taken":7,"max_hp_gain":0,"max_hp_loss":0,"event_name":"Golden Wing","floor":2,"gold_loss":0},{"damage_healed":0,"gold_gain":0,"player_choice":"Lose Max HP","damage_taken":0,"relics_obtained":["Golden Idol"],"max_hp_gain":0,"max_hp_loss":6,"event_name":"Golden Idol","floor":7,"gold_loss":0}],"is_beta":false,"boss_relics":[],"items_purged_floors":[4],"is_endless":false,"potions_floor_spawned":[],"killed_by":"Large Slime","ascension_level":20}