{"gold_per_floor":[15,15,30,47,47,47,61,61,61,76,95,20,36,61,61,156,156,172,172,222,243,13,13,36,80,103,103,153,171,171,189,189,280,280,301,301,320,270,288,301,339,339,339,339,358,81,81,81],"floor_reached":48,"playtime":2187,"items_purged":["Strike_G","Strike_G","Strike_G","Strike_G"],"score":1127,"play_id":"e1ebb484-c845-4942-adc8-4b831e2056aa","local_time":"20190212144816","is_ascension_mode":true,"campfire_choices":[{"data":"Expertise","floor":6.0,"key":"SMITH"},{"data":"Grand Finale","floor":8.0,"key":"SMITH"},{"floor":15.0,"key":"REST"},{"data":"Well Laid Plans","floor":23.0,"key":"SMITH"},{"data":"Acrobatics","floor":27.0,"key":"SMITH"},{"data":"Reflex","floor":30.0,"key":"SMITH"},{"data":"Ghostly","floor":32.0,"key":"SMITH"},{"data":"Acrobatics","floor":47,"key":"SMITH"}],"neow_cost":"NO_GOLD","seed_source_timestamp":15257403715341,"circlet_count":0,"master_deck":["AscendersBane","Defend_G","Defend_G","Defend_G","Defend_G","Defend_G","Survivor","Grand Finale+1","Expertise+1","Backflip","Adrenaline","Ghostly+1","Ghostly","Ghostly","Acrobatics+1","Well Laid Plans+1","Reflex+1","After Image","Acrobatics+1","Ghostly+1"],"special_seed":0,"relics":["Ring of the Snake","Golden Idol","Blood Vial","HoveringKite","Question Card","Smiling Mask","Snecko Eye","Dream Catcher","DollysMirror"],"potions_floor_usage":[41],"damage_taken":[{"damage":14.0,"enemies":"Jaw Worm","floor":1.0,"turns":8.0},{"damage":4.0,"enemies":"Small Slimes","floor":3.0,"turns":6.0},{"damage":1.0,"enemies":"Cultist","floor":4.0,"turns":4.0},{"damage":5.0,"enemies":"3 Louse","floor":7.0,"turns":6.0},{"damage":40.0,"enemies":"Gremlin Gang","floor":10.0,"turns":4.0},{"damage":0.0,"enemies":"2 Fungi Beasts","floor":11.0,"turns":4.0},{"damage":0.0,"enemies":"Blue Slaver","floor":13.0,"turns":2.0},{"damage":3.0,"enemies":"3 Louse","floor":14.0,"turns":8.0},{"damage":0.0,"enemies":"Slime Boss","floor":16.0,"turns":3.0},{"damage":26.0,"enemies":"Spheric Guardian","floor":18.0,"turns":6.0},{"damage":0.0,"enemies":"Chosen","floor":21.0,"turns":3.0},{"damage":3.0,"enemies":"Snake Plant","floor":24.0,"turns":5.0},{"damage":0.0,"enemies":"Gremlin Leader","floor":25.0,"turns":4.0},{"damage":0.0,"enemies":"Sentry and Sphere","floor":29.0,"turns":4.0},{"damage":0.0,"enemies":"3 Cultists","floor":31.0,"turns":2.0},{"damage":22.0,"enemies":"Champ","floor":33.0,"turns":12.0},{"damage":0.0,"enemies":"3 Shapes","floor":35.0,"turns":4.0},{"damage":11.0,"enemies":"Orb Walker","floor":37.0,"turns":6.0},{"damage":1.0,"enemies":"Jaw Worm Horde","floor":39.0,"turns":4.0},{"damage":0.0,"enemies":"Spire Growth","floor":40.0,"turns":6.0},{"damage":14,"enemies":"Reptomancer","floor":41,"turns":6},{"damage":0,"enemies":"4 Shapes","floor":45,"turns":2},{"damage":0,"enemies":"Writhing Mass","floor":48,"turns":2}],"seed_played":"-4132307258036033610","potions_obtained":[{"floor":3.0,"key":"Regen Potion"},{"floor":4.0,"key":"Block Potion"},{"floor":10.0,"key":"Swift Potion"},{"floor":13.0,"key":"SkillPotion"},{"floor":18.0,"key":"Ancient Potion"},{"floor":25.0,"key":"Swift Potion"},{"floor":31.0,"key":"EntropicBrew"},{"floor":41,"key":"AttackPotion"}],"is_trial":false,"path_per_floor":["M","?","M","M","?","R","M","R","T","M","M","$","M","M","R","B",null,"M","?","?","M","$","R","M","E","T","R","?","M","R","M","R","B",null,"M","?","M","$","M","M","E","?","T","?","M","$","R","M"],"character_chosen":"THE_SILENT","items_purchased":["Acrobatics","Well Laid Plans","DollysMirror"],"campfire_rested":1,"item_purchase_floors":[22,22,46],"current_hp_per_floor":[45,38,34,45,45,45,40,40,40,2,4,4,6,5,23,25,51,27,27,24,26,26,26,25,27,27,27,27,29,29,30,30,8,25,27,25,16,16,17,19,7,7,7,7,9,9,9,11],"gold":81,"neow_bonus":"THREE_RARE_CARDS","is_prod":false,"is_daily":false,"chose_seed":false,"campfire_upgraded":7,"win_rate":0,"timestamp":1549954096,"path_taken":["M","?","M","M","?","R","M","R","T","M","M","$","M","M","R","BOSS","M","?","?","?","$","R","M","E","T","R","?","M","R","M","R","BOSS","M","?","M","$","?","M","E","?","T","?","M","$","R","M"],"build_version":"2019-01-23","purchased_purges":4,"victory":false,"max_hp_per_floor":[66,66,66,66,60,60,60,60,60,60,60,60,60,60,60,60,60,60,30,30,30,30,30,30,30,30,30,30,30,30,30,30,30,30,30,30,30,30,30,30,30,30,30,30,30,30,30,30],"card_choices":[{"not_picked":["Die Die Die","Phantasmal Killer"],"picked":"Grand Finale","floor":0.0},{"not_picked":["PiercingWail","Dagger Throw"],"picked":"Expertise","floor":1.0},{"not_picked":["PiercingWail","Bane","Leg Sweep"],"picked":"SKIP","floor":3.0},{"not_picked":["Dodge and Roll","Dagger Throw","Prepared"],"picked":"SKIP","floor":4.0},{"not_picked":["Finisher","Deflect"],"picked":"Backflip","floor":7.0},{"not_picked":["Skewer","Choke","Underhanded Strike"],"picked":"SKIP","floor":10.0},{"not_picked":["Quick Slash","Storm of Steel","Escape Plan"],"picked":"SKIP","floor":11.0},{"not_picked":["All Out Attack","Blade Dance","Cloak And Dagger"],"picked":"SKIP","floor":13.0},{"not_picked":["Sucker Punch","Quick Slash","PiercingWail"],"picked":"SKIP","floor":14.0},{"not_picked":["Phantasmal Killer","Malaise"],"picked":"Adrenaline","floor":16.0},{"not_picked":["Flechettes","Finisher","Quick Slash"],"picked":"SKIP","floor":18.0},{"not_picked":["Dagger Throw","Heel Hook","Dagger Spray"],"picked":"SKIP","floor":21.0},{"not_picked":["Blade Dance","Poisoned Stab"],"picked":"Reflex","floor":24.0},{"not_picked":["Accuracy","Dagger Spray","Malaise"],"picked":"SKIP","floor":25.0},{"not_picked":["Infinite Blades","Deadly Poison+1","Concentrate","Slice"],"picked":"SKIP","floor":29.0},{"not_picked":["Leg Sweep","Choke","Setup","Dagger Spray"],"picked":"SKIP","floor":31.0},{"not_picked":["Doppelganger","Corpse Explosion","Grand Finale"],"picked":"After Image","floor":33.0},{"not_picked":["Bane","Dagger Spray+1","Dodge and Roll","Quick Slash"],"picked":"SKIP","floor":35.0},{"not_picked":["Slice","PiercingWail+1","Predator","Poisoned Stab"],"picked":"SKIP","floor":37.0},{"not_picked":["Deadly Poison","Blade Dance+1","Blur+1","Venomology"],"picked":"SKIP","floor":39.0},{"not_picked":["Backflip+1","Slice","Outmaneuver"],"picked":"Acrobatics","floor":40.0},{"not_picked":["Outmaneuver+1","Deadly Poison+1","Infinite Blades+1","Flying Knee"],"picked":"SKIP","floor":41},{"not_picked":["Leg Sweep","Flechettes","Accuracy+1","Dagger Throw"],"picked":"SKIP","floor":45}],"player_experience":2641071,"relics_obtained":[{"floor":9.0,"key":"Blood Vial"},{"floor":25.0,"key":"Question Card"},{"floor":26.0,"key":"Smiling Mask"},{"floor":41,"key":"Dream Catcher"}],"event_choices":[{"cards_removed":["Strike_G"],"damage_healed":0.0,"max_hp_gain":0.0,"max_hp_loss":0.0,"gold_gain":0.0,"event_name":"Golden Wing","player_choice":"Card Removal","floor":2.0,"gold_loss":0.0,"damage_taken":7.0},{"damage_healed":0.0,"max_hp_gain":0.0,"max_hp_loss":6.0,"gold_gain":0.0,"event_name":"Golden Idol","player_choice":"Lose Max HP","floor":5.0,"gold_loss":0.0,"damage_taken":0.0,"relics_obtained":["Golden Idol"]},{"damage_healed":0.0,"max_hp_gain":0.0,"max_hp_loss":30.0,"gold_gain":0.0,"event_name":"Ghosts","player_choice":"Became a Ghost","floor":19.0,"gold_loss":0.0,"damage_taken":0.0,"cards_obtained":["Ghostly","Ghostly","Ghostly"]},{"damage_healed":0.0,"max_hp_gain":0.0,"max_hp_loss":0.0,"gold_gain":50.0,"event_name":"FaceTrader","player_choice":"Touch","floor":20.0,"gold_loss":0.0,"damage_taken":3.0},{"damage_healed":0.0,"max_hp_gain":0.0,"max_hp_loss":0.0,"gold_gain":50.0,"event_name":"Nest","player_choice":"Stole From Cult","floor":28.0,"gold_loss":0.0,"damage_taken":0.0},{"damage_healed":0.0,"max_hp_gain":0.0,"max_hp_loss":0.0,"gold_gain":0.0,"event_name":"The Woman in Blue","player_choice":"Bought 0 Potions","floor":36.0,"gold_loss":0.0,"damage_taken":0.0},{"cards_removed":["Neutralize"],"damage_healed":0,"gold_gain":0,"player_choice":"Removed Attack","damage_taken":0,"max_hp_gain":0,"max_hp_loss":0,"event_name":"Falling","floor":42,"gold_loss":0},{"damage_healed":0,"gold_gain":0,"player_choice":"Ignored","damage_taken":0,"max_hp_gain":0,"max_hp_loss":0,"event_name":"Tomb of Lord Red Mask","floor":44,"gold_loss":0}],"is_beta":false,"boss_relics":[{"not_picked":["Eternal Feather","Black Star"],"picked":"HoveringKite"},{"not_picked":["Lizard Tail","White Beast Statue"],"picked":"Snecko Eye"}],"items_purged_floors":[12,22,38,46],"is_endless":false,"potions_floor_spawned":[3,4,10,13,18,25,31,33,40,41],"killed_by":"Writhing Mass","ascension_level":20}