{"gold_per_floor":[113,29,104,115,115,149,173,185,269,206,206,217,217,232,232,232],"floor_reached":16,"playtime":179,"items_purged":["Strike_B"],"score":250,"play_id":"18b5fe45-8ce5-4335-a1eb-7a6550f73c17","local_time":"20181120135449","is_ascension_mode":true,"campfire_choices":[{"data":"Zap","floor":11,"key":"SMITH"},{"data":"Hologram","floor":15,"key":"SMITH"}],"neow_cost":"NONE","seed_source_timestamp":1739080657194010,"circlet_count":0,"master_deck":["AscendersBane","Strike_B","Strike_B","Strike_B","Defend_B","Defend_B","Defend_B","Defend_B","Zap+1","Dualcast","Blizzard","Chill","Loop","Hologram+1"],"relics":["Cracked Core","NeowsBlessing","MawBank","Frozen Egg 2","Meat on the Bone"],"potions_floor_usage":[],"damage_taken":[{"damage":0,"enemies":"2 Louse","floor":1,"turns":1},{"damage":0,"enemies":"Jaw Worm","floor":4,"turns":1},{"damage":0,"enemies":"3 Sentries","floor":6,"turns":1},{"damage":0,"enemies":"Cultist","floor":7,"turns":4},{"damage":3,"enemies":"2 Fungi Beasts","floor":12,"turns":3},{"damage":17,"enemies":"Exordium Wildlife","floor":14,"turns":4},{"damage":0,"enemies":"Hexaghost","floor":16,"turns":1}],"seed_played":"6243524298184089986","potions_obtained":[{"floor":4,"key":"EssenceOfSteel"},{"floor":12,"key":"FearPotion"}],"is_trial":false,"path_per_floor":["M","$","?","M","?","E","M","?","T","$","R","M","?","M","R","B"],"character_chosen":"DEFECT","items_purchased":["Blizzard"],"campfire_rested":0,"item_purchase_floors":[2],"current_hp_per_floor":[64,64,53,53,58,58,58,58,58,58,58,55,55,50,50,50],"gold":232,"neow_bonus":"THREE_ENEMY_KILL","is_prod":false,"is_daily":false,"chose_seed":false,"campfire_upgraded":2,"win_rate":0,"timestamp":1542693289,"path_taken":["M","$","?","M","?","E","M","?","T","?","R","?","?","M","R","BOSS"],"build_version":"2018-11-15","purchased_purges":1,"victory":false,"max_hp_per_floor":[71,71,71,71,76,76,76,76,76,76,76,76,76,76,76,76],"card_choices":[{"not_picked":["Conserve Battery","Force Field","Ball Lightning"],"picked":"SKIP","floor":1},{"not_picked":["Hologram","Steam"],"picked":"Chill","floor":4},{"not_picked":["Turbo","Auto Shields"],"picked":"Loop","floor":6},{"not_picked":["Sweeping Beam","Redo","Gash"],"picked":"SKIP","floor":7},{"not_picked":["Go for the Eyes","Steam"],"picked":"Hologram","floor":12},{"not_picked":["Steam","FTL","Leap"],"picked":"SKIP","floor":14}],"player_experience":574052,"relics_obtained":[{"floor":6,"key":"MawBank"},{"floor":9,"key":"Frozen Egg 2"}],"event_choices":[{"damage_healed":0,"gold_gain":75,"player_choice":"Gather Gold","damage_taken":11,"max_hp_gain":0,"max_hp_loss":0,"event_name":"World of Goop","floor":3,"gold_loss":0},{"damage_healed":0,"gold_gain":0,"player_choice":"Donut","damage_taken":0,"max_hp_gain":5,"max_hp_loss":0,"event_name":"Big Fish","floor":5,"gold_loss":0},{"damage_healed":0,"gold_gain":0,"player_choice":"Ignored","damage_taken":0,"max_hp_gain":0,"max_hp_loss":0,"event_name":"Liars Game","floor":8,"gold_loss":0},{"damage_healed":0,"gold_gain":0,"player_choice":"Searched \u00271\u0027 times","damage_taken":0,"relics_obtained":["Meat on the Bone"],"max_hp_gain":0,"max_hp_loss":0,"event_name":"Dead Adventurer","floor":13,"gold_loss":0}],"is_beta":true,"boss_relics":[],"items_purged_floors":[10],"is_endless":false,"potions_floor_spawned":[4,12,14],"killed_by":"Hexaghost","ascension_level":20}