{"gold_per_floor":[115,135,135,145,158,158,83,100,125,155,155,182,200,215,215,215],"floor_reached":16,"playtime":382,"items_purged":["Strike_R"],"score":156,"play_id":"81560b19-6669-4271-9b6d-8652af19f676","local_time":"20180921221622","is_ascension_mode":true,"campfire_choices":[{"data":"Body Slam","floor":6,"key":"SMITH"},{"data":"Body Slam","floor":11,"key":"SMITH"},{"data":"Shrug It Off","floor":15,"key":"SMITH"}],"neow_cost":"NONE","seed_source_timestamp":35140555250421,"circlet_count":0,"master_deck":["Strike_R","Strike_R","Strike_R","Strike_R","Defend_R","Defend_R","Defend_R","Defend_R","Bash","AscendersBane","Metallicize","Body Slam+1","Body Slam+1","Feel No Pain","Shrug It Off+1"],"relics":["Burning Blood","Dream Catcher","Happy Flower","Tiny Chest","Bronze Scales"],"potions_floor_usage":[5,12,12,13],"damage_taken":[{"damage":10,"enemies":"2 Louse","floor":1,"turns":3},{"damage":11,"enemies":"Small Slimes","floor":2,"turns":4},{"damage":9,"enemies":"Cultist","floor":4,"turns":5},{"damage":5,"enemies":"Lots of Slimes","floor":5,"turns":3},{"damage":26,"enemies":"3 Louse","floor":8,"turns":4},{"damage":31,"enemies":"Gremlin Nob","floor":12,"turns":5},{"damage":10,"enemies":"Large Slime","floor":13,"turns":6},{"damage":9,"enemies":"Looter","floor":14,"turns":3},{"damage":0,"enemies":"The Guardian","floor":16,"turns":1}],"seed_played":"-5859128749072023121","potions_obtained":[{"floor":2,"key":"Explosive Potion"},{"floor":4,"key":"FearPotion"},{"floor":5,"key":"Ancient Potion"},{"floor":12,"key":"Fruit Juice"},{"floor":13,"key":"Fruit Juice"}],"is_trial":false,"path_per_floor":["M","M","?","M","M","R","$","M","T","?","R","E","M","M","R"],"character_chosen":"IRONCLAD","items_purchased":[],"campfire_rested":0,"item_purchase_floors":[],"current_hp_per_floor":[68,63,63,60,61,61,61,41,41,34,34,14,15,12,12,12],"gold":215,"neow_bonus":"RANDOM_COMMON_RELIC","is_prod":false,"is_daily":false,"chose_seed":false,"campfire_upgraded":3,"win_rate":0,"timestamp":1537539382,"path_taken":["M","M","?","M","M","R","?","?","T","?","R","E","M","M","R","BOSS"],"build_version":"2018-09-20","purchased_purges":1,"victory":false,"max_hp_per_floor":[80,80,80,80,80,80,80,80,80,80,80,85,90,90,90,90],"card_choices":[{"not_picked":["Wild Strike","Uppercut"],"picked":"Metallicize","floor":1},{"not_picked":["Armaments","Sword Boomerang"],"picked":"Body Slam","floor":2},{"not_picked":["Warcry","Twin Strike","Blood for Blood"],"picked":"SKIP","floor":4},{"not_picked":["Havoc","Perfected Strike"],"picked":"Body Slam","floor":5},{"not_picked":["Anger","Sentinel"],"picked":"Feel No Pain","floor":8},{"not_picked":["Dual Wield","Corruption","Sword Boomerang"],"picked":"SKIP","floor":12},{"not_picked":["Rupture","Twin Strike"],"picked":"Shrug It Off","floor":13},{"not_picked":["Pommel Strike","Rage","Brutality"],"picked":"SKIP","floor":14}],"player_experience":74535,"relics_obtained":[{"floor":9,"key":"Happy Flower"},{"floor":12,"key":"Bronze Scales"}],"event_choices":[{"event_name":"Liars Game","player_choice":"disagreed","floor":3,"damage_taken":0},{"event_name":"Scrap Ooze","player_choice":"success","floor":10,"damage_taken":7}],"is_beta":false,"boss_relics":[],"items_purged_floors":[7],"is_endless":false,"potions_floor_spawned":[2,4,5,12,13],"killed_by":"The Guardian","ascension_level":10}