{"gold_per_floor":[109,126,138,151,166,166,226,226,226,226,226,70,145,158,158,256,256,268,288,308,358,283,283,295,310,333,347,347,45,60,72,72,172,172,185,185,185,236,50,85,85,96,172,198,198,198,208,221,221,221],"floor_reached":51,"playtime":2104,"items_purged":["Strike_G","Strike_G"],"score":836,"play_id":"6b39d910-b7ea-4e94-9677-ec15a41dd2c5","local_time":"20181021110644","is_ascension_mode":false,"campfire_choices":[{"floor":6.0,"key":"DIG"},{"floor":8.0,"key":"REST"},{"floor":11.0,"key":"DIG"},{"floor":15.0,"key":"REST"},{"floor":23.0,"key":"DIG"},{"floor":28.0,"key":"DIG"},{"floor":32.0,"key":"DIG"},{"floor":41.0,"key":"DIG"},{"floor":45.0,"key":"DIG"},{"floor":49,"key":"DIG"}],"neow_cost":"PERCENT_DAMAGE","seed_source_timestamp":9162969921722,"circlet_count":0,"master_deck":["Defend_G","Defend_G","Defend_G","Defend_G","Defend_G+1","Strike_G","Strike_G","Survivor+1","Neutralize","Deadly Poison","Die Die Die","Footwork","Footwork","Blur+1","Dodge and Roll+1","Wraith Form v2","Bouncing Flask+1","Sucker Punch+1","Adrenaline+1","PiercingWail+1","Escape Plan+1","Acrobatics+1","Footwork+1","Deadly Poison+1","Burst+1","Deadly Poison+1","Acrobatics+1","Bullet Time+1","Die Die Die","Dodge and Roll+1","Crippling Poison+1","Backflip+1","Catalyst+1","Deflect+1","Venomology+1","Acrobatics+1","Pain","Blind+1","Panacea+1","Dark Shackles+1","Noxious Fumes","Grand Finale","Footwork","Reflex+1","Venomology+1","Catalyst+1","Tools of the Trade","Madness+1","Crippling Poison+1","Deflect+1"],"special_seed":0,"relics":["Ring of the Snake","Shovel","Toxic Egg 2","Tiny Chest","Darkstone Periapt","Prayer Wheel","Coffee Dripper","Dream Catcher","Art of War","Boot","TwistedFunnel","Bird Faced Urn","Orrery","WarpedTongs","Pen Nib","Potion Belt","Kunai","War Paint","Sundial","Ginger","Regal Pillow","Anchor"],"potions_floor_usage":[47,47,50,50],"damage_taken":[{"damage":2.0,"enemies":"Jaw Worm","floor":1.0,"turns":7.0},{"damage":0.0,"enemies":"2 Louse","floor":2.0,"turns":2.0},{"damage":0.0,"enemies":"Small Slimes","floor":3.0,"turns":3.0},{"damage":0.0,"enemies":"Blue Slaver","floor":4.0,"turns":5.0},{"damage":5.0,"enemies":"2 Fungi Beasts","floor":5.0,"turns":5.0},{"damage":35.0,"enemies":"Gremlin Nob","floor":7.0,"turns":5.0},{"damage":0.0,"enemies":"3 Louse","floor":14.0,"turns":1.0},{"damage":11.0,"enemies":"The Guardian","floor":16.0,"turns":20.0},{"damage":4.0,"enemies":"Chosen","floor":18.0,"turns":9.0},{"damage":5.0,"enemies":"3 Byrds","floor":19.0,"turns":4.0},{"damage":7.0,"enemies":"Snecko","floor":20.0,"turns":7.0},{"damage":0.0,"enemies":"Centurion and Healer","floor":24.0,"turns":11.0},{"damage":14.0,"enemies":"Sentry and Sphere","floor":25.0,"turns":6.0},{"damage":0.0,"enemies":"Snake Plant","floor":27.0,"turns":5.0},{"damage":0.0,"enemies":"Snecko","floor":30.0,"turns":4.0},{"damage":0.0,"enemies":"Centurion and Healer","floor":31.0,"turns":5.0},{"damage":6.0,"enemies":"Automaton","floor":33.0,"turns":8.0},{"damage":0.0,"enemies":"3 Darklings","floor":35.0,"turns":5.0},{"damage":0.0,"enemies":"Reptomancer","floor":40.0,"turns":5.0},{"damage":0.0,"enemies":"Orb Walker","floor":42.0,"turns":1.0},{"damage":15.0,"enemies":"Giant Head","floor":44.0,"turns":7.0},{"damage":0,"enemies":"Writhing Mass","floor":47,"turns":4},{"damage":0,"enemies":"Jaw Worm Horde","floor":48,"turns":4},{"damage":8,"enemies":"Awakened One","floor":50,"turns":10}],"seed_played":"3395740269806232855","potions_obtained":[{"floor":3.0,"key":"EssenceOfSteel"},{"floor":4.0,"key":"LiquidBronze"},{"floor":16.0,"key":"Energy Potion"},{"floor":19.0,"key":"GamblersBrew"},{"floor":25.0,"key":"SneckoOil"},{"floor":30.0,"key":"FearPotion"},{"floor":33.0,"key":"Fire Potion"},{"floor":40.0,"key":"Regen Potion"},{"floor":42.0,"key":"Block Potion"}],"is_trial":false,"path_per_floor":["M","M","M","M","M","R","E","R","T","?","R","$","?","M","R","B",null,"M","M","M","?","?","R","M","M","T","M","R","$","M","M","R","B",null,"M","?","?","T","$","E","R","M","T","E","R","?","M","M","R","B"],"character_chosen":"THE_SILENT","items_purchased":["Footwork","TwistedFunnel","Potion Belt","Noxious Fumes"],"campfire_rested":2,"item_purchase_floors":[12,29,39,39],"current_hp_per_floor":[47,47,47,47,42,42,7,28,28,28,28,28,17,17,38,27,70,66,61,54,54,54,54,54,40,40,40,40,40,40,40,40,40,70,70,76,66,66,66,76,76,76,76,63,63,63,73,76,76,73],"gold":221,"neow_bonus":"ONE_RARE_RELIC","is_prod":false,"is_daily":false,"chose_seed":false,"campfire_upgraded":0,"win_rate":0,"timestamp":1540091204,"path_taken":["M","M","M","M","M","R","E","R","T","?","R","$","?","?","R","BOSS","M","M","M","?","?","R","?","?","T","M","R","?","M","?","R","BOSS","M","?","?","?","$","E","R","M","T","E","R","?","?","M","R","BOSS"],"build_version":"2018-10-18","purchased_purges":2,"victory":true,"max_hp_per_floor":[70,70,70,70,70,70,70,70,70,70,70,70,70,70,70,70,70,70,70,70,70,70,70,70,70,70,70,70,70,70,70,70,70,70,70,76,76,76,76,76,76,76,76,76,76,76,76,76,76,76],"card_choices":[{"not_picked":["Sucker Punch","PiercingWail","Choke"],"picked":"SKIP","floor":1.0},{"not_picked":["Riddle With Holes","Deflect","Prepared"],"picked":"SKIP","floor":2.0},{"not_picked":["Cloak And Dagger","Tactician","Calculated Gamble"],"picked":"SKIP","floor":3.0},{"not_picked":["Dash","Poisoned Stab"],"picked":"Deadly Poison","floor":4.0},{"not_picked":["Prepared","Acrobatics"],"picked":"Die Die Die","floor":5.0},{"not_picked":["Eviscerate","Blur+1"],"picked":"Footwork","floor":7.0},{"not_picked":["Outmaneuver+1","Blade Dance+1"],"picked":"Blur+1","floor":14.0},{"not_picked":["Blade Dance+1","Backstab"],"picked":"Dodge and Roll+1","floor":14.0},{"not_picked":["Glass Knife","Die Die Die"],"picked":"Wraith Form v2","floor":16.0},{"not_picked":["Flying Knee+1","Flechettes"],"picked":"Bouncing Flask+1","floor":18.0},{"not_picked":["Cloak And Dagger+1","Eviscerate+1"],"picked":"Sucker Punch+1","floor":18.0},{"not_picked":["Flying Knee+1","Escape Plan+1"],"picked":"Adrenaline+1","floor":19.0},{"not_picked":["Acrobatics+1","Caltrops+1"],"picked":"PiercingWail+1","floor":19.0},{"not_picked":["Expertise+1","Heel Hook"],"picked":"Escape Plan+1","floor":20.0},{"not_picked":["Dagger Spray+1","Dagger Throw","Bane"],"picked":"SKIP","floor":20.0},{"not_picked":["Prepared+1","Cloak And Dagger+1","Predator+1"],"picked":"SKIP","floor":24.0},{"not_picked":["Endless Agony+1","Outmaneuver+1","Heel Hook"],"picked":"SKIP","floor":24.0},{"not_picked":["Sucker Punch","Cloak And Dagger+1"],"picked":"Acrobatics+1","floor":25.0},{"not_picked":["Crippling Poison+1","Doppelganger+1"],"picked":"Footwork+1","floor":25.0},{"not_picked":["Outmaneuver+1","Flying Knee"],"picked":"Deadly Poison+1","floor":27.0},{"not_picked":["Eviscerate","Blur+1"],"picked":"Burst+1","floor":27.0},{"not_picked":["Dagger Throw+1","Dodge and Roll+1"],"picked":"Deadly Poison+1","floor":30.0},{"not_picked":["Outmaneuver+1","Dagger Spray"],"picked":"Acrobatics+1","floor":30.0},{"not_picked":["Predator","Bane"],"picked":"Bullet Time+1","floor":31.0},{"not_picked":["Cloak And Dagger+1","Sucker Punch","Quick Slash"],"picked":"SKIP","floor":31.0},{"not_picked":["Unload","Envenom"],"picked":"Die Die Die","floor":33.0},{"not_picked":["PiercingWail+1","Flying Knee"],"picked":"Dodge and Roll+1","floor":34.0},{"not_picked":["Quick Slash","Slice"],"picked":"Crippling Poison+1","floor":34.0},{"not_picked":["Eviscerate","Riddle With Holes"],"picked":"Backflip+1","floor":34.0},{"not_picked":["Poisoned Stab+1","Terror+1"],"picked":"Catalyst+1","floor":34.0},{"not_picked":["Finisher","Quick Slash"],"picked":"Deflect+1","floor":34.0},{"not_picked":["Quick Slash","Underhanded Strike+1"],"picked":"Venomology+1","floor":35.0},{"not_picked":["Dodge and Roll+1","Outmaneuver+1"],"picked":"Acrobatics+1","floor":35.0},{"not_picked":["Swift Strike","Discovery+1"],"picked":"Blind+1","floor":37.0},{"not_picked":["Mayhem","Enlightenment+1"],"picked":"Panacea+1","floor":37.0},{"not_picked":["Secret Weapon+1","The Bomb+1"],"picked":"Dark Shackles+1","floor":37.0},{"not_picked":["Eviscerate","Unload"],"picked":"Grand Finale","floor":40.0},{"not_picked":["Bouncing Flask+1","Expertise+1"],"picked":"Footwork","floor":42.0},{"not_picked":["Quick Slash","Endless Agony"],"picked":"Reflex+1","floor":42.0},{"not_picked":["Escape Plan+1","Outmaneuver+1"],"picked":"Venomology+1","floor":44.0},{"not_picked":["A Thousand Cuts","Infinite Blades"],"picked":"Crippling Poison+1","floor":47},{"not_picked":["Sucker Punch","Poisoned Stab"],"picked":"Deflect+1","floor":47},{"not_picked":["Riddle With Holes","Endless Agony","Sucker Punch"],"picked":"SKIP","floor":48},{"not_picked":["Deflect+1","PiercingWail+1","Prepared+1"],"picked":"SKIP","floor":48}],"player_experience":442083,"relics_obtained":[{"floor":6.0,"key":"Toxic Egg 2"},{"floor":7.0,"key":"Tiny Chest"},{"floor":9.0,"key":"Darkstone Periapt"},{"floor":11.0,"key":"Prayer Wheel"},{"floor":23.0,"key":"Dream Catcher"},{"floor":26.0,"key":"Art of War"},{"floor":28.0,"key":"Boot"},{"floor":32.0,"key":"Bird Faced Urn"},{"floor":38.0,"key":"Pen Nib"},{"floor":40.0,"key":"Kunai"},{"floor":41.0,"key":"War Paint"},{"floor":43.0,"key":"Sundial"},{"floor":44.0,"key":"Ginger"},{"floor":45.0,"key":"Regal Pillow"},{"floor":49,"key":"Anchor"}],"event_choices":[{"damage_healed":0.0,"max_hp_gain":0.0,"max_hp_loss":0.0,"gold_gain":0.0,"event_name":"Dead Adventurer","player_choice":"Searched \u00270\u0027 times","floor":10.0,"gold_loss":0.0,"damage_taken":0.0},{"damage_healed":0.0,"max_hp_gain":0.0,"max_hp_loss":0.0,"gold_gain":75.0,"event_name":"World of Goop","player_choice":"Gather Gold","floor":13.0,"gold_loss":0.0,"damage_taken":11.0},{"damage_healed":0.0,"max_hp_gain":0.0,"max_hp_loss":0.0,"gold_gain":100.0,"event_name":"The Joust","player_choice":"Bet on Murderer","floor":21.0,"gold_loss":50.0,"damage_taken":0.0},{"cards_removed":["Strike_G"],"damage_healed":0.0,"max_hp_gain":0.0,"max_hp_loss":0.0,"gold_gain":0.0,"event_name":"Beggar","player_choice":"Gave Gold","floor":22.0,"gold_loss":75.0,"damage_taken":0.0},{"damage_healed":0.0,"max_hp_gain":0.0,"max_hp_loss":0.0,"gold_gain":0.0,"event_name":"Accursed Blacksmith","player_choice":"Rummage","floor":36.0,"gold_loss":0.0,"damage_taken":0.0,"relics_obtained":["WarpedTongs"],"cards_obtained":["Pain"]},{"damage_healed":0.0,"max_hp_gain":0.0,"max_hp_loss":0.0,"gold_gain":0.0,"event_name":"SensoryStone","player_choice":"Memory 3","floor":37.0,"gold_loss":0.0,"damage_taken":10.0},{"damage_healed":0,"gold_gain":0,"player_choice":"3 cards matched","damage_taken":0,"max_hp_gain":0,"max_hp_loss":0,"event_name":"Match and Keep!","floor":46,"gold_loss":0,"cards_obtained":["Catalyst","Tools of the Trade","Madness"]}],"is_beta":false,"boss_relics":[{"not_picked":["Calling Bell","Runic Dome"],"picked":"Coffee Dripper"},{"not_picked":["Black Star","Eternal Feather"],"picked":"Orrery"}],"items_purged_floors":[12,29],"is_endless":false,"potions_floor_spawned":[3,4,16,19,25,30,33,40,42,44],"ascension_level":0}