{"gold_per_floor":[119,119,132,12,12,12,24,53,77,77,77,96,96,113,113,191,191],"floor_reached":17,"playtime":411,"items_purged":["Strike_G"],"score":410,"play_id":"f1bc2c21-ab42-4aa7-b0b4-918248adf600","local_time":"20190405114749","is_ascension_mode":true,"campfire_choices":[{"data":"Noxious Fumes","floor":6.0,"key":"SMITH"},{"data":"Noxious Fumes","floor":10.0,"key":"SMITH"},{"data":"Neutralize","floor":15.0,"key":"SMITH"}],"neow_cost":"NONE","seed_source_timestamp":2525205501696,"circlet_count":0,"master_deck":["AscendersBane","Defend_G","Defend_G","Defend_G","Defend_G","Defend_G","Strike_G","Strike_G","Strike_G","Survivor","Neutralize+1","Endless Agony","Noxious Fumes+1","Noxious Fumes+1","Endless Agony","Corpse Explosion"],"special_seed":0,"relics":["Ring of the Snake","Art of War","Ancient Tea Set"],"potions_floor_usage":[16,16],"damage_taken":[{"damage":2.0,"enemies":"2 Louse","floor":1.0,"turns":4.0},{"damage":1.0,"enemies":"Cultist","floor":3.0,"turns":4.0},{"damage":6.0,"enemies":"Jaw Worm","floor":7.0,"turns":5.0},{"damage":52.0,"enemies":"Gremlin Nob","floor":8.0,"turns":5.0},{"damage":0.0,"enemies":"Looter","floor":12.0,"turns":4.0},{"damage":1.0,"enemies":"2 Fungi Beasts","floor":14.0,"turns":5.0},{"damage":0,"enemies":"Hexaghost","floor":16,"turns":9}],"seed_played":"7269135283472718496","potions_obtained":[{"floor":12.0,"key":"LiquidBronze"},{"floor":14.0,"key":"GamblersBrew"},{"floor":16,"key":"Dexterity Potion"}],"is_trial":false,"path_per_floor":["M","?","M","$","?","R","M","E","T","R","$","M","?","M","R","B",null],"character_chosen":"THE_SILENT","items_purchased":["Noxious Fumes"],"campfire_rested":0,"item_purchase_floors":[4],"current_hp_per_floor":[57,57,56,56,61,61,55,3,3,3,3,3,3,2,2,2,2],"gold":191,"neow_bonus":"RANDOM_COMMON_RELIC","is_prod":false,"is_daily":false,"chose_seed":false,"campfire_upgraded":3,"win_rate":0,"timestamp":1554436069,"path_taken":["M","?","?","$","?","R","M","E","T","R","$","M","?","M","R","BOSS"],"build_version":"2019-01-23","purchased_purges":1,"victory":false,"max_hp_per_floor":[66,66,66,66,71,71,71,71,71,71,71,71,71,71,71,71,71],"card_choices":[{"not_picked":["Acrobatics","Dodge and Roll"],"picked":"Endless Agony","floor":1.0},{"not_picked":["Dodge and Roll","Blade Dance","Dagger Spray"],"picked":"SKIP","floor":3.0},{"not_picked":["PiercingWail","Cloak And Dagger","Quick Slash"],"picked":"SKIP","floor":7.0},{"not_picked":["Dash","Deflect","Riddle With Holes"],"picked":"SKIP","floor":8.0},{"not_picked":["Cloak And Dagger","Flying Knee","Dagger Throw"],"picked":"SKIP","floor":12.0},{"not_picked":["Quick Slash","Calculated Gamble"],"picked":"Endless Agony","floor":14.0},{"not_picked":["Doppelganger","Wraith Form v2"],"picked":"Corpse Explosion","floor":16}],"player_experience":4070796,"relics_obtained":[{"floor":8.0,"key":"Ancient Tea Set"}],"event_choices":[{"damage_healed":0.0,"max_hp_gain":0.0,"max_hp_loss":0.0,"gold_gain":0.0,"cards_transformed":["Strike_G"],"event_name":"Transmorgrifier","player_choice":"Transformed","floor":2.0,"gold_loss":0.0,"damage_taken":0.0,"cards_obtained":["Noxious Fumes"]},{"damage_healed":0.0,"max_hp_gain":5.0,"max_hp_loss":0.0,"gold_gain":0.0,"event_name":"Big Fish","player_choice":"Donut","floor":5.0,"gold_loss":0.0,"damage_taken":0.0},{"damage_healed":0.0,"max_hp_gain":0.0,"max_hp_loss":0.0,"gold_gain":0.0,"event_name":"Scrap Ooze","player_choice":"Fled","floor":13.0,"gold_loss":0.0,"damage_taken":0.0}],"is_beta":false,"boss_relics":[],"items_purged_floors":[4],"is_endless":false,"potions_floor_spawned":[12,14,16],"ascension_level":20}