{"gold_per_floor":[310,326,341,212,223,223,243,243,293,305,324,341,69,98,98,193,243,261,107,107,117,117,117,117],"floor_reached":24,"playtime":1695,"items_purged":["Strike_R","Strike_R"],"score":281,"play_id":"ff61f3be-dcc9-4c2e-a5d5-aad889ff6dee","local_time":"20190724194859","is_ascension_mode":true,"campfire_choices":[{"data":"Inflame","floor":6,"key":"SMITH"},{"data":"Carnage","floor":8,"key":"SMITH"},{"data":"Searing Blow","floor":15,"key":"SMITH"},{"data":"Searing Blow+3","floor":23,"key":"SMITH"}],"neow_cost":"NO_GOLD","seed_source_timestamp":370031229677620,"circlet_count":0,"master_deck":["Strike_R+1","Strike_R+1","Strike_R+1","Defend_R+1","Defend_R+1","Defend_R+1","Defend_R+1","Bash","Inflame+1","Body Slam","Carnage+1","Sword Boomerang","Corruption","Rampage","Feed","Searing Blow+4","Double Tap","Shrug It Off","Limit Break","Clash+1","Clothesline+1"],"relics":["Burning Blood","Old Coin","Regal Pillow","Molten Egg 2","Tiny House"],"potions_floor_usage":[7,16,16,18],"damage_taken":[{"damage":7,"enemies":"Small Slimes","floor":1,"turns":4},{"damage":1,"enemies":"Cultist","floor":2,"turns":3},{"damage":12,"enemies":"2 Louse","floor":3,"turns":4},{"damage":5,"enemies":"Exordium Wildlife","floor":5,"turns":3},{"damage":28,"enemies":"Lots of Slimes","floor":7,"turns":5},{"damage":8,"enemies":"Red Slaver","floor":10,"turns":3},{"damage":12,"enemies":"Looter","floor":11,"turns":3},{"damage":10,"enemies":"Large Slime","floor":12,"turns":5},{"damage":0,"enemies":"Gremlin Nob","floor":14,"turns":3},{"damage":63,"enemies":"The Guardian","floor":16,"turns":7},{"damage":25,"enemies":"3 Byrds","floor":18,"turns":4},{"damage":11,"enemies":"Spheric Guardian","floor":21,"turns":3},{"damage":56,"enemies":"Slavers","floor":24,"turns":3}],"seed_played":"7077069693638538578","potions_obtained":[{"floor":3,"key":"BloodPotion"},{"floor":5,"key":"Explosive Potion"},{"floor":10,"key":"Strength Potion"},{"floor":11,"key":"FearPotion"},{"floor":17,"key":"Strength Potion"},{"floor":18,"key":"SteroidPotion"}],"is_trial":false,"path_per_floor":["M","M","M","$","M","R","M","R","T","M","M","M","$","E","R","B",null,"M","$","?","M","?","R","E"],"character_chosen":"IRONCLAD","items_purchased":["Sword Boomerang","Searing Blow","Double Tap","Shrug It Off","Clothesline+1"],"campfire_rested":0,"item_purchase_floors":[4,13,13,13,19],"current_hp_per_floor":[79,80,74,74,75,75,73,73,73,71,65,64,64,70,70,13,71,55,55,55,50,50,50,0],"gold":117,"neow_bonus":"ONE_RARE_RELIC","is_prod":false,"is_daily":false,"chose_seed":false,"campfire_upgraded":4,"win_rate":0,"timestamp":1564015739,"path_taken":["M","M","M","$","M","R","M","R","T","M","M","M","$","E","R","BOSS","M","$","?","M","?","R","E"],"build_version":"2019-07-17","purchased_purges":2,"victory":false,"max_hp_per_floor":[80,80,80,80,80,80,80,80,80,80,80,83,83,83,83,83,88,91,91,91,91,91,91,91],"card_choices":[{"not_picked":["Shrug It Off","Reckless Charge"],"picked":"Inflame","floor":1},{"not_picked":["True Grit","Headbutt"],"picked":"Body Slam","floor":2},{"not_picked":["Rupture","Wild Strike"],"picked":"Carnage","floor":3},{"not_picked":["True Grit","Twin Strike"],"picked":"Corruption","floor":5},{"not_picked":["Perfected Strike","Bloodletting","Anger"],"picked":"SKIP","floor":7},{"not_picked":["Perfected Strike","Bloodletting","Anger"],"picked":"SKIP","floor":7},{"not_picked":["Feel No Pain","Flex"],"picked":"Rampage","floor":10},{"not_picked":["Perfected Strike","Heavy Blade"],"picked":"Feed","floor":11},{"not_picked":["Flex","Metallicize","Iron Wave"],"picked":"SKIP","floor":12},{"not_picked":["Reckless Charge","Bloodletting","Perfected Strike"],"picked":"SKIP","floor":14},{"not_picked":["Feed+1","Double Tap"],"picked":"Limit Break","floor":16},{"not_picked":["Shrug It Off","Flex"],"picked":"Clash+1","floor":17},{"not_picked":["Thunderclap+1","Fire Breathing+1","True Grit"],"picked":"SKIP","floor":18},{"not_picked":["Warcry","Flex","Armaments"],"picked":"SKIP","floor":21},{"not_picked":["Warcry","Flex","Armaments"],"picked":"SKIP","floor":21}],"player_experience":290122,"relics_obtained":[{"floor":9,"key":"Regal Pillow"},{"floor":14,"key":"Molten Egg 2"}],"event_choices":[{"damage_healed":0,"gold_gain":0,"player_choice":"Simplicity","damage_taken":0,"max_hp_gain":0,"max_hp_loss":0,"event_name":"Back to Basics","floor":20,"gold_loss":0,"cards_upgraded":["Strike_R","Strike_R","Strike_R","Defend_R","Defend_R","Defend_R","Defend_R"]},{"damage_healed":0,"gold_gain":0,"player_choice":"Upgraded","damage_taken":0,"max_hp_gain":0,"max_hp_loss":0,"event_name":"Upgrade Shrine","floor":22,"gold_loss":0,"cards_upgraded":["Searing Blow"]}],"is_beta":false,"boss_relics":[{"not_picked":["Fusion Hammer","Runic Dome"],"picked":"Tiny House"}],"items_purged_floors":[4,19],"is_endless":false,"potions_floor_spawned":[3,5,10,11,18],"killed_by":"Slavers","ascension_level":5}