{"gold_per_floor":[112,21,36,53,71,100,100,100],"floor_reached":8,"playtime":278,"items_purged":[],"score":116,"play_id":"4ca1712f-e566-4fec-a607-7082c579f555","local_time":"20190207173631","is_ascension_mode":true,"campfire_choices":[],"neow_cost":"NONE","seed_source_timestamp":16733803730324,"circlet_count":0,"master_deck":["AscendersBane","Defend_G","Defend_G","Defend_G","Defend_G","Defend_G","Strike_G","Strike_G","Strike_G","Strike_G","Survivor","Neutralize","Dash","Well Laid Plans","Flying Knee","Outmaneuver","Footwork"],"special_seed":0,"relics":["Ring of the Snake","The Courier"],"potions_floor_usage":[6,8],"damage_taken":[{"damage":14.0,"enemies":"Cultist","floor":1.0,"turns":6.0},{"damage":1.0,"enemies":"2 Louse","floor":3.0,"turns":3.0},{"damage":2.0,"enemies":"Jaw Worm","floor":4.0,"turns":5.0},{"damage":1,"enemies":"Exordium Wildlife","floor":5,"turns":4},{"damage":22,"enemies":"Gremlin Nob","floor":6,"turns":4},{"damage":14,"enemies":"Lagavulin","floor":8,"turns":5}],"seed_played":"-7772572068592816410","potions_obtained":[{"floor":0.0,"key":"Fire Potion"},{"floor":0.0,"key":"EssenceOfSteel"},{"floor":4.0,"key":"SteroidPotion"}],"is_trial":false,"path_per_floor":["M","$","M","M","M","E","?","E"],"character_chosen":"THE_SILENT","items_purchased":["Well Laid Plans","Flying Knee"],"campfire_rested":0,"item_purchase_floors":[2,2],"current_hp_per_floor":[45,45,44,42,41,19,19,5],"gold":100,"neow_bonus":"THREE_SMALL_POTIONS","is_prod":false,"is_daily":false,"chose_seed":false,"campfire_upgraded":0,"win_rate":0,"timestamp":1549532191,"path_taken":["M","?","M","M","M","E","?","E"],"build_version":"2019-02-06","purchased_purges":0,"victory":false,"max_hp_per_floor":[66,66,66,66,66,66,66,66],"card_choices":[{"not_picked":["Bane","Infinite Blades"],"picked":"Dash","floor":1.0},{"not_picked":["Underhanded Strike","Venomology","Prepared"],"picked":"SKIP","floor":3.0},{"not_picked":["Cloak And Dagger","Acrobatics"],"picked":"Outmaneuver","floor":4.0},{"not_picked":["Eviscerate","Dagger Throw","Noxious Fumes"],"picked":"SKIP","floor":5},{"not_picked":["Concentrate","Reflex"],"picked":"Footwork","floor":6}],"player_experience":1435333,"relics_obtained":[{"floor":6,"key":"The Courier"}],"event_choices":[{"cards_removed":["Strike_G"],"damage_healed":0,"gold_gain":0,"player_choice":"Purged","damage_taken":0,"max_hp_gain":0,"max_hp_loss":0,"event_name":"Purifier","floor":7,"gold_loss":0}],"is_beta":true,"boss_relics":[],"items_purged_floors":[],"is_endless":false,"potions_floor_spawned":[3,4],"killed_by":"Lagavulin","ascension_level":20}