{"gold_per_floor":[111,8,20,35,35,35,35,65,119,119,144,144,144,44,44,44],"floor_reached":16,"playtime":277,"items_purged":["Strike_R","Strike_R"],"score":192,"play_id":"3058cbe0-4c60-46d0-bf87-94fff68aa6a3","local_time":"20190311012447","is_ascension_mode":true,"campfire_choices":[{"data":"Carnage","floor":6,"key":"SMITH"},{"data":"True Grit","floor":10,"key":"SMITH"},{"data":"Bash","floor":12,"key":"SMITH"},{"data":"Power Through","floor":15,"key":"SMITH"}],"neow_cost":"NONE","seed_source_timestamp":53201575215230,"circlet_count":0,"master_deck":["AscendersBane","Strike_R","Strike_R","Strike_R","Defend_R","Defend_R","Defend_R","Defend_R","Bash+1","Carnage+1","True Grit+1","Carnage+1","Shrug It Off","Power Through+1","Doubt","Decay"],"relics":["Cursed Key","Art of War","Magic Flower","Bronze Scales","Oddly Smooth Stone"],"potions_floor_usage":[],"damage_taken":[{"damage":1,"enemies":"Cultist","floor":1,"turns":4},{"damage":0,"enemies":"2 Louse","floor":3,"turns":2},{"damage":7,"enemies":"Jaw Worm","floor":4,"turns":2},{"damage":15,"enemies":"3 Sentries","floor":8,"turns":8},{"damage":27,"enemies":"The Guardian","floor":16,"turns":5}],"seed_played":"-7652265061862543535","potions_obtained":[{"floor":1,"key":"Ancient Potion"}],"is_trial":false,"path_per_floor":["M","$","M","M","?","R","?","E","T","R","T","R","?","$","R","B"],"character_chosen":"IRONCLAD","items_purchased":["True Grit"],"campfire_rested":0,"item_purchase_floors":[2],"current_hp_per_floor":[67,67,67,60,60,60,42,27,27,27,27,27,27,27,27,0],"gold":44,"neow_bonus":"BOSS_RELIC","is_prod":false,"is_daily":false,"chose_seed":false,"campfire_upgraded":4,"win_rate":0,"timestamp":1552238687,"path_taken":["M","$","M","M","?","R","?","E","T","R","?","R","?","$","R","BOSS"],"build_version":"2019-01-23","purchased_purges":2,"victory":false,"max_hp_per_floor":[75,75,75,75,75,75,75,75,75,75,75,75,75,75,75,75],"card_choices":[{"not_picked":["Perfected Strike","Twin Strike"],"picked":"Carnage","floor":1},{"not_picked":["Wild Strike","Clothesline"],"picked":"Carnage","floor":3},{"not_picked":["True Grit","Clash"],"picked":"Shrug It Off","floor":4},{"not_picked":["Dropkick","Cleave"],"picked":"Power Through","floor":8}],"player_experience":3467806,"relics_obtained":[{"floor":8,"key":"Magic Flower"},{"floor":9,"key":"Bronze Scales"},{"floor":11,"key":"Oddly Smooth Stone"}],"event_choices":[{"damage_healed":0,"gold_gain":0,"player_choice":"Leave","damage_taken":0,"max_hp_gain":0,"max_hp_loss":0,"event_name":"The Cleric","floor":5,"gold_loss":0},{"damage_healed":0,"gold_gain":0,"player_choice":"Success","damage_taken":18,"relics_obtained":["Art of War"],"max_hp_gain":0,"max_hp_loss":0,"event_name":"Scrap Ooze","floor":7,"gold_loss":0},{"damage_healed":0,"gold_gain":0,"player_choice":"Upgraded","damage_taken":0,"max_hp_gain":0,"max_hp_loss":0,"event_name":"Upgrade Shrine","floor":13,"gold_loss":0,"cards_upgraded":["Carnage"]}],"is_beta":false,"boss_relics":[],"items_purged_floors":[2,14],"is_endless":false,"potions_floor_spawned":[1],"killed_by":"The Guardian","ascension_level":20}