{"gold_per_floor":[113,70,70,89,89,89,121,121,121,121,147,147,175,187,187,265,265,283,294,294,306,319,319,347,347,347,357,457,475,183,208,208,280,280,295,295,309,309,309,309,357,357,383,413,460,480,515,531,531,531,531],"floor_reached":51,"playtime":1979,"items_purged":["Decay"],"score":1607,"play_id":"c2d19560-1902-4366-88c1-543fae6d58c9","local_time":"20190311122520","is_ascension_mode":true,"campfire_choices":[{"data":"Searing Blow","floor":6.0,"key":"SMITH"},{"data":"Searing Blow+1","floor":10.0,"key":"SMITH"},{"data":"Searing Blow+2","floor":12.0,"key":"SMITH"},{"data":"Searing Blow+3","floor":15.0,"key":"SMITH"},{"data":"Searing Blow+5","floor":23.0,"key":"SMITH"},{"data":"Searing Blow+6","floor":25.0,"key":"SMITH"},{"data":"Searing Blow+7","floor":32.0,"key":"SMITH"},{"data":"Searing Blow+9","floor":40.0,"key":"SMITH"},{"data":"Searing Blow+10","floor":42.0,"key":"SMITH"},{"floor":49,"key":"RECALL"}],"neow_cost":"NONE","seed_source_timestamp":2145277275295,"circlet_count":0,"master_deck":["AscendersBane","Bash+1","Feel No Pain","Searing Blow+12","Power Through","Battle Trance","Offering","Evolve+1","Regret","Phantasmal Killer","Clothesline+1","Fire Breathing+1","Wild Strike+1","Seeing Red","Body Slam+1","Body Slam+1","Sentinel","Limit Break","Coolheaded+1","Second Wind","Injury","Doubt","Terror","Acrobatics"],"special_seed":0,"relics":["Burning Blood","NeowsBlessing","Potion Belt","Champion Belt","Sundial","Darkstone Periapt","Molten Egg 2","Cursed Key","Matryoshka","Frozen Egg 2","Charon\u0027s Ashes","Mummified Hand","PrismaticShard","Gremlin Horn","Orichalcum","Pandora\u0027s Box","Ginger","Whetstone","Bird Faced Urn","Bag of Marbles","Bottled Flame"],"potions_floor_usage":[47,51,51],"damage_taken":[{"damage":0.0,"enemies":"2 Louse","floor":1.0,"turns":1.0},{"damage":0.0,"enemies":"Cultist","floor":4.0,"turns":1.0},{"damage":0.0,"enemies":"Gremlin Nob","floor":7.0,"turns":1.0},{"damage":42.0,"enemies":"Lagavulin","floor":11.0,"turns":11.0},{"damage":13.0,"enemies":"3 Sentries","floor":13.0,"turns":12.0},{"damage":0.0,"enemies":"Small Slimes","floor":14.0,"turns":3.0},{"damage":18.0,"enemies":"Hexaghost","floor":16.0,"turns":9.0},{"damage":6.0,"enemies":"Shell Parasite","floor":18.0,"turns":1.0},{"damage":6.0,"enemies":"Chosen","floor":19.0,"turns":3.0},{"damage":6.0,"enemies":"Snake Plant","floor":21.0,"turns":2.0},{"damage":21.0,"enemies":"Centurion and Healer","floor":22.0,"turns":5.0},{"damage":6.0,"enemies":"Book of Stabbing","floor":24.0,"turns":3.0},{"damage":14.0,"enemies":"Cultist and Chosen","floor":27.0,"turns":5.0},{"damage":12.0,"enemies":"Colosseum Slavers","floor":28.0,"turns":3.0},{"damage":7.0,"enemies":"Colosseum Nobs","floor":28.0,"turns":4.0},{"damage":0.0,"enemies":"Sentry and Sphere","floor":29.0,"turns":4.0},{"damage":57.0,"enemies":"Champ","floor":33.0,"turns":8.0},{"damage":26.0,"enemies":"3 Shapes","floor":35.0,"turns":2.0},{"damage":25.0,"enemies":"3 Darklings","floor":37.0,"turns":3.0},{"damage":9.0,"enemies":"2 Orb Walkers","floor":41.0,"turns":2.0},{"damage":11.0,"enemies":"Giant Head","floor":44.0,"turns":4.0},{"damage":6.0,"enemies":"4 Shapes","floor":46.0,"turns":3.0},{"damage":11,"enemies":"Reptomancer","floor":47,"turns":3},{"damage":10,"enemies":"Jaw Worm Horde","floor":48,"turns":3},{"damage":49,"enemies":"Donu and Deca","floor":50,"turns":4},{"damage":19,"enemies":"Time Eater","floor":51,"turns":4}],"seed_played":"3225367042657084481","potions_obtained":[{"floor":11.0,"key":"PowerPotion"},{"floor":14.0,"key":"Fire Potion"},{"floor":16.0,"key":"FearPotion"},{"floor":18.0,"key":"BloodPotion"},{"floor":19.0,"key":"Poison Potion"},{"floor":28.0,"key":"Fruit Juice"},{"floor":29.0,"key":"Regen Potion"},{"floor":35.0,"key":"LiquidBronze"},{"floor":41.0,"key":"Dexterity Potion"},{"floor":46.0,"key":"Swift Potion"},{"floor":47,"key":"SpeedPotion"},{"floor":48,"key":"Weak Potion"}],"is_trial":false,"path_per_floor":["M","$","?","M","?","R","E","?","T","R","E","R","E","M","R","B",null,"M","M","?","M","M","R","E","R","T","M","?","M","$","T","R","B",null,"M","?","M","?","?","R","?","R","T","E","T","M","E","M","R","B","B"],"character_chosen":"IRONCLAD","items_purchased":["Feel No Pain","PrismaticShard"],"campfire_rested":0,"item_purchase_floors":[2,30],"current_hp_per_floor":[74,74,74,75,75,75,75,68,68,68,32,32,25,31,31,19,61,61,61,61,61,53,53,53,53,59,51,44,50,50,56,56,25,75,55,55,36,36,36,36,33,33,39,34,40,46,47,49,49,12,0],"gold":531,"neow_bonus":"THREE_ENEMY_KILL","is_prod":false,"is_daily":false,"chose_seed":false,"campfire_upgraded":9,"win_rate":0,"timestamp":1552278320,"path_taken":["M","$","?","?","?","R","E","?","T","R","E","R","E","M","R","BOSS","M","M","?","?","M","R","E","R","T","M","?","M","$","?","R","BOSS","M","?","?","?","?","R","?","R","T","E","?","M","E","M","R","BOSS","BOSS"],"build_version":"2019-01-23","purchased_purges":1,"victory":false,"max_hp_per_floor":[75,75,75,75,75,75,75,75,75,75,75,75,75,75,75,75,75,75,75,75,75,75,75,75,75,81,81,81,81,81,87,87,92,92,92,92,92,92,92,92,92,92,98,98,104,104,104,104,104,104,104],"card_choices":[{"not_picked":["Perfected Strike","Havoc"],"picked":"Clash","floor":1.0},{"not_picked":["Infernal Blade","Exhume"],"picked":"Searing Blow","floor":4.0},{"not_picked":["Combust","Shrug It Off"],"picked":"Power Through","floor":7.0},{"not_picked":["Clash","Wild Strike","Bloodletting"],"picked":"SKIP","floor":11.0},{"not_picked":["Wild Strike","Clash"],"picked":"Battle Trance","floor":13.0},{"not_picked":["Clash+1","Thunderclap+1","Warcry"],"picked":"SKIP","floor":14.0},{"not_picked":["Bludgeon+1","Brutality"],"picked":"Offering","floor":16.0},{"not_picked":["Anger+1","Shrug It Off","Whirlwind+1"],"picked":"SKIP","floor":18.0},{"not_picked":["Sever Soul+1","Metallicize","Rampage+1"],"picked":"SKIP","floor":19.0},{"not_picked":["Warcry","Sword Boomerang+1","Cleave+1"],"picked":"SKIP","floor":21.0},{"not_picked":["Corruption","Whirlwind+1","Headbutt+1"],"picked":"SKIP","floor":22.0},{"not_picked":["Dark Embrace","Carnage+1","Headbutt+1"],"picked":"SKIP","floor":24.0},{"not_picked":["True Grit","Clothesline+1","Headbutt+1"],"picked":"SKIP","floor":27.0},{"not_picked":["Pommel Strike+1","Disarm"],"picked":"Evolve+1","floor":28.0},{"not_picked":["Burning Pact","Headbutt+1","Rage"],"picked":"SKIP","floor":29.0},{"not_picked":["Biased Cognition+1","Apotheosis"],"picked":"Phantasmal Killer","floor":33.0},{"not_picked":["Leap","Capacitor+1"],"picked":"Coolheaded+1","floor":35.0},{"not_picked":["Quick Slash+1","BootSequence","Inflame+1"],"picked":"SKIP","floor":37.0},{"not_picked":["Ball Lightning+1","Pommel Strike+1"],"picked":"Second Wind","floor":41.0},{"not_picked":["Heel Hook+1","Dagger Throw+1","Feel No Pain+1"],"picked":"SKIP","floor":44.0},{"not_picked":["Terror","Stack+1","Clash+1"],"picked":"SKIP","floor":46.0},{"not_picked":["Stack+1","Clash+1"],"picked":"Terror","floor":46.0},{"not_picked":["Outmaneuver","Accuracy+1","Gash+1"],"picked":"SKIP","floor":47},{"not_picked":["Hemokinesis+1","Rip and Tear+1"],"picked":"Acrobatics","floor":48}],"player_experience":3472989,"relics_obtained":[{"floor":7.0,"key":"Champion Belt"},{"floor":9.0,"key":"Sundial"},{"floor":11.0,"key":"Darkstone Periapt"},{"floor":13.0,"key":"Molten Egg 2"},{"floor":24.0,"key":"Matryoshka"},{"floor":26.0,"key":"Frozen Egg 2"},{"floor":28.0,"key":"Charon\u0027s Ashes"},{"floor":28.0,"key":"Mummified Hand"},{"floor":31.0,"key":"Gremlin Horn"},{"floor":31.0,"key":"Orichalcum"},{"floor":41.0,"key":"Ginger"},{"floor":43.0,"key":"Whetstone"},{"floor":44.0,"key":"Bird Faced Urn"},{"floor":45.0,"key":"Bag of Marbles"},{"floor":47,"key":"Bottled Flame"}],"event_choices":[{"cards_removed":["Clash"],"damage_healed":0.0,"max_hp_gain":0.0,"max_hp_loss":0.0,"gold_gain":0.0,"event_name":"WeMeetAgain","player_choice":"Gave Card","floor":3.0,"gold_loss":0.0,"damage_taken":0.0,"relics_obtained":["Potion Belt"]},{"damage_healed":0.0,"max_hp_gain":0.0,"max_hp_loss":0.0,"gold_gain":0.0,"event_name":"Liars Game","player_choice":"Ignored","floor":5.0,"gold_loss":0.0,"damage_taken":0.0},{"cards_removed":["Strike_R"],"damage_healed":0.0,"max_hp_gain":0.0,"max_hp_loss":0.0,"gold_gain":0.0,"event_name":"Golden Wing","player_choice":"Card Removal","floor":8.0,"gold_loss":0.0,"damage_taken":7.0},{"damage_healed":0.0,"max_hp_gain":0.0,"max_hp_loss":0.0,"gold_gain":0.0,"event_name":"Upgrade Shrine","player_choice":"Upgraded","floor":20.0,"gold_loss":0.0,"damage_taken":0.0,"cards_upgraded":["Searing Blow"]},{"damage_healed":0.0,"max_hp_gain":0.0,"max_hp_loss":0.0,"gold_gain":0.0,"event_name":"Colosseum","player_choice":"Fight","floor":28.0,"gold_loss":0.0,"damage_taken":0.0},{"damage_healed":0.0,"max_hp_gain":0.0,"max_hp_loss":0.0,"gold_gain":0.0,"event_name":"Colosseum","player_choice":"Fought Nobs","floor":28.0,"gold_loss":0.0,"damage_taken":0.0},{"damage_healed":0.0,"max_hp_gain":0.0,"max_hp_loss":0.0,"gold_gain":0.0,"event_name":"Accursed Blacksmith","player_choice":"Forge","floor":36.0,"gold_loss":0.0,"damage_taken":0.0,"cards_upgraded":["Searing Blow"]},{"damage_healed":0.0,"max_hp_gain":0.0,"max_hp_loss":0.0,"gold_gain":0.0,"event_name":"SensoryStone","player_choice":"Memory 1","floor":38.0,"gold_loss":0.0,"damage_taken":0.0},{"damage_healed":0.0,"max_hp_gain":0.0,"max_hp_loss":0.0,"gold_gain":0.0,"event_name":"Tomb of Lord Red Mask","player_choice":"Ignored","floor":39.0,"gold_loss":0.0,"damage_taken":0.0},{"damage_healed":0.0,"max_hp_gain":0.0,"max_hp_loss":0.0,"gold_gain":0.0,"event_name":"Mysterious Sphere","player_choice":"Fight","floor":41.0,"gold_loss":0.0,"damage_taken":0.0}],"is_beta":false,"boss_relics":[{"not_picked":["White Beast Statue","Runic Cube"],"picked":"Cursed Key"},{"not_picked":["Astrolabe","Calling Bell"],"picked":"Pandora\u0027s Box"}],"items_purged_floors":[30],"is_endless":false,"potions_floor_spawned":[11,14,16,18,19,28,29,35,41,46,47,48],"killed_by":"Time Eater","ascension_level":20}