{"path_per_floor":["M","$","M","?","?","R","M","?","T","M","?","?","M","M","R"],"character_chosen":"THE_SILENT","items_purchased":["Footwork"],"gold_per_floor":[113,32,47,47,222,222,235,235,259,275,295,295,314,334,334],"floor_reached":16,"campfire_rested":1,"playtime":1402,"current_hp_per_floor":[62,62,62,62,62,62,62,62,62,56,37,23,20,17,38],"items_purged":[],"gold":334,"score":92,"play_id":"c91aec3f-885e-496c-a57e-48bc8f0f08b0","is_prod":false,"is_daily":false,"is_ascension_mode":false,"campfire_upgraded":1,"path_taken":["M","$","M","?","?","R","?","?","T","?","?","?","?","M","R","BOSS"],"build_version":"2018-02-22-PROD2","purchased_purges":0,"victory":false,"master_deck":["Defend_G","Defend_G","Defend_G","Defend_G+1","Strike_G","Strike_G","Strike_G","Strike_G","Survivor","Neutralize","Clumsy","Tactician+1","Infinite Blades","Backflip+1","Footwork","All Out Attack","Distraction","Dodge and Roll","Doppelganger","Masterful Stab","Terror"],"max_hp_per_floor":[70,70,70,70,70,70,70,70,70,70,70,70,70,70,70],"relics":["Ring of the Snake","Vajra","Odd Mushroom"],"card_choices":[{"not_picked":["Terror","Quick Slash"],"picked":"Backflip"},{"not_picked":["Slice","Sucker Punch"],"picked":"All Out Attack"},{"not_picked":["Skewer","Leg Sweep"],"picked":"Distraction"},{"not_picked":["All Out Attack","Sucker Punch"],"picked":"Dodge and Roll"},{"not_picked":["Prepared","Backflip"],"picked":"Doppelganger"},{"not_picked":["Sucker Punch","Choke"],"picked":"Masterful Stab"},{"not_picked":["Dagger Spray","Poisoned Stab"],"picked":"Terror"}],"player_experience":26700,"potions_floor_usage":[10,11,13],"damage_taken":[{"damage":8,"enemies":"2 Louse","floor":1,"turns":3},{"damage":0,"enemies":"Jaw Worm","floor":3,"turns":5},{"damage":0,"enemies":"Small Slimes","floor":7,"turns":4},{"damage":6,"enemies":"Exordium Thugs","floor":10,"turns":5},{"damage":19,"enemies":"The Mushroom Lair","floor":11,"turns":5},{"damage":9,"enemies":"2 Fungi Beasts","floor":13,"turns":4},{"damage":3,"enemies":"Lots of Slimes","floor":14,"turns":4},{"damage":44,"enemies":"Slime Boss","floor":16,"turns":10}],"event_choices":[{"event_name":"The Cleric","player_choice":"Leave","floor":4,"damage_taken":0},{"event_name":"Liars Game","player_choice":"agreed","floor":5,"damage_taken":0},{"event_name":"Purifier","player_choice":"One Purge","floor":8,"damage_taken":0},{"event_name":"Mushrooms","player_choice":"Fought Mushrooms","floor":11,"damage_taken":0},{"event_name":"Shining Light","player_choice":"Entered Light","floor":12,"damage_taken":0}],"boss_relics":[],"potions_floor_spawned":[1,7],"seed_played":"5624356363045109111","killed_by":"Slime Boss","ascension_level":0,"is_trial":false}