{"gold_per_floor":[114,389,405,238,313,313,313,329,383,383,383],"floor_reached":11,"playtime":151,"items_purged":["Regret"],"score":122,"play_id":"aa860dd4-3c08-4547-8720-f0bee6c44d10","local_time":"20190202163404","is_ascension_mode":true,"campfire_choices":[{"data":"Loop","floor":6,"key":"SMITH"}],"neow_cost":"NONE","seed_source_timestamp":15134800521206,"circlet_count":0,"master_deck":["AscendersBane","Strike_B+1","Strike_B","Strike_B+1","Defend_B","Defend_B","Defend_B","Defend_B","Zap","Dualcast","Loop+1","Genetic Algorithm","Heatsinks","Ball Lightning","Recycle"],"relics":["Cracked Core","NeowsBlessing","Orichalcum"],"potions_floor_usage":[],"damage_taken":[{"damage":0,"enemies":"Small Slimes","floor":1,"turns":1},{"damage":0,"enemies":"Cultist","floor":3,"turns":1},{"damage":0,"enemies":"Jaw Worm","floor":8,"turns":1},{"damage":34,"enemies":"3 Sentries","floor":11,"turns":4}],"seed_played":"-2938716598487465345","potions_obtained":[{"floor":3,"key":"SkillPotion"},{"floor":8,"key":"Poison Potion"}],"is_trial":false,"path_per_floor":["M","?","M","$","?","R","?","M","T","?","E"],"character_chosen":"DEFECT","items_purchased":["Heatsinks","Ball Lightning"],"campfire_rested":0,"item_purchase_floors":[4,4],"current_hp_per_floor":[64,64,64,64,53,53,46,46,46,25,0],"gold":383,"neow_bonus":"THREE_ENEMY_KILL","is_prod":false,"is_daily":false,"chose_seed":false,"campfire_upgraded":1,"win_rate":0,"timestamp":1549096444,"path_taken":["M","?","?","?","?","R","?","M","T","?","E"],"build_version":"2019-01-23","purchased_purges":1,"victory":false,"max_hp_per_floor":[71,71,71,71,71,71,71,71,71,71,71],"card_choices":[{"not_picked":["Turbo","Coolheaded"],"picked":"Loop","floor":1},{"not_picked":["Beam Cell","Lockon"],"picked":"Genetic Algorithm","floor":3},{"not_picked":["Conserve Battery","Gash"],"picked":"Recycle","floor":8}],"player_experience":2458258,"relics_obtained":[{"floor":9,"key":"Orichalcum"}],"event_choices":[{"damage_healed":0,"gold_gain":275,"player_choice":"Desecrate","damage_taken":0,"max_hp_gain":0,"max_hp_loss":0,"event_name":"Golden Shrine","floor":2,"gold_loss":0,"cards_obtained":["Regret"]},{"damage_healed":0,"gold_gain":75,"player_choice":"Gather Gold","damage_taken":11,"max_hp_gain":0,"max_hp_loss":0,"event_name":"World of Goop","floor":5,"gold_loss":0},{"cards_removed":["Strike_B"],"damage_healed":0,"gold_gain":0,"player_choice":"Card Removal","damage_taken":7,"max_hp_gain":0,"max_hp_loss":0,"event_name":"Golden Wing","floor":7,"gold_loss":0},{"damage_healed":0,"gold_gain":0,"player_choice":"Entered Light","damage_taken":21,"max_hp_gain":0,"max_hp_loss":0,"event_name":"Shining Light","floor":10,"gold_loss":0,"cards_upgraded":["Strike_B","Strike_B"]}],"is_beta":false,"boss_relics":[],"items_purged_floors":[4],"is_endless":false,"potions_floor_spawned":[3,8],"killed_by":"3 Sentries","ascension_level":20}