{"gold_per_floor":[20,20,20,30,30,59,59,69,69,99,99,174,70,70,70,148,148,160,173,173,173,186,186,212,242,242,252,252,252,90,104,104,181,181,191,191,204,224,272,335,335,370,370,370,389,389,403,0,0,0,0],"floor_reached":51,"playtime":1523,"items_purged":["Strike_B","Defend_B","Strike_B"],"score":1387,"play_id":"6515cb91-29c1-4c9a-ad0a-07a15893d734","local_time":"20181012152026","is_ascension_mode":true,"campfire_choices":[{"data":"Zap","floor":7.0,"key":"SMITH"},{"data":"Electrodynamics","floor":11.0,"key":"SMITH"},{"data":"Dualcast","floor":15.0,"key":"SMITH"},{"floor":23.0,"key":"REST"},{"floor":28.0,"key":"REST"},{"floor":32.0,"key":"REST"},{"floor":41.0,"key":"REST"},{"data":"Fission","floor":44.0,"key":"SMITH"},{"data":"Buffer","floor":49.0,"key":"SMITH"}],"neow_cost":"NO_GOLD","seed_source_timestamp":141262613509071,"circlet_count":0,"master_deck":["Defend_B","Defend_B+1","Defend_B+1","Zap+1","Dualcast+1","AscendersBane","Electrodynamics+1","Ball Lightning","Barrage+1","Fission+1","Leap","Ball Lightning+1","Streamline+1","Barrage+1","Beam Cell+1","Echo Form","Hologram+1","Buffer+1","Conserve Battery+1","Thunder Strike+1"],"special_seed":0,"relics":["Cracked Core","Shuriken","Vajra","Pantograph","Molten Egg 2","Runic Dome","Bag of Preparation","Matryoshka","Anchor","Bottled Tornado","Black Star","Du-Vu Doll","Tiny Chest","Blood Vial","Happy Flower","Lantern","Smiling Mask","Sundial","War Paint"],"potions_floor_usage":[],"damage_taken":[{"damage":0.0,"enemies":"2 Louse","floor":1.0,"turns":1.0},{"damage":0.0,"enemies":"Cultist","floor":4.0,"turns":3.0},{"damage":8.0,"enemies":"Gremlin Nob","floor":6.0,"turns":3.0},{"damage":0.0,"enemies":"Small Slimes","floor":8.0,"turns":2.0},{"damage":25.0,"enemies":"Lagavulin","floor":10.0,"turns":5.0},{"damage":34.0,"enemies":"The Guardian","floor":16.0,"turns":10.0},{"damage":6.0,"enemies":"2 Thieves","floor":18.0,"turns":2.0},{"damage":19.0,"enemies":"Chosen","floor":19.0,"turns":4.0},{"damage":17.0,"enemies":"Colosseum Slavers","floor":20.0,"turns":3.0},{"damage":25.0,"enemies":"Snecko","floor":22.0,"turns":5.0},{"damage":18.0,"enemies":"Gremlin Leader","floor":25.0,"turns":4.0},{"damage":6.0,"enemies":"Sentry and Sphere","floor":27.0,"turns":3.0},{"damage":24.0,"enemies":"Snake Plant","floor":31.0,"turns":3.0},{"damage":29.0,"enemies":"Collector","floor":33.0,"turns":7.0},{"damage":0.0,"enemies":"3 Shapes","floor":35.0,"turns":3.0},{"damage":16.0,"enemies":"3 Darklings","floor":37.0,"turns":3.0},{"damage":0.0,"enemies":"Sphere and 2 Shapes","floor":38.0,"turns":2.0},{"damage":6.0,"enemies":"Mysterious Sphere","floor":39.0,"turns":2.0},{"damage":28.0,"enemies":"2 Orb Walkers","floor":40.0,"turns":3.0},{"damage":7.0,"enemies":"Giant Head","floor":42.0,"turns":5.0},{"damage":26.0,"enemies":"Spire Growth","floor":45.0,"turns":4.0},{"damage":0.0,"enemies":"Transient","floor":47.0,"turns":6.0},{"damage":46,"enemies":"Time Eater","floor":50,"turns":9},{"damage":55,"enemies":"Donu and Deca","floor":51,"turns":4}],"seed_played":"-4670344491283577142","potions_obtained":[{"floor":4.0,"key":"Fire Potion"},{"floor":10.0,"key":"Weak Potion"},{"floor":16.0,"key":"Explosive Potion"},{"floor":22.0,"key":"PowerPotion"},{"floor":31.0,"key":"Block Potion"},{"floor":35.0,"key":"PowerPotion"},{"floor":39.0,"key":"Fire Potion"},{"floor":40.0,"key":"AttackPotion"},{"floor":45.0,"key":"Block Potion"}],"is_trial":false,"path_per_floor":["M","?","?","M","?","E","R","M","T","E","R","?","$","?","R","B",null,"M","M","?","?","M","R","T","E","T","M","R","?","$","M","R","B",null,"M","?","M","M","?","E","R","E","T","R","M","?","M","$","R","B"],"character_chosen":"DEFECT","items_purchased":["Barrage+1","Beam Cell+1","Thunder Strike+1","War Paint"],"campfire_rested":4,"item_purchase_floors":[13,30,48,48],"current_hp_per_floor":[64,59,59,59,59,51,51,51,51,26,26,15,15,81,81,47,73,67,48,31,31,6,30,30,12,12,6,30,30,30,6,30,26,67,67,67,51,51,45,17,41,36,36,36,12,66,66,66,66,20,0],"gold":0,"neow_bonus":"THREE_RARE_CARDS","is_prod":false,"is_daily":false,"chose_seed":false,"campfire_upgraded":5,"win_rate":0,"timestamp":1539328826,"path_taken":["M","?","?","M","?","E","R","M","T","E","R","?","$","?","R","BOSS","M","M","?","?","?","R","?","E","T","?","R","?","$","M","R","BOSS","M","?","M","?","?","E","R","E","T","R","M","?","M","$","R","BOSS","BOSS"],"build_version":"2018-10-11","purchased_purges":3,"victory":false,"max_hp_per_floor":[71,71,71,71,71,71,71,71,71,71,71,71,71,81,81,81,81,81,81,81,81,81,81,81,81,81,81,81,81,81,81,81,81,81,81,81,81,81,81,81,81,81,81,81,81,66,66,66,66,66,66],"card_choices":[{"not_picked":["Biased Cognition","Amplify"],"picked":"Electrodynamics","floor":0.0},{"not_picked":["Rebound","Steam"],"picked":"Ball Lightning","floor":1.0},{"not_picked":["Undo","Darkness","Sunder"],"picked":"SKIP","floor":4.0},{"not_picked":["White Noise","Chill","Redo"],"picked":"SKIP","floor":6.0},{"not_picked":["Cold Snap","Gash","Doom and Gloom"],"picked":"SKIP","floor":8.0},{"not_picked":["Leap","Undo"],"picked":"Core Surge","floor":10.0},{"not_picked":["All For One+1","Machine Learning"],"picked":"Fission","floor":16.0},{"not_picked":["Rebound+1","Force Field","Hello World"],"picked":"SKIP","floor":18.0},{"not_picked":["Barrage+1","Turbo"],"picked":"Leap","floor":19.0},{"not_picked":["Cold Snap+1","Gash+1"],"picked":"Ball Lightning+1","floor":22.0},{"not_picked":["Loop","Steam Power+1"],"picked":"Streamline+1","floor":25.0},{"not_picked":["Reprogram","Chaos"],"picked":"Barrage+1","floor":27.0},{"not_picked":["Sweeping Beam+1","Steam","Redo"],"picked":"SKIP","floor":31.0},{"not_picked":["Reboot","Fission"],"picked":"Echo Form","floor":33.0},{"not_picked":["Conserve Battery","Beam Cell+1","Stack+1"],"picked":"SKIP","floor":35.0},{"not_picked":["Beam Cell+1","Steam+1"],"picked":"Hologram+1","floor":37.0},{"not_picked":["Redo","Rebound+1","Coolheaded+1"],"picked":"SKIP","floor":38.0},{"not_picked":["Consume","Ball Lightning+1"],"picked":"Buffer","floor":40.0},{"not_picked":["Turbo","Tempest","Genetic Algorithm"],"picked":"SKIP","floor":42.0},{"not_picked":["Ball Lightning+1","Leap+1"],"picked":"Conserve Battery+1","floor":45.0},{"not_picked":["Compile Driver+1","Gash+1","Static Discharge"],"picked":"SKIP","floor":47.0}],"player_experience":308092,"relics_obtained":[{"floor":6.0,"key":"Vajra"},{"floor":9.0,"key":"Pantograph"},{"floor":10.0,"key":"Molten Egg 2"},{"floor":24.0,"key":"Bag of Preparation"},{"floor":25.0,"key":"Matryoshka"},{"floor":26.0,"key":"Anchor"},{"floor":26.0,"key":"Bottled Tornado"},{"floor":39.0,"key":"Du-Vu Doll"},{"floor":40.0,"key":"Tiny Chest"},{"floor":40.0,"key":"Blood Vial"},{"floor":42.0,"key":"Happy Flower"},{"floor":42.0,"key":"Lantern"},{"floor":43.0,"key":"Smiling Mask"},{"floor":43.0,"key":"Sundial"}],"event_choices":[{"event_name":"Scrap Ooze","player_choice":"success","floor":2.0,"damage_taken":5.0},{"event_name":"Purifier","player_choice":"One Purge","floor":3.0,"damage_taken":0.0},{"event_name":"The Cleric","player_choice":"Leave","floor":5.0,"damage_taken":0.0},{"event_name":"World of Goop","player_choice":"Gather Gold","floor":12.0,"damage_taken":0.0},{"event_name":"Bonfire Elementals","player_choice":"RARE","floor":14.0,"damage_taken":0.0},{"event_name":"Colosseum","player_choice":"Fight","floor":20.0,"damage_taken":0.0},{"event_name":"Colosseum","player_choice":"Fled From Nobs","floor":20.0,"damage_taken":0.0},{"event_name":"N\u0027loth","player_choice":"Ignored","floor":21.0,"damage_taken":0.0},{"event_name":"Back to Basics","player_choice":"Elegance","floor":29.0,"damage_taken":0.0},{"event_name":"Tomb of Lord Red Mask","player_choice":"Ignored","floor":36.0,"damage_taken":0.0},{"event_name":"Mysterious Sphere","player_choice":"Fight","floor":39.0,"damage_taken":0.0},{"event_name":"The Moai Head","player_choice":"Heal","floor":46.0,"damage_taken":0.0}],"is_beta":false,"boss_relics":[{"not_picked":["Coffee Dripper","FrozenCore"],"picked":"Runic Dome"},{"not_picked":["White Beast Statue","Pandora\u0027s Box"],"picked":"Black Star"}],"items_purged_floors":[13,30,48],"is_endless":false,"potions_floor_spawned":[4,10,16,22,31,35,39,40,45],"killed_by":"Donu and Deca","ascension_level":20}