{"gold_per_floor":[110,25,42,59,134,134,161,161,232,257,257,272,272,284,284,358,358,369,90,110,110,1,1,101,136,136,166,176,176,201,230,230,304,304,318,47,0,13,13,43,43,78,78,113,125,154,169,187,187,187,212,212,212,17,44,44],"floor_reached":57,"playtime":5132,"items_purged":["Strike_B","Strike_B"],"score":3597,"play_id":"6aa424f3-0fac-4331-9b8e-73d7220a5b8b","local_time":"20190511034737","is_ascension_mode":true,"campfire_choices":[{"data":"Defragment","floor":6.0,"key":"SMITH"},{"floor":8.0,"key":"REST"},{"data":"Capacitor","floor":11.0,"key":"SMITH"},{"data":"Coolheaded","floor":15.0,"key":"SMITH"},{"data":"Fission","floor":23.0,"key":"SMITH"},{"data":"Loop","floor":29.0,"key":"SMITH"},{"data":"Skim","floor":32.0,"key":"SMITH"},{"data":"Seek","floor":41,"key":"SMITH"},{"floor":49,"key":"RECALL"},{"data":"Zap","floor":53,"key":"SMITH"}],"neow_cost":"NONE","seed_source_timestamp":21486068897940,"circlet_count":0,"master_deck":["AscendersBane","Strike_B","Defend_B","Defend_B+1","Defend_B","Defend_B+1","Zap+1","Dualcast+1","Seek+1","Cold Snap","Defragment+1","Chill","Capacitor+1","Electrodynamics","Cold Snap+1","Coolheaded+1","Fission+1","Skim+1","Turbo+1","Loop+1","White Noise","Blizzard+1","Redo+1","Biased Cognition+1","Creative AI+1","Heatsinks+1","Core Surge+1","Double Energy+1","Magnetism+1","Discovery+1","Master of Strategy+1","Coolheaded+1","Defragment+1","Heatsinks+1","Biased Cognition+1","Defragment+1"],"special_seed":0,"relics":["Cracked Core","PreservedInsect","Smiling Mask","Black Star","Membership Card","TheAbacus","Bird Faced Urn","Darkstone Periapt","Mercury Hourglass","Omamori","Toxic Egg 2","Potion Belt","War Paint","Lantern","Orichalcum","Frozen Egg 2","Nuclear Battery","Mummified Hand","Red Mask","Pantograph","Whetstone","Pocketwatch","Calipers","Bottled Lightning","Ancient Tea Set","Regal Pillow","Incense Burner","Art of War","Bag of Preparation","Toy Ornithopter","Centennial Puzzle","Bronze Scales"],"potions_floor_usage":[56,56,56,56],"damage_taken":[{"damage":0.0,"enemies":"Small Slimes","floor":1.0,"turns":3.0},{"damage":0.0,"enemies":"2 Louse","floor":3.0,"turns":2.0},{"damage":0.0,"enemies":"Cultist","floor":4.0,"turns":4.0},{"damage":49.0,"enemies":"Gremlin Nob","floor":7.0,"turns":5.0},{"damage":3.0,"enemies":"Lagavulin","floor":10.0,"turns":7.0},{"damage":8.0,"enemies":"Large Slime","floor":12.0,"turns":4.0},{"damage":2.0,"enemies":"Blue Slaver","floor":14.0,"turns":4.0},{"damage":0.0,"enemies":"The Guardian","floor":16.0,"turns":12.0},{"damage":1.0,"enemies":"Spheric Guardian","floor":18.0,"turns":5.0},{"damage":17.0,"enemies":"Shell Parasite","floor":20.0,"turns":10.0},{"damage":0.0,"enemies":"Colosseum Slavers","floor":24.0,"turns":4.0},{"damage":1.0,"enemies":"Colosseum Nobs","floor":24.0,"turns":3.0},{"damage":0.0,"enemies":"Gremlin Leader","floor":25.0,"turns":4.0},{"damage":7.0,"enemies":"Book of Stabbing","floor":27.0,"turns":5.0},{"damage":16.0,"enemies":"3 Cultists","floor":28.0,"turns":5.0},{"damage":24.0,"enemies":"Gremlin Leader","floor":31.0,"turns":5.0},{"damage":0.0,"enemies":"Automaton","floor":33.0,"turns":10.0},{"damage":2,"enemies":"3 Darklings","floor":35,"turns":3},{"damage":0,"enemies":"3 Shapes","floor":38,"turns":1},{"damage":10,"enemies":"Nemesis","floor":40,"turns":3},{"damage":0,"enemies":"Reptomancer","floor":42,"turns":2},{"damage":0,"enemies":"Giant Head","floor":44,"turns":1},{"damage":0,"enemies":"Sphere and 2 Shapes","floor":45,"turns":2},{"damage":0,"enemies":"Nemesis","floor":46,"turns":1},{"damage":0,"enemies":"Jaw Worm Horde","floor":47,"turns":2},{"damage":0,"enemies":"Spire Growth","floor":48,"turns":1},{"damage":0,"enemies":"Donu and Deca","floor":50,"turns":2},{"damage":0,"enemies":"Time Eater","floor":51,"turns":8},{"damage":0,"enemies":"Shield and Spear","floor":55,"turns":1},{"damage":8,"enemies":"The Heart","floor":56,"turns":5}],"seed_played":"1613335979859458869","potions_obtained":[{"floor":3.0,"key":"Energy Potion"},{"floor":7.0,"key":"FocusPotion"},{"floor":27.0,"key":"AttackPotion"},{"floor":28.0,"key":"FearPotion"},{"floor":31.0,"key":"Poison Potion"},{"floor":42,"key":"Dexterity Potion"},{"floor":48,"key":"LiquidBronze"},{"floor":55,"key":"FearPotion"}],"is_trial":false,"path_per_floor":["M","$","M","M","?","R","E","R","T","E","R","M","?","M","R","B",null,"M","$","M","?","$","R","?","E","T","E","M","R","T","E","R","B",null,"M","$","?","M","?","E","R","E","T","E","M","E","M","M","R","B","B",null,"R","$","E","B",null],"character_chosen":"DEFECT","items_purchased":["Defragment","Membership Card","TheAbacus","Core Surge","Mummified Hand","Double Energy+1","Bag of Preparation","Toy Ornithopter"],"campfire_rested":1,"item_purchase_floors":[2,19,22,36,36,36,54,54],"current_hp_per_floor":[64,64,64,64,53,53,4,25,25,22,22,14,14,12,12,12,56,55,55,38,38,38,38,37,45,45,48,42,42,42,32,32,44,64,71,71,71,71,61,71,71,71,71,71,71,71,71,71,71,71,71,71,71,71,71,71],"gold":44,"neow_bonus":"ONE_RANDOM_RARE_CARD","is_prod":false,"is_daily":false,"chose_seed":false,"campfire_upgraded":8,"win_rate":0,"timestamp":1557517657,"path_taken":["M","$","M","M","?","R","E","R","T","E","R","M","?","M","R","BOSS","M","$","M","?","?","R","?","E","T","E","M","R","?","E","R","BOSS","BOSS","M","$","?","M","?","E","R","E","T","E","M","E","M","M","R","BOSS","BOSS","R","$","E","BOSS"],"build_version":"2019-01-23","purchased_purges":2,"victory":true,"max_hp_per_floor":[71,71,71,71,71,71,71,71,71,71,71,71,71,71,71,71,71,71,71,71,71,71,71,71,71,71,71,71,71,71,71,71,71,71,71,71,71,71,71,71,71,71,71,71,71,71,71,71,71,71,71,71,71,71,71,71],"card_choices":[{"not_picked":["Force Field","Leap"],"picked":"Cold Snap","floor":1.0},{"not_picked":["Tempest","Beam Cell"],"picked":"Chill","floor":3.0},{"not_picked":["Sweeping Beam","Cold Snap"],"picked":"Capacitor","floor":4.0},{"not_picked":["Leap","Sweeping Beam","Hyperbeam"],"picked":"SKIP","floor":7.0},{"not_picked":["Barrage","Cold Snap"],"picked":"Electrodynamics","floor":10.0},{"not_picked":["Stack","Redo"],"picked":"Cold Snap","floor":12.0},{"not_picked":["Gash","Beam Cell"],"picked":"Coolheaded","floor":14.0},{"not_picked":["All For One","Reboot"],"picked":"Fission","floor":16.0},{"not_picked":["Compile Driver","Streamline"],"picked":"Skim","floor":18.0},{"not_picked":["Undo","Gash"],"picked":"Turbo+1","floor":20.0},{"not_picked":["Hologram","Barrage"],"picked":"Loop","floor":24.0},{"not_picked":["Compile Driver+1","Stack"],"picked":"White Noise","floor":25.0},{"not_picked":["Rebound","Force Field+1"],"picked":"Blizzard+1","floor":27.0},{"not_picked":["Redo+1","Sweeping Beam+1","Rip and Tear"],"picked":"SKIP","floor":28.0},{"not_picked":["Sweeping Beam+1","Rip and Tear"],"picked":"Redo+1","floor":28.0},{"not_picked":["Doom and Gloom","Turbo+1"],"picked":"Biased Cognition","floor":31.0},{"not_picked":["Amplify+1","Core Surge"],"picked":"Creative AI+1","floor":33},{"not_picked":["Go for the Eyes","Conserve Battery+1"],"picked":"Heatsinks+1","floor":35},{"not_picked":["Cold Snap","Stack+1","Chill+1"],"picked":"SKIP","floor":38},{"not_picked":["Purity+1","PanicButton+1"],"picked":"Magnetism+1","floor":39},{"not_picked":["Blind+1","Trip+1"],"picked":"Discovery+1","floor":39},{"not_picked":["Good Instincts+1","Bandage Up+1"],"picked":"Master of Strategy+1","floor":39},{"not_picked":["Chaos+1","Stack+1","Conserve Battery+1"],"picked":"SKIP","floor":40},{"not_picked":["Ball Lightning","Doom and Gloom+1"],"picked":"Coolheaded+1","floor":42},{"not_picked":["Gash+1","Streamline"],"picked":"Defragment+1","floor":44},{"not_picked":["Ball Lightning","Auto Shields+1"],"picked":"Heatsinks+1","floor":45},{"not_picked":["Aggregate+1","Chaos+1","Chill+1"],"picked":"SKIP","floor":46},{"not_picked":["Sunder","Coolheaded+1"],"picked":"Biased Cognition+1","floor":47},{"not_picked":["Darkness+1","Beam Cell","Hello World+1"],"picked":"SKIP","floor":48},{"not_picked":["Thunder Strike","Steam Power+1"],"picked":"Defragment+1","floor":55}],"player_experience":4681952,"relics_obtained":[{"floor":7.0,"key":"PreservedInsect"},{"floor":10.0,"key":"Smiling Mask"},{"floor":24.0,"key":"Bird Faced Urn"},{"floor":24.0,"key":"Darkstone Periapt"},{"floor":25.0,"key":"Mercury Hourglass"},{"floor":25.0,"key":"Omamori"},{"floor":26.0,"key":"Toxic Egg 2"},{"floor":27.0,"key":"Potion Belt"},{"floor":27.0,"key":"War Paint"},{"floor":30.0,"key":"Lantern"},{"floor":31.0,"key":"Orichalcum"},{"floor":31.0,"key":"Frozen Egg 2"},{"floor":40,"key":"Pantograph"},{"floor":40,"key":"Whetstone"},{"floor":42,"key":"Pocketwatch"},{"floor":42,"key":"Calipers"},{"floor":43,"key":"Bottled Lightning"},{"floor":44,"key":"Ancient Tea Set"},{"floor":44,"key":"Regal Pillow"},{"floor":46,"key":"Incense Burner"},{"floor":46,"key":"Art of War"},{"floor":55,"key":"Centennial Puzzle"},{"floor":55,"key":"Bronze Scales"}],"event_choices":[{"damage_healed":0.0,"max_hp_gain":0.0,"max_hp_loss":0.0,"gold_gain":75.0,"event_name":"World of Goop","player_choice":"Gather Gold","floor":5.0,"gold_loss":0.0,"damage_taken":11.0},{"damage_healed":0.0,"max_hp_gain":0.0,"max_hp_loss":0.0,"gold_gain":0.0,"event_name":"Living Wall","player_choice":"Grow","floor":13.0,"gold_loss":0.0,"damage_taken":0.0,"cards_upgraded":["Dualcast"]},{"cards_removed":["Strike_B"],"damage_healed":0.0,"max_hp_gain":0.0,"max_hp_loss":0.0,"gold_gain":0.0,"event_name":"Wheel of Change","player_choice":"Card Removal","floor":21.0,"gold_loss":0.0,"damage_taken":0.0},{"damage_healed":0.0,"max_hp_gain":0.0,"max_hp_loss":0.0,"gold_gain":0.0,"event_name":"Colosseum","player_choice":"Fight","floor":24.0,"gold_loss":0.0,"damage_taken":0.0},{"damage_healed":0.0,"max_hp_gain":0.0,"max_hp_loss":0.0,"gold_gain":0.0,"event_name":"Colosseum","player_choice":"Fought Nobs","floor":24.0,"gold_loss":0.0,"damage_taken":0.0},{"damage_healed":0,"gold_gain":0,"player_choice":"Paid","damage_taken":0,"relics_obtained":["Red Mask"],"max_hp_gain":0,"max_hp_loss":0,"event_name":"Tomb of Lord Red Mask","floor":37,"gold_loss":47},{"damage_healed":0,"gold_gain":0,"player_choice":"Memory 3","damage_taken":10,"max_hp_gain":0,"max_hp_loss":0,"event_name":"SensoryStone","floor":39,"gold_loss":0}],"is_beta":false,"boss_relics":[{"not_picked":["Calling Bell","White Beast Statue"],"picked":"Black Star"},{"not_picked":["Philosopher\u0027s Stone","Lizard Tail"],"picked":"Nuclear Battery"}],"items_purged_floors":[19,36],"is_endless":false,"potions_floor_spawned":[3,7,10,12,27,28,31,42,44,48,55],"ascension_level":20}