{"gold_per_floor":[112,130,55,75,87,87,101,120,175,175,207,207,207,223,223,297,297,313,340,352,368,293,293,311,322,345,379,391,423,423,423,423,497,497,517,359,372,72,83,111,123,151,151,186,203,237,253,284,284,284,284,284,284,46,74,74],"floor_reached":57,"playtime":2029,"items_purged":["Strike_G","All Out Attack","Deadly Poison+1","Acrobatics"],"score":3646,"play_id":"929ac87e-0873-4cfb-8782-bfe6705d631d","local_time":"20190806145252","is_ascension_mode":true,"campfire_choices":[{"data":"A Thousand Cuts","floor":6.0,"key":"SMITH"},{"floor":10.0,"key":"REST"},{"data":"Deadly Poison","floor":12.0,"key":"SMITH"},{"data":"Neutralize","floor":15.0,"key":"SMITH"},{"floor":23.0,"key":"REST"},{"floor":30,"key":"REST"},{"data":"Prepared","floor":32,"key":"SMITH"},{"floor":49,"key":"RECALL"},{"data":"Acrobatics","floor":53,"key":"SMITH"}],"neow_cost":"PERCENT_DAMAGE","seed_source_timestamp":854461330247400,"circlet_count":0,"master_deck":["AscendersBane","Survivor+1","Neutralize+1","A Thousand Cuts+1","Adrenaline+1","Grand Finale","Adrenaline","Backflip","Tactician+1","Prepared+1","Reflex+1","Acrobatics+1","Acrobatics+1"],"special_seed":0,"relics":["Ring of the Snake","Snake Skull","Gremlin Horn","Runic Pyramid","Red Mask","Strawberry","War Paint","Pandora\u0027s Box","Membership Card","Art of War","Regal Pillow","Mercury Hourglass","Tough Bandages","Orichalcum","Calipers","Bag of Marbles"],"potions_floor_usage":[],"damage_taken":[{"damage":3.0,"enemies":"Cultist","floor":1.0,"turns":5.0},{"damage":4.0,"enemies":"Small Slimes","floor":2.0,"turns":4.0},{"damage":2.0,"enemies":"2 Louse","floor":4.0,"turns":2.0},{"damage":1.0,"enemies":"Lots of Slimes","floor":5.0,"turns":2.0},{"damage":14.0,"enemies":"3 Louse","floor":7.0,"turns":2.0},{"damage":2.0,"enemies":"Red Slaver","floor":8.0,"turns":4.0},{"damage":13.0,"enemies":"Lagavulin","floor":11.0,"turns":7.0},{"damage":0.0,"enemies":"Looter","floor":14.0,"turns":3.0},{"damage":20.0,"enemies":"The Guardian","floor":16.0,"turns":9.0},{"damage":28.0,"enemies":"Spheric Guardian","floor":18.0,"turns":6.0},{"damage":0.0,"enemies":"Masked Bandits","floor":19.0,"turns":2.0},{"damage":17.0,"enemies":"2 Thieves","floor":20.0,"turns":3.0},{"damage":0.0,"enemies":"Sentry and Sphere","floor":21.0,"turns":3.0},{"damage":0.0,"enemies":"Centurion and Healer","floor":24.0,"turns":3.0},{"damage":0.0,"enemies":"Chosen and Byrds","floor":25.0,"turns":1.0},{"damage":0.0,"enemies":"Gremlin Leader","floor":27.0,"turns":5.0},{"damage":14.0,"enemies":"Snecko","floor":28.0,"turns":4.0},{"damage":5,"enemies":"Book of Stabbing","floor":29,"turns":4},{"damage":9,"enemies":"Collector","floor":33,"turns":7},{"damage":0,"enemies":"Orb Walker","floor":35,"turns":1},{"damage":0,"enemies":"3 Darklings","floor":37,"turns":1},{"damage":0,"enemies":"Spire Growth","floor":39,"turns":1},{"damage":0,"enemies":"Nemesis","floor":40,"turns":1},{"damage":0,"enemies":"4 Shapes","floor":41,"turns":1},{"damage":0,"enemies":"Reptomancer","floor":42,"turns":1},{"damage":0,"enemies":"Nemesis","floor":44,"turns":1},{"damage":0,"enemies":"Maw","floor":45,"turns":1},{"damage":0,"enemies":"Reptomancer","floor":46,"turns":1},{"damage":0,"enemies":"Writhing Mass","floor":47,"turns":1},{"damage":0,"enemies":"Nemesis","floor":48,"turns":1},{"damage":0,"enemies":"Time Eater","floor":50,"turns":2},{"damage":0,"enemies":"Donu and Deca","floor":51,"turns":1},{"damage":0,"enemies":"Shield and Spear","floor":55,"turns":1},{"damage":0,"enemies":"The Heart","floor":56,"turns":5}],"seed_played":"5800761888763467414","potions_obtained":[{"floor":4.0,"key":"Fire Potion"},{"floor":8.0,"key":"Block Potion"},{"floor":16.0,"key":"FearPotion"},{"floor":19.0,"key":"Energy Potion"},{"floor":20.0,"key":"GamblersBrew"},{"floor":27.0,"key":"Fire Potion"},{"floor":28.0,"key":"Weak Potion"},{"floor":33,"key":"SkillPotion"},{"floor":35,"key":"GamblersBrew"},{"floor":55,"key":"GamblersBrew"}],"is_trial":false,"path_per_floor":["M","M","?","M","M","R","M","M","T","R","E","R","?","M","R","B",null,"M","?","M","M","$","R","M","M","T","E","M","E","R","?","R","B",null,"M","$","M","$","M","E","M","E","T","E","M","E","M","E","R","B","B",null,"R","$","E","B",null],"character_chosen":"THE_SILENT","items_purchased":["Acrobatics","Membership Card","Acrobatics","Calipers"],"campfire_rested":3,"item_purchase_floors":[36,38,38,54],"current_hp_per_floor":[41,37,37,35,34,34,20,18,18,37,24,24,24,24,24,4,51,23,23,6,6,6,25,25,25,32,32,18,13,34,34,34,25,61,61,61,61,61,61,61,61,61,61,61,61,61,61,61,61,61,61,70,70,70,70,70],"gold":74,"neow_bonus":"THREE_RARE_CARDS","is_prod":false,"is_daily":false,"chose_seed":false,"campfire_upgraded":5,"win_rate":0,"timestamp":1565074372,"path_taken":["M","?","?","M","M","R","M","M","T","R","E","R","?","M","R","BOSS","M","?","M","M","$","R","M","M","T","E","M","E","R","?","R","BOSS","M","?","M","$","?","E","M","E","T","E","M","E","M","E","R","BOSS","BOSS","R","$","E","BOSS"],"build_version":"2019-07-17","purchased_purges":4,"victory":true,"max_hp_per_floor":[66,66,66,66,66,66,66,66,66,66,66,66,66,66,66,66,66,66,66,66,66,66,66,66,66,73,73,73,73,73,73,73,73,73,73,73,73,73,73,73,73,73,73,73,73,73,73,73,73,73,73,73,73,73,73,73],"card_choices":[{"not_picked":["Night Terror","Bullet Time"],"picked":"A Thousand Cuts","floor":0.0},{"not_picked":["PiercingWail","Poisoned Stab"],"picked":"All Out Attack","floor":1.0},{"not_picked":["Bane","Quick Slash","Distraction"],"picked":"SKIP","floor":2.0},{"not_picked":["Blade Dance","Quick Slash","Finisher"],"picked":"SKIP","floor":4.0},{"not_picked":["Deflect","Backflip"],"picked":"Adrenaline","floor":5.0},{"not_picked":["Backflip","Flying Knee","Bane"],"picked":"SKIP","floor":7.0},{"not_picked":["Underhanded Strike","Flechettes"],"picked":"Grand Finale","floor":8.0},{"not_picked":["Outmaneuver","Dodge and Roll"],"picked":"Deadly Poison","floor":11.0},{"not_picked":["Sucker Punch","Flying Knee","Masterful Stab"],"picked":"SKIP","floor":14.0},{"not_picked":["Malaise","Storm of Steel"],"picked":"Adrenaline","floor":16.0},{"not_picked":["Leg Sweep","Catalyst"],"picked":"Backflip","floor":18.0},{"not_picked":["Escape Plan","Underhanded Strike"],"picked":"Tactician+1","floor":19.0},{"not_picked":["Slice","Flechettes"],"picked":"Prepared","floor":20.0},{"not_picked":["Quick Slash","Blade Dance+1","Flying Knee"],"picked":"SKIP","floor":21.0},{"not_picked":["Well Laid Plans+1","Underhanded Strike","Cloak And Dagger"],"picked":"SKIP","floor":24.0},{"not_picked":["Dash","Quick Slash"],"picked":"Reflex+1","floor":25.0},{"not_picked":["Venomology","Burst","Prepared"],"picked":"SKIP","floor":27.0},{"not_picked":["Dodge and Roll","Tactician","Slice"],"picked":"SKIP","floor":28.0},{"not_picked":["Crippling Poison","Noxious Fumes","Distraction"],"picked":"SKIP","floor":29},{"not_picked":["Cloak And Dagger","Masterful Stab+1","Flying Knee"],"picked":"SKIP","floor":35},{"not_picked":["Cloak And Dagger","Masterful Stab+1","Flying Knee"],"picked":"SKIP","floor":35},{"not_picked":["Underhanded Strike","Accuracy","Cloak And Dagger"],"picked":"SKIP","floor":37},{"not_picked":["Predator","PiercingWail","Acrobatics"],"picked":"SKIP","floor":39},{"not_picked":["Leg Sweep","Sucker Punch+1","Eviscerate"],"picked":"SKIP","floor":40},{"not_picked":["Sucker Punch","Quick Slash"],"picked":"Acrobatics+1","floor":41},{"not_picked":["PiercingWail+1","Tactician","Reflex+1"],"picked":"SKIP","floor":42},{"not_picked":["Outmaneuver","Deadly Poison","Poisoned Stab"],"picked":"SKIP","floor":44},{"not_picked":["Dagger Throw+1","Deadly Poison","Underhanded Strike+1"],"picked":"SKIP","floor":45},{"not_picked":["Tools of the Trade","Bouncing Flask","Slice+1"],"picked":"SKIP","floor":46},{"not_picked":["Flying Knee+1","All Out Attack","Underhanded Strike"],"picked":"SKIP","floor":47},{"not_picked":["Terror","Choke+1","Storm of Steel"],"picked":"SKIP","floor":48},{"not_picked":["Eviscerate+1","Catalyst+1","Deflect"],"picked":"SKIP","floor":55}],"player_experience":736987,"relics_obtained":[{"floor":9.0,"key":"Snake Skull"},{"floor":11.0,"key":"Gremlin Horn"},{"floor":19.0,"key":"Red Mask"},{"floor":26.0,"key":"Strawberry"},{"floor":29,"key":"War Paint"},{"floor":40,"key":"Art of War"},{"floor":42,"key":"Regal Pillow"},{"floor":44,"key":"Mercury Hourglass"},{"floor":46,"key":"Tough Bandages"},{"floor":48,"key":"Orichalcum"},{"floor":55,"key":"Bag of Marbles"}],"event_choices":[{"cards_removed":["Strike_G"],"damage_healed":0.0,"max_hp_gain":0.0,"max_hp_loss":0.0,"gold_gain":0.0,"event_name":"The Cleric","player_choice":"Card Removal","floor":3.0,"gold_loss":75.0,"damage_taken":0.0},{"damage_healed":0.0,"max_hp_gain":0.0,"max_hp_loss":0.0,"gold_gain":0.0,"event_name":"Dead Adventurer","player_choice":"Searched \u00270\u0027 times","floor":13.0,"gold_loss":0.0,"damage_taken":0.0},{"damage_healed":0.0,"max_hp_gain":0.0,"max_hp_loss":0.0,"gold_gain":0.0,"event_name":"Masked Bandits","player_choice":"Fought Bandits","floor":19.0,"gold_loss":0.0,"damage_taken":0.0},{"cards_removed":["Strike_G"],"damage_healed":0,"gold_gain":0,"player_choice":"Purged","damage_taken":0,"max_hp_gain":0,"max_hp_loss":0,"event_name":"Purifier","floor":31,"gold_loss":0}],"is_beta":false,"boss_relics":[{"not_picked":["Runic Dome","Sozu"],"picked":"Runic Pyramid"},{"not_picked":["Fusion Hammer","Empty Cage"],"picked":"Pandora\u0027s Box"}],"items_purged_floors":[22,36,38,54],"is_endless":false,"potions_floor_spawned":[4,8,16,19,20,27,28,33,35,41,42,44,45,48,55],"ascension_level":20}