{"gold_per_floor":[119,45,58,76,91,91,101,131,211,211],"floor_reached":10,"playtime":597,"items_purged":[],"score":140,"play_id":"cbba4e8d-ed91-4eba-92d8-e631e4a1ddb1","local_time":"20190305013223","is_ascension_mode":true,"campfire_choices":[{"data":"Catalyst","floor":6.0,"key":"SMITH"}],"neow_cost":"NONE","seed_source_timestamp":58486098362985,"circlet_count":0,"master_deck":["AscendersBane","Defend_G","Defend_G","Defend_G","Defend_G","Defend_G","Strike_G","Strike_G","Strike_G","Strike_G","Strike_G","Survivor","Neutralize","Outmaneuver","Noxious Fumes","Deadly Poison","Calculated Gamble","Catalyst+1","Tactician+1"],"special_seed":0,"relics":["Runic Pyramid","Toxic Egg 2","Tiny Chest"],"potions_floor_usage":[8,8],"damage_taken":[{"damage":0.0,"enemies":"Jaw Worm","floor":1.0,"turns":5.0},{"damage":0.0,"enemies":"Cultist","floor":3.0,"turns":5.0},{"damage":5.0,"enemies":"2 Louse","floor":4.0,"turns":5.0},{"damage":13.0,"enemies":"Gremlin Gang","floor":5.0,"turns":6.0},{"damage":23.0,"enemies":"Exordium Wildlife","floor":7.0,"turns":7.0},{"damage":9,"enemies":"Gremlin Nob","floor":8,"turns":5},{"damage":5,"enemies":"3 Sentries","floor":10,"turns":2}],"seed_played":"-9086950472736100239","potions_obtained":[{"floor":3.0,"key":"SpeedPotion"},{"floor":4.0,"key":"SkillPotion"},{"floor":7.0,"key":"GhostInAJar"}],"is_trial":false,"path_per_floor":["M","$","M","M","M","R","M","E","T","E"],"character_chosen":"THE_SILENT","items_purchased":["Noxious Fumes"],"campfire_rested":0,"item_purchase_floors":[2],"current_hp_per_floor":[59,59,59,54,41,41,18,9,9,4],"gold":211,"neow_bonus":"BOSS_RELIC","is_prod":false,"is_daily":false,"chose_seed":false,"campfire_upgraded":1,"win_rate":0,"timestamp":1551720743,"path_taken":["M","$","M","M","M","R","M","E","T","E"],"build_version":"2019-01-23","purchased_purges":0,"victory":false,"max_hp_per_floor":[66,66,66,66,66,66,66,66,66,66],"card_choices":[{"not_picked":["Flying Knee","Cloak And Dagger"],"picked":"Outmaneuver","floor":1.0},{"not_picked":["Cloak And Dagger","Outmaneuver"],"picked":"Deadly Poison","floor":3.0},{"not_picked":["All Out Attack","Dodge and Roll"],"picked":"Calculated Gamble","floor":4.0},{"not_picked":["Outmaneuver","Deflect"],"picked":"Catalyst","floor":5.0},{"not_picked":["Skewer","Dodge and Roll","Backstab"],"picked":"SKIP","floor":7.0},{"not_picked":["Phantasmal Killer","Crippling Poison"],"picked":"Tactician","floor":8}],"player_experience":3319921,"relics_obtained":[{"floor":8,"key":"Toxic Egg 2"},{"floor":9,"key":"Tiny Chest"}],"event_choices":[],"is_beta":false,"boss_relics":[],"items_purged_floors":[],"is_endless":false,"potions_floor_spawned":[3,4,7],"killed_by":"3 Sentries","ascension_level":20}