{"path_per_floor":["M","M","?","?","M","E","T","R","T","E","M","$","?","M","R","B",null,"M","?","$","M","?","E","?","E","T","?","M","M","M","M","R"],"character_chosen":"THE_SILENT","items_purchased":["Shuriken","Trip","War Paint","Endless Agony"],"gold_per_floor":[144,189,189,189,234,324,324,324,349,439,484,84,34,79,79,379,379,424,339,71,116,41,131,131,221,221,221,266,311,356,401,401,401],"floor_reached":33,"campfire_rested":3,"playtime":1276,"current_hp_per_floor":[70,65,65,65,58,44,44,65,65,59,59,59,59,59,70,45,70,65,65,65,65,65,40,40,33,33,33,33,31,23,23,44,0],"items_purged":["Defend_G","Defend_G"],"gold":401,"score":322,"play_id":"18672809-9660-467c-b422-c0eeda943999","local_time":"20180426125404","daily_mods":["Diverse","Midas","Binary"],"is_prod":false,"is_daily":true,"chose_seed":false,"is_ascension_mode":false,"campfire_upgraded":0,"timestamp":1524718444,"path_taken":["M","M","?","?","M","E","?","R","T","E","M","$","?","M","R","BOSS","M","?","$","M","?","E","?","E","T","?","M","M","M","M","R","BOSS"],"build_version":"2018-04-19","seed_source_timestamp":0,"purchased_purges":2,"victory":false,"master_deck":["Defend_G","Defend_G+1","Defend_G+1","Strike_G","Strike_G","Survivor","Neutralize","Rampage+1","Prepared","Dagger Throw","Trip","Tools of the Trade","Endless Agony","Acrobatics","After Image","Carnage","Riddle With Holes"],"max_hp_per_floor":[70,70,70,70,70,70,70,70,70,70,70,70,70,70,70,70,70,70,70,70,70,70,70,70,70,70,70,70,70,70,70,70,70],"relics":["Ring of the Snake","Smiling Mask","Tingsha","Lantern","Omamori","Shuriken","Sozu","Happy Flower","War Paint","Prayer Wheel","Pen Nib","Bag of Preparation"],"card_choices":[{"not_picked":["Perfected Strike"],"picked":"Rampage","floor":1},{"not_picked":["Clothesline"],"picked":"Prepared","floor":5},{"not_picked":["Distraction"],"picked":"Dagger Throw","floor":11},{"not_picked":["Burst"],"picked":"Tools of the Trade","floor":16},{"not_picked":["Flex"],"picked":"Acrobatics","floor":21},{"not_picked":["Flex"],"picked":"After Image","floor":25},{"not_picked":["Headbutt"],"picked":"Carnage","floor":29},{"not_picked":["PiercingWail"],"picked":"Riddle With Holes","floor":30}],"player_experience":431417,"potions_floor_usage":[6,10,18,33],"damage_taken":[{"damage":0,"enemies":"Jaw Worm","floor":1,"turns":8},{"damage":5,"enemies":"Small Slimes","floor":2,"turns":5},{"damage":7,"enemies":"2 Louse","floor":5,"turns":4},{"damage":14,"enemies":"Gremlin Nob","floor":6,"turns":4},{"damage":6,"enemies":"3 Sentries","floor":10,"turns":7},{"damage":0,"enemies":"Blue Slaver","floor":11,"turns":4},{"damage":0,"enemies":"3 Louse","floor":14,"turns":2},{"damage":25,"enemies":"The Guardian","floor":16,"turns":9},{"damage":5,"enemies":"3 Byrds","floor":18,"turns":3},{"damage":0,"enemies":"Chosen","floor":21,"turns":3},{"damage":25,"enemies":"Gremlin Leader","floor":23,"turns":5},{"damage":7,"enemies":"Book of Stabbing","floor":25,"turns":4},{"damage":0,"enemies":"Sentry and Sphere","floor":28,"turns":3},{"damage":2,"enemies":"Slaver and Parasite","floor":29,"turns":3},{"damage":8,"enemies":"Snake Plant","floor":30,"turns":3},{"damage":0,"enemies":"Centurion and Healer","floor":31,"turns":4},{"damage":44,"enemies":"Automaton","floor":33,"turns":8}],"event_choices":[{"event_name":"Liars Game","player_choice":"disagreed","floor":3,"damage_taken":0},{"event_name":"Living Wall","player_choice":"Grow","floor":4,"damage_taken":0},{"event_name":"The Cleric","player_choice":"Card Removal","floor":13,"damage_taken":0},{"event_name":"Addict","player_choice":"Obtained Relic","floor":19,"damage_taken":0},{"event_name":"Beggar","player_choice":"Gave Gold","floor":22,"damage_taken":0},{"event_name":"Drug Dealer","player_choice":"Ignored","floor":24,"damage_taken":0},{"event_name":"Back to Basics","player_choice":"Elegance","floor":27,"damage_taken":0}],"boss_relics":[{"not_picked":["Snecko Eye","White Beast Statue"],"picked":"Sozu"}],"potions_floor_spawned":[5,6,10,11,23,28,29],"seed_played":"-4689612834515747258","killed_by":"Automaton","ascension_level":0,"is_trial":false}