{"gold_per_floor":[115,115,134,23,23,52,68,68,125,135,135,60,60,60,60,60],"floor_reached":16,"playtime":206,"items_purged":["Strike_R"],"score":246,"play_id":"58834c58-ed19-4b8b-b448-5a1a5b63c9cd","local_time":"20190210221902","is_ascension_mode":true,"campfire_choices":[{"data":"True Grit","floor":8,"key":"SMITH"},{"data":"Body Slam","floor":11,"key":"SMITH"},{"data":"Uppercut","floor":15,"key":"SMITH"}],"neow_cost":"NONE","seed_source_timestamp":1142758339326737,"circlet_count":0,"master_deck":["AscendersBane","Strike_R","Strike_R","Strike_R","Defend_R","Defend_R","Defend_R","Defend_R","Bash","Uppercut+1","Second Wind","True Grit+1","Body Slam+1"],"relics":["Burning Blood","NeowsBlessing","Ancient Tea Set","Tiny Chest","Ornamental Fan","Torii"],"potions_floor_usage":[10],"damage_taken":[{"damage":0,"enemies":"2 Louse","floor":1,"turns":1},{"damage":0,"enemies":"Small Slimes","floor":3,"turns":1},{"damage":0,"enemies":"Lagavulin","floor":6,"turns":1},{"damage":4,"enemies":"Jaw Worm","floor":7,"turns":4},{"damage":21,"enemies":"Exordium Wildlife","floor":10,"turns":5},{"damage":44,"enemies":"Slime Boss","floor":16,"turns":6}],"seed_played":"2377380409101995509","potions_obtained":[{"floor":3,"key":"BloodPotion"},{"floor":6,"key":"Energy Potion"}],"is_trial":false,"path_per_floor":["M","?","M","$","?","E","M","R","T","M","R","$","?","T","R","B"],"character_chosen":"IRONCLAD","items_purchased":["True Grit","Body Slam"],"campfire_rested":0,"item_purchase_floors":[4,4],"current_hp_per_floor":[74,67,73,73,73,75,75,75,75,67,67,67,49,49,49,5],"gold":60,"neow_bonus":"THREE_ENEMY_KILL","is_prod":false,"is_daily":false,"chose_seed":false,"campfire_upgraded":3,"win_rate":0,"timestamp":1549808342,"path_taken":["M","?","M","$","?","E","?","R","T","M","R","$","?","?","R","BOSS"],"build_version":"2019-01-23","purchased_purges":1,"victory":false,"max_hp_per_floor":[75,75,75,75,75,75,75,75,75,75,75,75,75,75,75,75],"card_choices":[{"not_picked":["Flex","Armaments"],"picked":"Uppercut","floor":1},{"not_picked":["Havoc","Heavy Blade"],"picked":"Second Wind","floor":3},{"not_picked":["Combust","Reaper","Heavy Blade"],"picked":"SKIP","floor":6},{"not_picked":["Cleave","Heavy Blade","Pommel Strike"],"picked":"SKIP","floor":7},{"not_picked":["Pommel Strike","Heavy Blade","Anger"],"picked":"SKIP","floor":10}],"player_experience":718957,"relics_obtained":[{"floor":6,"key":"Ancient Tea Set"},{"floor":9,"key":"Tiny Chest"},{"floor":14,"key":"Torii"}],"event_choices":[{"cards_removed":["Strike_R"],"damage_healed":0,"gold_gain":0,"player_choice":"Card Removal","damage_taken":7,"max_hp_gain":0,"max_hp_loss":0,"event_name":"Golden Wing","floor":2,"gold_loss":0},{"damage_healed":0,"gold_gain":0,"player_choice":"Leave","damage_taken":0,"max_hp_gain":0,"max_hp_loss":0,"event_name":"The Cleric","floor":5,"gold_loss":0},{"damage_healed":0,"gold_gain":0,"player_choice":"Success","damage_taken":18,"relics_obtained":["Ornamental Fan"],"max_hp_gain":0,"max_hp_loss":0,"event_name":"Scrap Ooze","floor":13,"gold_loss":0}],"is_beta":false,"boss_relics":[],"items_purged_floors":[12],"is_endless":false,"potions_floor_spawned":[3,6],"killed_by":"Slime Boss","ascension_level":20}