{"gold_per_floor":[110,122,32,32,47,47,81,81,162,180,180,180],"floor_reached":12,"playtime":271,"items_purged":[],"score":156,"play_id":"3fb23bcf-76cf-41a9-9849-869392f7a258","local_time":"20190101005708","is_ascension_mode":true,"campfire_choices":[{"data":"Consume","floor":6,"key":"SMITH"},{"data":"Loop","floor":8,"key":"SMITH"},{"data":"Capacitor","floor":11,"key":"SMITH"}],"neow_cost":"NONE","seed_source_timestamp":50033437990994,"circlet_count":0,"master_deck":["AscendersBane","Strike_B","Strike_B","Strike_B","Defend_B","Defend_B","Defend_B","Defend_B","Zap","Dualcast","Recycle","Consume+1","Capacitor+1","Rainbow","Loop+1"],"relics":["Cracked Core","NeowsBlessing","Bag of Preparation","Ornamental Fan"],"potions_floor_usage":[12],"damage_taken":[{"damage":0,"enemies":"Small Slimes","floor":1,"turns":1},{"damage":0,"enemies":"2 Louse","floor":2,"turns":1},{"damage":0,"enemies":"Jaw Worm","floor":5,"turns":1},{"damage":25,"enemies":"3 Sentries","floor":7,"turns":6},{"damage":9,"enemies":"2 Fungi Beasts","floor":10,"turns":4},{"damage":30,"enemies":"Gremlin Nob","floor":12,"turns":3}],"seed_played":"7319229206102524965","potions_obtained":[{"floor":1,"key":"Strength Potion"},{"floor":10,"key":"Dexterity Potion"}],"is_trial":false,"path_per_floor":["M","M","$","?","M","R","E","R","T","M","R","E"],"character_chosen":"DEFECT","items_purchased":["Capacitor"],"campfire_rested":0,"item_purchase_floors":[3],"current_hp_per_floor":[64,64,64,64,64,64,39,39,39,30,30,0],"gold":180,"neow_bonus":"THREE_ENEMY_KILL","is_prod":false,"is_daily":false,"chose_seed":false,"campfire_upgraded":3,"win_rate":0,"timestamp":1546275428,"path_taken":["M","M","$","?","M","R","E","R","T","M","R","E"],"build_version":"2018-12-20","purchased_purges":0,"victory":false,"max_hp_per_floor":[71,71,71,71,71,71,71,71,71,71,71,71],"card_choices":[{"not_picked":["Beam Cell","Sweeping Beam"],"picked":"Recycle","floor":1},{"not_picked":["Beam Cell","Coolheaded"],"picked":"Consume","floor":2},{"not_picked":["Sunder","Stack"],"picked":"Loop","floor":5},{"not_picked":["Tempest","Consume","Steam"],"picked":"SKIP","floor":7},{"not_picked":["Doom and Gloom","Compile Driver","BootSequence"],"picked":"SKIP","floor":10}],"player_experience":1629453,"relics_obtained":[{"floor":7,"key":"Bag of Preparation"},{"floor":9,"key":"Ornamental Fan"}],"event_choices":[{"damage_healed":0,"gold_gain":0,"cards_transformed":["Strike_B"],"player_choice":"Change","damage_taken":0,"max_hp_gain":0,"max_hp_loss":0,"event_name":"Living Wall","floor":4,"gold_loss":0,"cards_obtained":["Rainbow"]}],"is_beta":false,"boss_relics":[],"items_purged_floors":[],"is_endless":false,"potions_floor_spawned":[1,10],"killed_by":"Gremlin Nob","ascension_level":20}