{"gold_per_floor":[116,116,41,60,60,60,60,60,60,79,111,126,153,173,173,273,273,284,184,184,203,203,203,229,249,249,174,174,9,20,33,33,33],"floor_reached":33,"playtime":2768,"items_purged":["Defend_G","Strike_G","Strike_G"],"score":300,"play_id":"28158d9e-649a-43fb-8734-5c092842e115","local_time":"20190509213624","is_ascension_mode":false,"campfire_choices":[{"data":"Dagger Spray","floor":6.0,"key":"SMITH"},{"data":"Neutralize","floor":15.0,"key":"SMITH"},{"data":"Cloak And Dagger","floor":23,"key":"SMITH"},{"floor":28,"key":"RECALL"},{"data":"Malaise","floor":32,"key":"SMITH"}],"neow_cost":"NONE","seed_source_timestamp":33827752350914,"circlet_count":0,"master_deck":["Defend_G","Defend_G","Strike_G","Survivor","Neutralize+1","Backflip","Dagger Spray+1","Masterful Stab","Cloak And Dagger+1","Infinite Blades+1","Blade Dance","Malaise+1","A Thousand Cuts+1","Acrobatics","Footwork+1","Infinite Blades+1","Cloak And Dagger"],"special_seed":0,"relics":["Ring of the Snake","Tough Bandages","Frozen Egg 2","Mercury Hourglass","Empty Cage","Singing Bowl","Tingsha","Meat on the Bone"],"potions_floor_usage":[24,24,31],"damage_taken":[{"damage":0.0,"enemies":"2 Louse","floor":1.0,"turns":2.0},{"damage":3.0,"enemies":"Jaw Worm","floor":4.0,"turns":4.0},{"damage":0.0,"enemies":"Small Slimes","floor":10.0,"turns":2.0},{"damage":27.0,"enemies":"Gremlin Nob","floor":11.0,"turns":5.0},{"damage":0.0,"enemies":"Looter","floor":12.0,"turns":3.0},{"damage":4.0,"enemies":"3 Sentries","floor":13.0,"turns":5.0},{"damage":1.0,"enemies":"Blue Slaver","floor":14.0,"turns":3.0},{"damage":8.0,"enemies":"The Guardian","floor":16.0,"turns":15.0},{"damage":0,"enemies":"Spheric Guardian","floor":18,"turns":3},{"damage":28,"enemies":"Shell Parasite","floor":21,"turns":5},{"damage":32,"enemies":"Gremlin Leader","floor":24,"turns":6},{"damage":9,"enemies":"Snecko","floor":25,"turns":5},{"damage":3,"enemies":"Sentry and Sphere","floor":30,"turns":4},{"damage":12,"enemies":"3 Cultists","floor":31,"turns":3},{"damage":47,"enemies":"Champ","floor":33,"turns":13}],"seed_played":"-3503472773445737322","potions_obtained":[{"floor":10.0,"key":"Dexterity Potion"},{"floor":11.0,"key":"Block Potion"},{"floor":14.0,"key":"Regen Potion"},{"floor":16.0,"key":"Weak Potion"},{"floor":24,"key":"EssenceOfSteel"},{"floor":30,"key":"AttackPotion"},{"floor":31,"key":"GhostInAJar"}],"is_trial":false,"path_per_floor":["M","?","$","M","?","R","?","T","T","M","E","M","E","M","R","B",null,"M","$","?","M","?","R","E","M","T","?","R","$","M","M","R","B"],"character_chosen":"THE_SILENT","items_purchased":["Footwork+1"],"campfire_rested":0,"item_purchase_floors":[29],"current_hp_per_floor":[77,82,82,79,79,79,79,79,79,79,52,52,48,47,47,39,82,82,82,82,54,54,54,39,32,32,32,32,32,41,41,41,0],"gold":33,"neow_bonus":"TEN_PERCENT_HP_BONUS","is_prod":false,"is_daily":false,"chose_seed":false,"campfire_upgraded":4,"win_rate":0,"timestamp":1557430584,"path_taken":["M","?","$","M","?","R","?","?","T","?","E","M","E","M","R","BOSS","M","$","?","M","?","R","E","M","T","?","R","?","M","M","R","BOSS"],"build_version":"2019-01-23","purchased_purges":3,"victory":false,"max_hp_per_floor":[77,82,82,82,82,82,82,82,82,82,82,82,82,82,82,82,82,82,82,82,82,82,82,84,86,86,86,86,86,86,86,86,86],"card_choices":[{"not_picked":["Deflect","Sucker Punch"],"picked":"Backflip","floor":1.0},{"not_picked":["Quick Slash","Prepared"],"picked":"Dagger Spray","floor":4.0},{"not_picked":["Flying Knee","Bane"],"picked":"Masterful Stab","floor":10.0},{"not_picked":["Riddle With Holes","Quick Slash"],"picked":"Cloak And Dagger","floor":11.0},{"not_picked":["Slice","Catalyst"],"picked":"Infinite Blades+1","floor":12.0},{"not_picked":["Setup","Heel Hook"],"picked":"Blade Dance","floor":13.0},{"not_picked":["Prepared","Backflip"],"picked":"Malaise","floor":14.0},{"not_picked":["Grand Finale","Unload"],"picked":"A Thousand Cuts+1","floor":16.0},{"not_picked":["Noxious Fumes+1","Bane"],"picked":"Acrobatics","floor":18},{"not_picked":["Bane","Slice","Sucker Punch"],"picked":"SKIP","floor":21},{"not_picked":["Setup","Dash","Quick Slash"],"picked":"Singing Bowl","floor":24},{"not_picked":["Dash","Acrobatics","Bane"],"picked":"Singing Bowl","floor":25},{"not_picked":["Backflip","Endless Agony"],"picked":"Infinite Blades+1","floor":30},{"not_picked":["Dagger Spray","Bouncing Flask"],"picked":"Cloak And Dagger","floor":31}],"player_experience":415474,"relics_obtained":[{"floor":8.0,"key":"Tough Bandages"},{"floor":11.0,"key":"Frozen Egg 2"},{"floor":13.0,"key":"Mercury Hourglass"},{"floor":24,"key":"Tingsha"},{"floor":26,"key":"Meat on the Bone"}],"event_choices":[{"damage_healed":0.0,"max_hp_gain":5.0,"max_hp_loss":0.0,"gold_gain":0.0,"event_name":"Big Fish","player_choice":"Donut","floor":2.0,"gold_loss":0.0,"damage_taken":0.0},{"damage_healed":0.0,"max_hp_gain":0.0,"max_hp_loss":0.0,"gold_gain":0.0,"event_name":"Liars Game","player_choice":"Ignored","floor":5.0,"gold_loss":0.0,"damage_taken":0.0},{"cards_removed":["Defend_G"],"damage_healed":0.0,"max_hp_gain":0.0,"max_hp_loss":0.0,"gold_gain":0.0,"event_name":"Living Wall","player_choice":"Forget","floor":7.0,"gold_loss":0.0,"damage_taken":0.0},{"damage_healed":0,"gold_gain":0,"player_choice":"Ignored","damage_taken":0,"max_hp_gain":0,"max_hp_loss":0,"event_name":"Vampires","floor":20,"gold_loss":0},{"damage_healed":0,"gold_gain":0,"player_choice":"Opened","damage_taken":0,"relics_obtained":["Singing Bowl"],"max_hp_gain":0,"max_hp_loss":0,"event_name":"The Mausoleum","floor":22,"gold_loss":0},{"cards_removed":["Strike_G"],"damage_healed":0,"gold_gain":0,"player_choice":"Gave Gold","damage_taken":0,"max_hp_gain":0,"max_hp_loss":0,"event_name":"Beggar","floor":27,"gold_loss":75}],"is_beta":false,"boss_relics":[{"not_picked":["Ring of the Serpent","Snecko Eye"],"picked":"Empty Cage"}],"items_purged_floors":[3,19,29],"is_endless":false,"potions_floor_spawned":[10,11,14,16,18,24,30,31],"killed_by":"Champ","ascension_level":0}