{"gold_per_floor":[109,66,81,81,97,111,111,111,138,138,138,138,179,195,195,290,290,303,316,350,400,416,416,429,429,452,452,467,467,467],"floor_reached":30,"playtime":3565,"items_purged":[],"score":560,"play_id":"dc9584bb-0842-446f-b7df-679d5fbf361d","local_time":"20190407105503","is_ascension_mode":true,"campfire_choices":[{"data":"Well Laid Plans","floor":7.0,"key":"SMITH"},{"data":"Neutralize","floor":10.0,"key":"SMITH"},{"data":"Survivor","floor":12.0,"key":"SMITH"},{"data":"Venomology","floor":15.0,"key":"SMITH"},{"data":"Deadly Poison","floor":23.0,"key":"SMITH"},{"data":"Night Terror","floor":25.0,"key":"SMITH"},{"data":"Malaise","floor":27.0,"key":"SMITH"}],"neow_cost":"TEN_PERCENT_HP_LOSS","seed_source_timestamp":17519482341568,"circlet_count":0,"master_deck":["AscendersBane","Defend_G","Defend_G","Defend_G","Defend_G","Defend_G","Strike_G","Strike_G","Strike_G","Strike_G","Strike_G","Survivor+1","Neutralize+1","Infinite Blades","Well Laid Plans+1","Poisoned Stab+1","Venomology+1","Malaise+1","Deadly Poison+1","Night Terror+1","Calculated Gamble+1","Leg Sweep"],"special_seed":0,"relics":["Ring of the Snake","Pocketwatch","Snake Skull","Golden Idol","Bag of Preparation","Runic Dome","Red Mask","Art of War"],"potions_floor_usage":[29,29],"damage_taken":[{"damage":0.0,"enemies":"Jaw Worm","floor":1.0,"turns":5.0},{"damage":0.0,"enemies":"Cultist","floor":3.0,"turns":4.0},{"damage":0.0,"enemies":"Small Slimes","floor":5.0,"turns":3.0},{"damage":12.0,"enemies":"3 Louse","floor":6.0,"turns":4.0},{"damage":24.0,"enemies":"Gremlin Nob","floor":13.0,"turns":4.0},{"damage":1.0,"enemies":"Exordium Wildlife","floor":14.0,"turns":6.0},{"damage":0.0,"enemies":"The Guardian","floor":16.0,"turns":11.0},{"damage":0.0,"enemies":"Chosen","floor":18.0,"turns":5.0},{"damage":0.0,"enemies":"3 Byrds","floor":19.0,"turns":4.0},{"damage":16.0,"enemies":"Masked Bandits","floor":20.0,"turns":4.0},{"damage":2.0,"enemies":"Sentry and Sphere","floor":22.0,"turns":5.0},{"damage":0.0,"enemies":"Centurion and Healer","floor":24.0,"turns":7.0},{"damage":9.0,"enemies":"Shelled Parasite and Fungi","floor":28.0,"turns":7.0},{"damage":12,"enemies":"Colosseum Slavers","floor":29,"turns":4},{"damage":19,"enemies":"Chosen and Byrds","floor":30,"turns":5}],"seed_played":"1914079017525562423","potions_obtained":[{"floor":5.0,"key":"Fire Potion"},{"floor":13.0,"key":"Dexterity Potion"},{"floor":14.0,"key":"Fire Potion"},{"floor":16.0,"key":"Fire Potion"},{"floor":19.0,"key":"GhostInAJar"},{"floor":20.0,"key":"Dexterity Potion"},{"floor":24.0,"key":"AttackPotion"}],"is_trial":false,"path_per_floor":["M","$","M","?","M","M","R","?","T","R","?","R","E","M","R","B",null,"M","M","?","?","M","R","M","R","T","R","M","?","M"],"character_chosen":"THE_SILENT","items_purchased":["Well Laid Plans"],"campfire_rested":0,"item_purchase_floors":[2],"current_hp_per_floor":[59,59,59,59,59,47,47,47,47,47,47,47,23,22,22,22,46,46,46,30,30,28,28,28,28,28,28,19,7,0],"gold":467,"neow_bonus":"ONE_RARE_RELIC","is_prod":false,"is_daily":false,"chose_seed":false,"campfire_upgraded":7,"win_rate":0,"timestamp":1554605703,"path_taken":["M","$","M","?","?","M","R","?","T","R","?","R","E","M","R","BOSS","M","M","?","?","M","R","M","R","T","R","M","?","M"],"build_version":"2019-01-23","purchased_purges":0,"victory":false,"max_hp_per_floor":[60,60,60,60,60,60,60,60,60,60,54,54,54,54,54,54,54,54,54,54,54,54,54,54,54,54,54,54,54,54],"card_choices":[{"not_picked":["Cloak And Dagger","Expertise"],"picked":"Infinite Blades","floor":1.0},{"not_picked":["Dodge and Roll","Prepared"],"picked":"Poisoned Stab","floor":3.0},{"not_picked":["Setup","Dagger Spray","Dagger Throw"],"picked":"SKIP","floor":5.0},{"not_picked":["Distraction","Poisoned Stab","Flying Knee"],"picked":"SKIP","floor":6.0},{"not_picked":["Dodge and Roll","Outmaneuver"],"picked":"Venomology","floor":13.0},{"not_picked":["Slice","Underhanded Strike","Endless Agony"],"picked":"SKIP","floor":14.0},{"not_picked":["Doppelganger","Tools of the Trade"],"picked":"Malaise","floor":16.0},{"not_picked":["Dodge and Roll","Skewer"],"picked":"Deadly Poison","floor":18.0},{"not_picked":["Blur+1","Sucker Punch+1","Masterful Stab"],"picked":"SKIP","floor":19.0},{"not_picked":["Caltrops","Slice"],"picked":"Night Terror","floor":20.0},{"not_picked":["Dodge and Roll","Endless Agony"],"picked":"Calculated Gamble+1","floor":22.0},{"not_picked":["Outmaneuver","Concentrate"],"picked":"Leg Sweep","floor":24.0},{"not_picked":["Blade Dance+1","Dagger Spray","Underhanded Strike+1"],"picked":"SKIP","floor":28.0}],"player_experience":4116507,"relics_obtained":[{"floor":9.0,"key":"Snake Skull"},{"floor":13.0,"key":"Bag of Preparation"},{"floor":20.0,"key":"Red Mask"},{"floor":26.0,"key":"Art of War"}],"event_choices":[{"damage_healed":0.0,"max_hp_gain":0.0,"max_hp_loss":0.0,"gold_gain":0.0,"event_name":"Upgrade Shrine","player_choice":"Upgraded","floor":4.0,"gold_loss":0.0,"damage_taken":0.0,"cards_upgraded":["Poisoned Stab"]},{"damage_healed":0.0,"max_hp_gain":0.0,"max_hp_loss":0.0,"gold_gain":0.0,"event_name":"Liars Game","player_choice":"Ignored","floor":8.0,"gold_loss":0.0,"damage_taken":0.0},{"damage_healed":0.0,"max_hp_gain":0.0,"max_hp_loss":6.0,"gold_gain":0.0,"event_name":"Golden Idol","player_choice":"Lose Max HP","floor":11.0,"gold_loss":0.0,"damage_taken":0.0,"relics_obtained":["Golden Idol"]},{"damage_healed":0.0,"max_hp_gain":0.0,"max_hp_loss":0.0,"gold_gain":0.0,"event_name":"Masked Bandits","player_choice":"Fought Bandits","floor":20.0,"gold_loss":0.0,"damage_taken":0.0},{"damage_healed":0.0,"max_hp_gain":0.0,"max_hp_loss":0.0,"gold_gain":50.0,"event_name":"Nest","player_choice":"Stole From Cult","floor":21.0,"gold_loss":0.0,"damage_taken":0.0},{"damage_healed":0,"gold_gain":0,"player_choice":"Fight","damage_taken":0,"max_hp_gain":0,"max_hp_loss":0,"event_name":"Colosseum","floor":29,"gold_loss":0},{"damage_healed":0,"gold_gain":0,"player_choice":"Fled From Nobs","damage_taken":0,"max_hp_gain":0,"max_hp_loss":0,"event_name":"Colosseum","floor":29,"gold_loss":0}],"is_beta":false,"boss_relics":[{"not_picked":["Snecko Eye","Cursed Key"],"picked":"Runic Dome"}],"items_purged_floors":[],"is_endless":false,"potions_floor_spawned":[5,13,14,16,19,20,24,28],"killed_by":"Chosen and Byrds","ascension_level":20}