{"gold_per_floor":[17,31,31,50,62,62,95,95,145,157,181,207,299,325,337,420,432,459,471,502,527,13,13,13,13,93,93,93,125,125,141,141,213,213,225,237,249,249,249,276,288,288],"floor_reached":42,"playtime":3466,"items_purged":[],"score":1104,"play_id":"062a1c63-c0b5-477d-9dad-712d9a391310","local_time":"20190402093116","is_ascension_mode":true,"campfire_choices":[{"data":"Well Laid Plans","floor":6.0,"key":"SMITH"},{"data":"Noxious Fumes","floor":8.0,"key":"SMITH"},{"data":"Deadly Poison","floor":10.0,"key":"SMITH"},{"data":"Outmaneuver","floor":15.0,"key":"SMITH"},{"floor":23.0,"key":"RECALL"},{"data":"Tactician","floor":25.0,"key":"SMITH"},{"data":"Tools of the Trade","floor":28.0,"key":"SMITH"},{"data":"Malaise","floor":30.0,"key":"SMITH"},{"data":"Footwork","floor":32.0,"key":"SMITH"}],"neow_cost":"NO_GOLD","seed_source_timestamp":5866596903376,"circlet_count":0,"master_deck":["AscendersBane","Survivor","Neutralize","Well Laid Plans+1","Poisoned Stab","Noxious Fumes+1","Dagger Throw","Backflip","Dash","Deadly Poison+1","Backflip","Corpse Explosion","Dagger Spray","Backflip","Outmaneuver+1","Bane","Poisoned Stab","Malaise+1","Deflect","Corpse Explosion","Glass Knife","Reflex","Dagger Spray","Quick Slash","Footwork+1","Tools of the Trade+1","Grand Finale","Skewer","Tactician+1","Outmaneuver","Deflect+1","Backflip+1","Malaise+1","Deadly Poison+1","PiercingWail+1","After Image","Prepared+1","Catalyst+1","Acrobatics+1","PiercingWail+1","Catalyst+1","Dodge and Roll+1","Footwork"],"special_seed":0,"relics":["Ring of the Snake","Prayer Wheel","Ornamental Fan","MawBank","Pandora\u0027s Box","Snake Skull","Toxic Egg 2","Lee\u0027s Waffle","Nilry\u0027s Codex","Pen Nib","HoveringKite","Smiling Mask"],"potions_floor_usage":[41],"damage_taken":[{"damage":2.0,"enemies":"2 Louse","floor":1.0,"turns":4.0},{"damage":0.0,"enemies":"Small Slimes","floor":2.0,"turns":4.0},{"damage":0.0,"enemies":"Jaw Worm","floor":4.0,"turns":4.0},{"damage":2.0,"enemies":"Red Slaver","floor":5.0,"turns":3.0},{"damage":11.0,"enemies":"Lagavulin","floor":7.0,"turns":7.0},{"damage":6.0,"enemies":"Large Slime","floor":11.0,"turns":6.0},{"damage":0.0,"enemies":"Exordium Wildlife","floor":12.0,"turns":4.0},{"damage":0.0,"enemies":"3 Louse","floor":14.0,"turns":2.0},{"damage":25.0,"enemies":"The Guardian","floor":16.0,"turns":10.0},{"damage":18.0,"enemies":"Shell Parasite","floor":18.0,"turns":6.0},{"damage":16.0,"enemies":"Spheric Guardian","floor":20.0,"turns":6.0},{"damage":10.0,"enemies":"Snecko","floor":21.0,"turns":6.0},{"damage":3.0,"enemies":"Book of Stabbing","floor":29.0,"turns":6.0},{"damage":16.0,"enemies":"Sentry and Sphere","floor":31.0,"turns":3.0},{"damage":0.0,"enemies":"Champ","floor":33.0,"turns":12.0},{"damage":2.0,"enemies":"Orb Walker","floor":35.0,"turns":6.0},{"damage":0.0,"enemies":"3 Shapes","floor":36.0,"turns":3.0},{"damage":0.0,"enemies":"Sphere and 2 Shapes","floor":37.0,"turns":5.0},{"damage":0.0,"enemies":"4 Shapes","floor":39.0,"turns":1.0},{"damage":31.0,"enemies":"Giant Head","floor":40.0,"turns":8.0},{"damage":0,"enemies":"Spire Growth","floor":41,"turns":4},{"damage":70,"enemies":"Nemesis","floor":42,"turns":2}],"seed_played":"8398658232004482730","potions_obtained":[{"floor":1.0,"key":"Ancient Potion"},{"floor":2.0,"key":"Ancient Potion"},{"floor":7.0,"key":"Poison Potion"},{"floor":16.0,"key":"Regen Potion"},{"floor":21.0,"key":"GamblersBrew"},{"floor":31.0,"key":"SkillPotion"},{"floor":36.0,"key":"SmokeBomb"},{"floor":41,"key":"Ancient Potion"}],"is_trial":false,"path_per_floor":["M","M","?","M","M","R","E","R","T","R","M","M","?","M","R","B",null,"M","?","M","M","$","R","$","R","T","?","R","E","R","M","R","B",null,"M","M","M","$","M","E","M","E"],"character_chosen":"THE_SILENT","items_purchased":["Toxic Egg 2","Lee\u0027s Waffle","Backflip+1"],"campfire_rested":0,"item_purchase_floors":[22,22,22],"current_hp_per_floor":[57,57,57,57,55,55,44,44,44,44,38,38,38,38,38,13,53,50,50,34,24,73,73,73,73,73,52,52,49,49,33,33,33,63,61,61,61,61,61,30,30,0],"gold":288,"neow_bonus":"ONE_RARE_RELIC","is_prod":false,"is_daily":false,"chose_seed":false,"campfire_upgraded":8,"win_rate":0,"timestamp":1554168676,"path_taken":["M","M","?","M","M","R","E","R","T","R","M","M","?","M","R","BOSS","M","?","M","?","$","R","$","R","T","?","R","E","R","M","R","BOSS","M","M","M","$","M","E","M","E"],"build_version":"2019-01-23","purchased_purges":0,"victory":false,"max_hp_per_floor":[66,66,66,66,66,66,66,66,66,66,66,66,66,66,66,66,66,66,66,66,66,73,73,73,73,73,73,73,73,73,73,73,73,73,73,73,73,73,73,73,73,73],"card_choices":[{"not_picked":["Dagger Throw","Dodge and Roll"],"picked":"Well Laid Plans","floor":1.0},{"not_picked":["Underhanded Strike","Escape Plan"],"picked":"Poisoned Stab","floor":1.0},{"not_picked":["Poisoned Stab","Blade Dance"],"picked":"Noxious Fumes","floor":2.0},{"not_picked":["Blade Dance","Slice"],"picked":"Dagger Throw","floor":2.0},{"not_picked":["Bane","Setup"],"picked":"Predator","floor":4.0},{"not_picked":["Expertise","Cloak And Dagger"],"picked":"Backflip","floor":4.0},{"not_picked":["Heel Hook","Finisher"],"picked":"Dash","floor":5.0},{"not_picked":["Dagger Throw","Dash"],"picked":"Deadly Poison","floor":5.0},{"not_picked":["Dagger Spray","Deflect"],"picked":"Backflip","floor":7.0},{"not_picked":["Finisher","Flying Knee"],"picked":"Corpse Explosion","floor":11.0},{"not_picked":["Blade Dance","Expertise"],"picked":"Dagger Spray","floor":11.0},{"not_picked":["Dagger Spray","Poisoned Stab"],"picked":"Backflip","floor":12.0},{"not_picked":["Cloak And Dagger","Poisoned Stab"],"picked":"Outmaneuver","floor":12.0},{"not_picked":["Heel Hook","Cloak And Dagger"],"picked":"Bane","floor":14.0},{"not_picked":["Flying Knee","Underhanded Strike"],"picked":"Poisoned Stab","floor":14.0},{"not_picked":["Burst","Storm of Steel"],"picked":"Malaise","floor":16.0},{"not_picked":["Escape Plan","Leg Sweep"],"picked":"Tactician","floor":18.0},{"not_picked":["Flying Knee","Poisoned Stab"],"picked":"Outmaneuver","floor":18.0},{"not_picked":["Flying Knee","Dagger Throw"],"picked":"Deflect+1","floor":20.0},{"not_picked":["Blade Dance","Infinite Blades","Accuracy"],"picked":"SKIP","floor":20.0},{"not_picked":["Slice","Dash","Flying Knee"],"picked":"SKIP","floor":21.0},{"not_picked":["Outmaneuver","Sucker Punch+1","Poisoned Stab"],"picked":"SKIP","floor":21.0},{"not_picked":["Dagger Throw","Riddle With Holes"],"picked":"Malaise+1","floor":29.0},{"not_picked":["Dagger Spray","Outmaneuver+1"],"picked":"Deadly Poison+1","floor":31.0},{"not_picked":["Slice","Setup+1"],"picked":"PiercingWail+1","floor":31.0},{"not_picked":["Corpse Explosion+1","Die Die Die"],"picked":"After Image","floor":33.0},{"not_picked":["Dagger Spray","Sucker Punch"],"picked":"Prepared+1","floor":35.0},{"not_picked":["Calculated Gamble+1","Underhanded Strike+1"],"picked":"Catalyst+1","floor":35.0},{"not_picked":["Dagger Throw","Flying Knee","Bane"],"picked":"SKIP","floor":36.0},{"not_picked":["Sucker Punch","Dash","Bane+1"],"picked":"SKIP","floor":36.0},{"not_picked":["Bane","Deflect+1"],"picked":"Acrobatics+1","floor":37.0},{"not_picked":["Flying Knee+1","Dagger Throw"],"picked":"PiercingWail+1","floor":37.0},{"not_picked":["Deadly Poison+1","Skewer"],"picked":"Catalyst+1","floor":40.0},{"not_picked":["Riddle With Holes","Poisoned Stab"],"picked":"Dodge and Roll+1","floor":41},{"not_picked":["Heel Hook+1","Dagger Throw"],"picked":"Footwork","floor":41}],"player_experience":4003283,"relics_obtained":[{"floor":7.0,"key":"Ornamental Fan"},{"floor":9.0,"key":"MawBank"},{"floor":27.0,"key":"Nilry\u0027s Codex"},{"floor":29.0,"key":"Pen Nib"},{"floor":40.0,"key":"Smiling Mask"}],"event_choices":[{"damage_healed":0.0,"max_hp_gain":0.0,"max_hp_loss":0.0,"gold_gain":0.0,"event_name":"The Cleric","player_choice":"Leave","floor":3.0,"gold_loss":0.0,"damage_taken":0.0},{"damage_healed":0.0,"max_hp_gain":0.0,"max_hp_loss":0.0,"gold_gain":80.0,"event_name":"Golden Wing","player_choice":"Gained Gold","floor":13.0,"gold_loss":0.0,"damage_taken":0.0},{"cards_removed":["Predator"],"damage_healed":0.0,"max_hp_gain":0.0,"max_hp_loss":0.0,"gold_gain":0.0,"event_name":"WeMeetAgain","player_choice":"Gave Card","floor":19.0,"gold_loss":0.0,"damage_taken":0.0,"relics_obtained":["Snake Skull"]},{"damage_healed":0.0,"max_hp_gain":0.0,"max_hp_loss":0.0,"gold_gain":0.0,"event_name":"Cursed Tome","player_choice":"Obtained Book","floor":27.0,"gold_loss":0.0,"damage_taken":21.0}],"is_beta":false,"boss_relics":[{"not_picked":["Ectoplasm","Orrery"],"picked":"Pandora\u0027s Box"},{"not_picked":["Calling Bell","Philosopher\u0027s Stone"],"picked":"HoveringKite"}],"items_purged_floors":[],"is_endless":false,"potions_floor_spawned":[1,2,7,16,21,31,33,36,41],"killed_by":"Nemesis","ascension_level":20}