{"gold_per_floor":[216,391,62,74,0,0,14,26,49,59,59,59,59,73,73,168,168,136,150,150,170,98,98,108,108,108,119,129,29,29,49,49,147,147,160,160,260,260,260,260,135,155,155,173,173,183,183,143,143,143],"floor_reached":51,"playtime":2092,"items_purged":["Doubt","Strike_G+1","Survivor"],"score":641,"play_id":"d05388a1-ed1e-40dd-bf11-297d403c473a","local_time":"20181027153319","is_ascension_mode":false,"campfire_choices":[{"data":"Well Laid Plans","floor":6.0,"key":"SMITH"},{"data":"Deadly Poison","floor":11.0,"key":"SMITH"},{"data":"Neutralize","floor":15.0,"key":"SMITH"},{"data":"Footwork","floor":23,"key":"SMITH"},{"data":"Footwork","floor":25,"key":"SMITH"},{"data":"Night Terror","floor":30,"key":"SMITH"},{"data":"Deadly Poison","floor":32,"key":"SMITH"},{"data":"Leg Sweep","floor":40,"key":"SMITH"},{"data":"Backflip","floor":45,"key":"SMITH"},{"data":"Poisoned Stab","floor":47,"key":"SMITH"},{"data":"Escape Plan","floor":49,"key":"SMITH"}],"neow_cost":"NONE","seed_source_timestamp":16970247557190,"circlet_count":0,"master_deck":["Defend_G+1","Defend_G+1","Defend_G+1","Defend_G+1","Defend_G+1","Strike_G+1","Strike_G+1","Strike_G+1","Strike_G+1","Neutralize+1","Well Laid Plans+1","Leg Sweep+1","Poisoned Stab+1","Footwork+1","Deadly Poison+1","Night Terror+1","Deadly Poison+1","Footwork+1","Backflip+1","Escape Plan+1","After Image","Noxious Fumes+1","Poisoned Stab+1"],"special_seed":0,"relics":["Ring of the Snake","Happy Flower","Potion Belt","Boot","Runic Dome","Thread and Needle","Eternal Feather","Ginger","Pantograph"],"potions_floor_usage":[33,39,50,50,50,50],"damage_taken":[{"damage":0.0,"enemies":"Cultist","floor":1.0,"turns":4.0},{"damage":0.0,"enemies":"2 Louse","floor":4.0,"turns":4.0},{"damage":0.0,"enemies":"Jaw Worm","floor":7.0,"turns":3.0},{"damage":17.0,"enemies":"Gremlin Gang","floor":8.0,"turns":5.0},{"damage":0.0,"enemies":"Red Slaver","floor":10.0,"turns":4.0},{"damage":1.0,"enemies":"Large Slime","floor":14.0,"turns":8.0},{"damage":12.0,"enemies":"Hexaghost","floor":16.0,"turns":11.0},{"damage":2.0,"enemies":"2 Thieves","floor":18.0,"turns":5.0},{"damage":9.0,"enemies":"Spheric Guardian","floor":19.0,"turns":5.0},{"damage":0,"enemies":"Centurion and Healer","floor":21,"turns":7},{"damage":5,"enemies":"3 Cultists","floor":24,"turns":7},{"damage":0,"enemies":"Cultist and Chosen","floor":27,"turns":9},{"damage":4,"enemies":"Shelled Parasite and Fungi","floor":28,"turns":7},{"damage":0,"enemies":"Sentry and Sphere","floor":31,"turns":6},{"damage":9,"enemies":"Collector","floor":33,"turns":15},{"damage":0,"enemies":"3 Shapes","floor":35,"turns":9},{"damage":0,"enemies":"Mind Bloom Boss Battle","floor":37,"turns":8},{"damage":0,"enemies":"3 Darklings","floor":39,"turns":1},{"damage":2,"enemies":"Transient","floor":42,"turns":5},{"damage":3,"enemies":"4 Shapes","floor":44,"turns":6},{"damage":0,"enemies":"Maw","floor":46,"turns":8},{"damage":17,"enemies":"Donu and Deca","floor":50,"turns":11}],"seed_played":"1852851711911258764","potions_obtained":[{"floor":4.0,"key":"Block Potion"},{"floor":7.0,"key":"Weak Potion"},{"floor":14.0,"key":"SkillPotion"},{"floor":24,"key":"SkillPotion"},{"floor":28,"key":"SmokeBomb"},{"floor":31,"key":"GamblersBrew"},{"floor":35,"key":"Fire Potion"},{"floor":48,"key":"LiquidBronze"},{"floor":48,"key":"Explosive Potion"}],"is_trial":false,"path_per_floor":["M","?","$","M","$","R","M","M","T","M","R","$","?","M","R","B",null,"M","M","?","M","$","R","M","R","T","M","M","$","R","M","R","B",null,"M","?","?","?","M","R","$","M","T","M","R","M","R","?","R","B"],"character_chosen":"THE_SILENT","items_purchased":["Well Laid Plans","Leg Sweep","Happy Flower","Footwork","Footwork"],"campfire_rested":0,"item_purchase_floors":[3,3,3,5,22],"current_hp_per_floor":[70,70,70,70,70,70,70,53,53,53,53,53,53,52,52,40,70,68,59,59,59,59,59,54,54,54,54,50,50,50,50,50,41,70,70,70,70,66,66,66,66,64,64,61,66,66,66,66,66,49],"gold":143,"neow_bonus":"HUNDRED_GOLD","is_prod":false,"is_daily":false,"chose_seed":false,"campfire_upgraded":11,"win_rate":0,"timestamp":1540625599,"path_taken":["M","?","$","?","?","R","M","M","T","M","R","$","?","M","R","BOSS","M","M","?","?","$","R","M","R","T","M","M","$","R","M","R","BOSS","M","?","?","?","M","R","?","M","T","M","R","?","R","?","R","BOSS"],"build_version":"2018-10-25v2","purchased_purges":3,"victory":true,"max_hp_per_floor":[70,70,70,70,70,70,70,70,70,70,70,70,70,70,70,70,70,70,70,70,70,70,70,70,70,70,70,70,70,70,70,70,70,70,70,70,70,66,66,66,66,66,66,66,66,66,66,66,66,66],"card_choices":[{"not_picked":["Acrobatics","Distraction"],"picked":"Poisoned Stab","floor":1.0},{"not_picked":["Dagger Spray","Dagger Throw"],"picked":"Poisoned Stab","floor":4.0},{"not_picked":["Underhanded Strike","Dagger Throw"],"picked":"Deadly Poison","floor":7.0},{"not_picked":["Skewer","Reflex","Prepared"],"picked":"SKIP","floor":8.0},{"not_picked":["Outmaneuver","Crippling Poison","Flying Knee"],"picked":"SKIP","floor":10.0},{"not_picked":["Concentrate","Slice","Dodge and Roll"],"picked":"SKIP","floor":14.0},{"not_picked":["After Image","Grand Finale"],"picked":"Night Terror","floor":16.0},{"not_picked":["Predator","Infinite Blades+1"],"picked":"Deadly Poison","floor":18.0},{"not_picked":["Blur","Choke","Poisoned Stab"],"picked":"SKIP","floor":19.0},{"not_picked":["Underhanded Strike+1","Accuracy","Outmaneuver"],"picked":"SKIP","floor":21},{"not_picked":["Setup","Flechettes+1","Slice"],"picked":"SKIP","floor":24},{"not_picked":["Poisoned Stab","Accuracy+1"],"picked":"Backflip","floor":27},{"not_picked":["Dagger Throw","Bane"],"picked":"Escape Plan","floor":28},{"not_picked":["Tactician","Cloak And Dagger+1","Choke"],"picked":"SKIP","floor":31},{"not_picked":["A Thousand Cuts","Unload"],"picked":"After Image","floor":33},{"not_picked":["Flying Knee","Backflip+1"],"picked":"Noxious Fumes+1","floor":35},{"not_picked":["Cloak And Dagger","Outmaneuver","Dodge and Roll+1"],"picked":"SKIP","floor":42},{"not_picked":["Endless Agony","Dagger Throw+1","Expertise"],"picked":"SKIP","floor":44},{"not_picked":["Slice","Dagger Spray+1"],"picked":"Poisoned Stab+1","floor":46}],"player_experience":674173,"relics_obtained":[{"floor":9.0,"key":"Potion Belt"},{"floor":26,"key":"Thread and Needle"},{"floor":37,"key":"Ginger"},{"floor":43,"key":"Pantograph"}],"event_choices":[{"damage_healed":0.0,"max_hp_gain":0.0,"max_hp_loss":0.0,"gold_gain":175.0,"event_name":"Liars Game","player_choice":"AGREE","floor":2.0,"gold_loss":0.0,"damage_taken":0.0,"cards_obtained":["Doubt"]},{"cards_removed":["Poisoned Stab"],"damage_healed":0.0,"max_hp_gain":0.0,"max_hp_loss":0.0,"gold_gain":0.0,"event_name":"WeMeetAgain","player_choice":"Gave Card","floor":13.0,"gold_loss":0.0,"damage_taken":0.0,"relics_obtained":["Boot"]},{"damage_healed":0.0,"max_hp_gain":0.0,"max_hp_loss":0.0,"gold_gain":0.0,"event_name":"Back to Basics","player_choice":"Simplicity","floor":20.0,"gold_loss":0.0,"damage_taken":0.0,"cards_upgraded":["Defend_G","Defend_G","Defend_G","Defend_G","Defend_G","Strike_G","Strike_G","Strike_G","Strike_G","Strike_G"]},{"damage_healed":0,"gold_gain":0,"player_choice":"Ignored","damage_taken":0,"max_hp_gain":0,"max_hp_loss":0,"event_name":"Mysterious Sphere","floor":36,"gold_loss":0},{"damage_healed":0,"gold_gain":0,"player_choice":"Fight","damage_taken":0,"max_hp_gain":0,"max_hp_loss":0,"event_name":"MindBloom","floor":37,"gold_loss":0},{"damage_healed":0,"gold_gain":0,"player_choice":"Max HP","damage_taken":0,"max_hp_gain":0,"max_hp_loss":4,"event_name":"Winding Halls","floor":38,"gold_loss":0},{"damage_healed":0,"gold_gain":0,"player_choice":"Bought 3 Potions","damage_taken":0,"max_hp_gain":0,"max_hp_loss":0,"event_name":"The Woman in Blue","floor":48,"gold_loss":0}],"is_beta":false,"boss_relics":[{"not_picked":["White Beast Statue","Orrery"],"picked":"Runic Dome"},{"not_picked":["Philosopher\u0027s Stone","Ring of the Serpent"],"picked":"Eternal Feather"}],"items_purged_floors":[3,29,41],"is_endless":false,"potions_floor_spawned":[4,7,14,24,28,31,35],"ascension_level":0}