{"gold_per_floor":[117,128,145,145,157,157,185,185,242,252,269,301,55,55,55,133,133,143,43,60,160,160,186,186,218,218,218,236,264,264,214,214,289,289,306,306,256,270,290,322,322,347,347,347,399,418,447,464,464,464,464,464,464,20,45,45],"floor_reached":57,"playtime":2349,"items_purged":["Strike_G","Strike_G","Strike_G","Strike_G","Defend_G+1"],"score":3566,"play_id":"eed93110-bdbc-4e9d-9ae6-d7507a3ad7d6","local_time":"20190306164921","is_ascension_mode":true,"campfire_choices":[{"data":"Bouncing Flask","floor":6.0,"key":"SMITH"},{"data":"Neutralize","floor":8.0,"key":"SMITH"},{"data":"Wraith Form v2","floor":15.0,"key":"SMITH"},{"data":"Corpse Explosion","floor":24.0,"key":"SMITH"},{"data":"Catalyst","floor":27.0,"key":"SMITH"},{"data":"Acrobatics","floor":32.0,"key":"SMITH"},{"data":"Ghostly","floor":41.0,"key":"SMITH"},{"floor":49.0,"key":"RECALL"}],"neow_cost":"NONE","seed_source_timestamp":25684815840464,"circlet_count":0,"master_deck":["AscendersBane","Defend_G+1","Defend_G+1","Defend_G+1","Defend_G+1","Survivor+1","Neutralize+1","Bouncing Flask+1","Blur+1","Acrobatics+1","Backstab+1","Wraith Form v2+1","Backflip+1","Corpse Explosion+1","Calculated Gamble+1","Catalyst+1","Ghostly+1","Ghostly+1","Ghostly+1","Malaise+1"],"special_seed":0,"relics":["Ring of the Snake","NeowsBlessing","Bag of Preparation","Tiny Chest","Snake Skull","Happy Flower","Question Card","Black Star","Torii","Molten Egg 2","Bronze Scales","Pocketwatch","Orichalcum","Ancient Tea Set","Dream Catcher","Pantograph","Smiling Mask","Vajra","Coffee Dripper","Omamori","Bottled Lightning","Pear","Whetstone","Mark of the Bloom","Tingsha","Anchor","War Paint","TwistedFunnel","Oddly Smooth Stone","Bottled Tornado","Gremlin Horn"],"potions_floor_usage":[],"damage_taken":[{"damage":0.0,"enemies":"Cultist","floor":1.0,"turns":1.0},{"damage":0.0,"enemies":"2 Louse","floor":2.0,"turns":1.0},{"damage":0.0,"enemies":"Jaw Worm","floor":3.0,"turns":1.0},{"damage":3.0,"enemies":"Blue Slaver","floor":5.0,"turns":4.0},{"damage":8.0,"enemies":"Gremlin Nob","floor":7.0,"turns":3.0},{"damage":0.0,"enemies":"2 Fungi Beasts","floor":10.0,"turns":2.0},{"damage":0.0,"enemies":"Gremlin Gang","floor":11.0,"turns":5.0},{"damage":21.0,"enemies":"Lagavulin","floor":12.0,"turns":6.0},{"damage":0.0,"enemies":"Hexaghost","floor":16.0,"turns":8.0},{"damage":8.0,"enemies":"Shell Parasite","floor":18.0,"turns":4.0},{"damage":0.0,"enemies":"Chosen","floor":20.0,"turns":5.0},{"damage":2.0,"enemies":"Colosseum Slavers","floor":21.0,"turns":4.0},{"damage":5.0,"enemies":"Colosseum Nobs","floor":21.0,"turns":4.0},{"damage":21.0,"enemies":"Slavers","floor":23.0,"turns":5.0},{"damage":0.0,"enemies":"Gremlin Leader","floor":25.0,"turns":8.0},{"damage":0.0,"enemies":"Shelled Parasite and Fungi","floor":28.0,"turns":2.0},{"damage":0.0,"enemies":"Book of Stabbing","floor":29.0,"turns":4.0},{"damage":0.0,"enemies":"Champ","floor":33.0,"turns":7.0},{"damage":0.0,"enemies":"Orb Walker","floor":35.0,"turns":3.0},{"damage":0.0,"enemies":"3 Darklings","floor":38.0,"turns":2.0},{"damage":0.0,"enemies":"Writhing Mass","floor":39.0,"turns":4.0},{"damage":0.0,"enemies":"Reptomancer","floor":40.0,"turns":5.0},{"damage":0.0,"enemies":"Giant Head","floor":42.0,"turns":6.0},{"damage":0.0,"enemies":"2 Orb Walkers","floor":45.0,"turns":4.0},{"damage":0.0,"enemies":"Jaw Worm Horde","floor":46.0,"turns":3.0},{"damage":0.0,"enemies":"Reptomancer","floor":47.0,"turns":5.0},{"damage":0.0,"enemies":"4 Shapes","floor":48.0,"turns":3.0},{"damage":0.0,"enemies":"Awakened One","floor":50.0,"turns":15.0},{"damage":0.0,"enemies":"Time Eater","floor":51.0,"turns":6.0},{"damage":0.0,"enemies":"Shield and Spear","floor":55.0,"turns":5.0},{"damage":16,"enemies":"The Heart","floor":56,"turns":8}],"seed_played":"1203347308649057931","potions_obtained":[{"floor":1.0,"key":"GamblersBrew"},{"floor":3.0,"key":"Weak Potion"},{"floor":7.0,"key":"SteroidPotion"},{"floor":10.0,"key":"SteroidPotion"},{"floor":23.0,"key":"GamblersBrew"},{"floor":25.0,"key":"Ancient Potion"},{"floor":28.0,"key":"Strength Potion"},{"floor":36.0,"key":"Fruit Juice"},{"floor":36.0,"key":"Explosive Potion"},{"floor":46.0,"key":"Weak Potion"},{"floor":48.0,"key":"SkillPotion"}],"is_trial":false,"path_per_floor":["M","M","M","?","M","R","E","R","T","M","M","E","$","?","R","B",null,"M","$","M","?","T","E","R","E","T","R","M","E","?","$","R","B",null,"M","?","$","M","M","E","R","E","T","?","?","M","E","M","R","B","B",null,"R","$","E","B",null],"character_chosen":"THE_SILENT","items_purchased":["Happy Flower","TwistedFunnel","Oddly Smooth Stone"],"campfire_rested":0,"item_purchase_floors":[13,54,54],"current_hp_per_floor":[59,59,59,59,56,56,48,48,48,48,48,27,27,27,27,27,56,48,48,48,41,41,20,20,20,20,20,20,20,20,20,20,33,33,33,38,38,38,38,38,38,48,48,48,48,48,48,48,48,48,48,48,48,48,48,32],"gold":45,"neow_bonus":"THREE_ENEMY_KILL","is_prod":false,"is_daily":false,"chose_seed":false,"campfire_upgraded":7,"win_rate":0,"timestamp":1551862161,"path_taken":["M","M","M","?","M","R","E","R","T","?","M","E","$","?","R","BOSS","M","$","?","?","?","E","R","E","T","R","M","E","?","$","R","BOSS","M","?","$","?","M","E","R","E","T","?","?","M","E","M","R","BOSS","BOSS","R","$","E","BOSS"],"build_version":"2019-01-23","purchased_purges":5,"victory":true,"max_hp_per_floor":[66,66,66,66,66,66,66,66,66,66,66,66,66,66,66,66,66,66,66,66,66,66,66,66,66,66,66,66,66,33,33,33,33,33,33,38,38,38,38,38,38,48,48,48,48,48,48,48,48,48,48,48,48,48,48,48],"card_choices":[{"not_picked":["Calculated Gamble","Underhanded Strike"],"picked":"Bouncing Flask","floor":1.0},{"not_picked":["Endless Agony","Quick Slash"],"picked":"Blur","floor":2.0},{"not_picked":["Underhanded Strike","Cloak And Dagger"],"picked":"Acrobatics","floor":3.0},{"not_picked":["Expertise","Dodge and Roll","Predator"],"picked":"SKIP","floor":5.0},{"not_picked":["Quick Slash","Skewer","Finisher"],"picked":"SKIP","floor":7.0},{"not_picked":["Backflip","Blur"],"picked":"Wraith Form v2","floor":10.0},{"not_picked":["Cloak And Dagger","Acrobatics","Blade Dance"],"picked":"SKIP","floor":11.0},{"not_picked":["Bouncing Flask","Bullet Time"],"picked":"Backflip","floor":12.0},{"not_picked":["Glass Knife","Bullet Time","Unload"],"picked":"Corpse Explosion","floor":16.0},{"not_picked":["Deflect","Dagger Spray","Poisoned Stab","Acrobatics+1"],"picked":"SKIP","floor":18.0},{"not_picked":["Bane","Caltrops+1","Dagger Throw"],"picked":"Calculated Gamble","floor":20.0},{"not_picked":["Outmaneuver","Acrobatics","Expertise","Dagger Spray+1"],"picked":"SKIP","floor":23.0},{"not_picked":["Blur","Calculated Gamble","Blade Dance"],"picked":"Catalyst","floor":25.0},{"not_picked":["PiercingWail","Reflex","Terror+1","Prepared"],"picked":"SKIP","floor":28.0},{"not_picked":["Envenom","Finisher+1","Prepared","Poisoned Stab+1"],"picked":"SKIP","floor":29.0},{"not_picked":["Dash+1","Outmaneuver","Heel Hook+1","Infinite Blades"],"picked":"SKIP","floor":35.0},{"not_picked":["Quick Slash+1","All Out Attack+1","Dagger Throw+1","Dagger Spray+1"],"picked":"SKIP","floor":38.0},{"not_picked":["Slice+1","Concentrate","Noxious Fumes","PiercingWail+1"],"picked":"SKIP","floor":39.0},{"not_picked":["Slice+1","Concentrate","Noxious Fumes","PiercingWail+1"],"picked":"SKIP","floor":39.0},{"not_picked":["Infinite Blades","Bouncing Flask+1","All Out Attack+1","Choke+1"],"picked":"SKIP","floor":40.0},{"not_picked":["Backflip","Slice+1","Masterful Stab+1"],"picked":"Malaise","floor":42.0},{"not_picked":["Bane+1","Deflect","Accuracy","Endless Agony+1"],"picked":"SKIP","floor":46.0},{"not_picked":["Backflip+1","Terror","Acrobatics","Dagger Spray+1"],"picked":"SKIP","floor":47.0},{"not_picked":["Eviscerate+1","Backflip+1","Dodge and Roll","Cloak And Dagger+1"],"picked":"SKIP","floor":48.0},{"not_picked":["Prepared","Heel Hook+1","Tools of the Trade","Outmaneuver"],"picked":"SKIP","floor":55.0}],"player_experience":3360138,"relics_obtained":[{"floor":7.0,"key":"Bag of Preparation"},{"floor":9.0,"key":"Tiny Chest"},{"floor":12.0,"key":"Snake Skull"},{"floor":21.0,"key":"Torii"},{"floor":21.0,"key":"Molten Egg 2"},{"floor":22.0,"key":"Bronze Scales"},{"floor":23.0,"key":"Pocketwatch"},{"floor":23.0,"key":"Orichalcum"},{"floor":25.0,"key":"Ancient Tea Set"},{"floor":25.0,"key":"Dream Catcher"},{"floor":26.0,"key":"Pantograph"},{"floor":29.0,"key":"Smiling Mask"},{"floor":29.0,"key":"Vajra"},{"floor":40.0,"key":"Omamori"},{"floor":40.0,"key":"Bottled Lightning"},{"floor":42.0,"key":"Pear"},{"floor":42.0,"key":"Whetstone"},{"floor":45.0,"key":"Tingsha"},{"floor":47.0,"key":"Anchor"},{"floor":47.0,"key":"War Paint"},{"floor":55.0,"key":"Bottled Tornado"},{"floor":55.0,"key":"Gremlin Horn"}],"event_choices":[{"damage_healed":0.0,"max_hp_gain":0.0,"max_hp_loss":0.0,"gold_gain":0.0,"cards_transformed":["Strike_G"],"event_name":"Transmorgrifier","player_choice":"Transformed","floor":4.0,"gold_loss":0.0,"damage_taken":0.0,"cards_obtained":["Backstab"]},{"damage_healed":0.0,"max_hp_gain":0.0,"max_hp_loss":0.0,"gold_gain":0.0,"event_name":"WeMeetAgain","player_choice":"Gave Potion","floor":14.0,"gold_loss":0.0,"damage_taken":0.0,"relics_obtained":["Question Card"]},{"damage_healed":0.0,"max_hp_gain":0.0,"max_hp_loss":0.0,"gold_gain":0.0,"event_name":"Colosseum","player_choice":"Fight","floor":21.0,"gold_loss":0.0,"damage_taken":0.0},{"damage_healed":0.0,"max_hp_gain":0.0,"max_hp_loss":0.0,"gold_gain":0.0,"event_name":"Colosseum","player_choice":"Fought Nobs","floor":21.0,"gold_loss":0.0,"damage_taken":0.0},{"damage_healed":0.0,"max_hp_gain":0.0,"max_hp_loss":33.0,"gold_gain":0.0,"event_name":"Ghosts","player_choice":"Became a Ghost","floor":30.0,"gold_loss":0.0,"damage_taken":0.0,"cards_obtained":["Ghostly","Ghostly","Ghostly"]},{"damage_healed":0.0,"max_hp_gain":0.0,"max_hp_loss":0.0,"gold_gain":0.0,"event_name":"Lab","player_choice":"Got Potions","floor":36.0,"gold_loss":0.0,"damage_taken":0.0},{"damage_healed":0.0,"max_hp_gain":0.0,"max_hp_loss":0.0,"gold_gain":0.0,"event_name":"MindBloom","player_choice":"Upgrade","floor":44.0,"gold_loss":0.0,"damage_taken":0.0,"cards_upgraded":["Defend_G","Defend_G","Defend_G","Defend_G","Defend_G","Survivor","Blur","Backflip","Calculated Gamble","Ghostly","Ghostly","Malaise"],"relics_obtained":["Mark of the Bloom"]},{"damage_healed":0.0,"max_hp_gain":0.0,"max_hp_loss":0.0,"gold_gain":0.0,"event_name":"Mysterious Sphere","player_choice":"Fight","floor":45.0,"gold_loss":0.0,"damage_taken":0.0}],"is_beta":false,"boss_relics":[{"not_picked":["Philosopher\u0027s Stone","Pandora\u0027s Box"],"picked":"Black Star"},{"not_picked":["Busted Crown","Snecko Eye"],"picked":"Coffee Dripper"}],"items_purged_floors":[13,19,31,37,54],"is_endless":false,"potions_floor_spawned":[1,3,7,10,21,23,25,28,29,35,40,46,47,48],"ascension_level":20}