{"gold_per_floor":[361,381,89,103,103,130,130,130,156,156,173,191,225,240,240,314,314,333,349,399,413,430,447,447],"floor_reached":24,"playtime":1012,"items_purged":[],"score":424,"play_id":"a71c8fe2-7951-47ed-96a1-719fd83ae9a5","local_time":"20190302161945","is_ascension_mode":true,"campfire_choices":[{"data":"Zap","floor":7.0,"key":"SMITH"},{"data":"Heatsinks","floor":10.0,"key":"SMITH"},{"data":"Capacitor","floor":15,"key":"SMITH"}],"neow_cost":"PERCENT_DAMAGE","seed_source_timestamp":174994058955093,"circlet_count":0,"master_deck":["AscendersBane","Strike_B","Strike_B","Strike_B","Strike_B","Defend_B+1","Defend_B","Defend_B","Defend_B","Zap+1","Dualcast+1","Genetic Algorithm","Compile Driver","BootSequence","Heatsinks+1","Conserve Battery","Capacitor+1","Steam","Ball Lightning","Echo Form","Turbo","Force Field+1","Coolheaded","Barrage","Glacier"],"special_seed":0,"relics":["Cracked Core","ClockworkSouvenir","War Paint","Smiling Mask","Bird Faced Urn","Cursed Key"],"potions_floor_usage":[16,16,21],"damage_taken":[{"damage":0.0,"enemies":"2 Louse","floor":1.0,"turns":2.0},{"damage":20.0,"enemies":"Small Slimes","floor":2.0,"turns":4.0},{"damage":1.0,"enemies":"Cultist","floor":4.0,"turns":3.0},{"damage":30.0,"enemies":"Gremlin Nob","floor":6.0,"turns":4.0},{"damage":15.0,"enemies":"Lots of Slimes","floor":11.0,"turns":5.0},{"damage":0.0,"enemies":"2 Fungi Beasts","floor":12.0,"turns":2.0},{"damage":42,"enemies":"3 Sentries","floor":13,"turns":10},{"damage":0,"enemies":"Red Slaver","floor":14,"turns":3},{"damage":6,"enemies":"The Guardian","floor":16,"turns":9},{"damage":12,"enemies":"Spheric Guardian","floor":18,"turns":6},{"damage":0,"enemies":"Chosen","floor":19,"turns":6},{"damage":18,"enemies":"3 Cultists","floor":21,"turns":5},{"damage":10,"enemies":"Sentry and Sphere","floor":22,"turns":9},{"damage":26,"enemies":"Shelled Parasite and Fungi","floor":23,"turns":7},{"damage":57,"enemies":"Gremlin Leader","floor":24,"turns":7}],"seed_played":"6224571869789893835","potions_obtained":[{"floor":2.0,"key":"FocusPotion"},{"floor":4.0,"key":"FocusPotion"},{"floor":6.0,"key":"Ancient Potion"},{"floor":13,"key":"Swift Potion"},{"floor":18,"key":"Explosive Potion"}],"is_trial":false,"path_per_floor":["M","M","$","M","?","E","R","?","T","R","M","M","E","M","R","B",null,"M","M","?","M","M","M","E"],"character_chosen":"DEFECT","items_purchased":["ClockworkSouvenir","BootSequence"],"campfire_rested":0,"item_purchase_floors":[3,3],"current_hp_per_floor":[46,26,26,25,48,18,18,71,71,71,56,56,14,16,16,14,57,55,61,61,51,51,33,0],"gold":447,"neow_bonus":"TWO_FIFTY_GOLD","is_prod":false,"is_daily":false,"chose_seed":false,"campfire_upgraded":3,"win_rate":0,"timestamp":1551514785,"path_taken":["M","M","$","M","?","E","R","?","T","R","?","M","E","M","R","BOSS","M","?","?","?","M","M","E"],"build_version":"2019-01-23","purchased_purges":0,"victory":false,"max_hp_per_floor":[71,71,71,71,71,71,71,71,71,71,71,71,71,71,71,71,71,71,71,71,71,71,71,71],"card_choices":[{"not_picked":["Steam","Go for the Eyes"],"picked":"Genetic Algorithm","floor":1.0},{"not_picked":["Barrage","Gash"],"picked":"Compile Driver","floor":2.0},{"not_picked":["Hologram","Rebound"],"picked":"Heatsinks","floor":4.0},{"not_picked":["Doom and Gloom","Auto Shields"],"picked":"Conserve Battery","floor":6.0},{"not_picked":["Scrape","Chaos"],"picked":"Capacitor","floor":11.0},{"not_picked":["Genetic Algorithm","Stack"],"picked":"Steam","floor":12.0},{"not_picked":["Leap","Streamline","Redo"],"picked":"SKIP","floor":13},{"not_picked":["Stack","Fusion"],"picked":"Ball Lightning","floor":14},{"not_picked":["Core Surge","Creative AI"],"picked":"Echo Form","floor":16},{"not_picked":["Cold Snap","Rebound"],"picked":"Turbo","floor":18},{"not_picked":["Redo","Blizzard"],"picked":"Force Field+1","floor":19},{"not_picked":["Redo","Double Energy"],"picked":"Coolheaded","floor":21},{"not_picked":["Cold Snap","Auto Shields"],"picked":"Barrage","floor":22},{"not_picked":["Cold Snap","BootSequence"],"picked":"Glacier","floor":23}],"player_experience":1070464,"relics_obtained":[{"floor":6.0,"key":"War Paint"},{"floor":9.0,"key":"Smiling Mask"},{"floor":13,"key":"Bird Faced Urn"}],"event_choices":[{"damage_healed":23.0,"max_hp_gain":0.0,"max_hp_loss":0.0,"gold_gain":0.0,"event_name":"Big Fish","player_choice":"Banana","floor":5.0,"gold_loss":0.0,"damage_taken":0.0},{"damage_healed":53.0,"max_hp_gain":0.0,"max_hp_loss":0.0,"gold_gain":0.0,"event_name":"Wheel of Change","player_choice":"Full Heal","floor":8.0,"gold_loss":0.0,"damage_taken":0.0},{"damage_healed":0,"gold_gain":100,"player_choice":"Bet on Murderer","damage_taken":0,"max_hp_gain":0,"max_hp_loss":0,"event_name":"The Joust","floor":20,"gold_loss":50}],"is_beta":false,"boss_relics":[{"not_picked":["Ectoplasm","White Beast Statue"],"picked":"Cursed Key"}],"items_purged_floors":[],"is_endless":false,"potions_floor_spawned":[2,4,6,13,18],"killed_by":"Gremlin Leader","ascension_level":20}