{"gold_per_floor":[119,44,58,58,77,77,90,90,90,118,133,33,66,80,80,159,159,179,179,192,67,82,82,82,98,98,98,98,98,98,116,116,188,188,200,200,200,210,210,239,239,271,295,295,145,145,3,20,20,20,20,20,20,20,50,50],"floor_reached":57,"playtime":3732,"items_purged":["Strike_B","Pain","Writhe","Shame"],"score":2865,"play_id":"e0e3e59e-a94d-4c6b-a44b-d78627cb0a07","local_time":"20190323123942","is_ascension_mode":true,"campfire_choices":[{"data":"Hologram","floor":6.0,"key":"SMITH"},{"data":"Dualcast","floor":8.0,"key":"SMITH"},{"floor":15.0,"key":"REST"},{"data":"Recycle","floor":23.0,"key":"SMITH"},{"data":"Biased Cognition","floor":28.0,"key":"SMITH"},{"data":"Loop","floor":30.0,"key":"SMITH"},{"data":"Skim","floor":32.0,"key":"SMITH"},{"data":"Zap","floor":41.0,"key":"SMITH"},{"data":"Fusion","floor":44,"key":"SMITH"},{"floor":49,"key":"RECALL"},{"data":"Coolheaded","floor":53,"key":"SMITH"}],"neow_cost":"NONE","seed_source_timestamp":0,"circlet_count":0,"master_deck":["AscendersBane","Strike_B","Strike_B","Defend_B","Defend_B+1","Defend_B","Defend_B+1","Zap+1","Dualcast+1","Hologram+1","Skim+1","Cold Snap","Recycle+1","Loop+1","Genetic Algorithm","Core Surge","Biased Cognition+1","Skim","Skim","White Noise","Recycle+1","Buffer","Thunder Strike","Skim+1","Fusion+1","Skim","Coolheaded+1","Consume+1","Double Energy"],"special_seed":0,"relics":["Cracked Core","NeowsBlessing","WarpedTongs","DataDisk","Pear","Boot","Coffee Dripper","Matryoshka","War Paint","Calling Bell","Centennial Puzzle","Pantograph","Emotion Chip","FossilizedHelix","Strawberry","Happy Flower","PreservedInsect","Cables"],"potions_floor_usage":[56],"damage_taken":[{"damage":0.0,"enemies":"Jaw Worm","floor":1.0,"turns":1.0},{"damage":0.0,"enemies":"Cultist","floor":3.0,"turns":1.0},{"damage":1.0,"enemies":"2 Louse","floor":5.0,"turns":1.0},{"damage":4.0,"enemies":"2 Fungi Beasts","floor":7.0,"turns":3.0},{"damage":9.0,"enemies":"3 Sentries","floor":10.0,"turns":9.0},{"damage":10.0,"enemies":"Looter","floor":11.0,"turns":3.0},{"damage":33.0,"enemies":"Gremlin Nob","floor":13.0,"turns":4.0},{"damage":20.0,"enemies":"Lots of Slimes","floor":14.0,"turns":4.0},{"damage":23.0,"enemies":"The Guardian","floor":16.0,"turns":12.0},{"damage":5.0,"enemies":"3 Byrds","floor":18.0,"turns":5.0},{"damage":20.0,"enemies":"Chosen","floor":20.0,"turns":5.0},{"damage":8.0,"enemies":"Snecko","floor":22.0,"turns":6.0},{"damage":0.0,"enemies":"Shelled Parasite and Fungi","floor":24.0,"turns":1.0},{"damage":1.0,"enemies":"Centurion and Healer","floor":25.0,"turns":8.0},{"damage":2.0,"enemies":"Snecko","floor":31.0,"turns":5.0},{"damage":0.0,"enemies":"Champ","floor":33.0,"turns":6.0},{"damage":8.0,"enemies":"Orb Walker","floor":35.0,"turns":4.0},{"damage":23.0,"enemies":"3 Darklings","floor":38.0,"turns":6.0},{"damage":5.0,"enemies":"Reptomancer","floor":40.0,"turns":6.0},{"damage":0,"enemies":"Giant Head","floor":42,"turns":5},{"damage":0,"enemies":"Maw","floor":48,"turns":4},{"damage":8,"enemies":"Time Eater","floor":50,"turns":11},{"damage":0,"enemies":"Donu and Deca","floor":51,"turns":5},{"damage":20,"enemies":"Shield and Spear","floor":55,"turns":6},{"damage":56,"enemies":"The Heart","floor":56,"turns":8}],"seed_played":"-6754358637612760303","potions_obtained":[{"floor":3.0,"key":"SmokeBomb"},{"floor":10.0,"key":"Regen Potion"},{"floor":16.0,"key":"EssenceOfSteel"},{"floor":18.0,"key":"GamblersBrew"},{"floor":35.0,"key":"Explosive Potion"},{"floor":42,"key":"AttackPotion"}],"is_trial":false,"path_per_floor":["M","$","M","?","M","R","M","R","T","E","M","$","E","M","R","B",null,"M","?","M","$","M","R","M","M","T","?","R","?","R","M","R","B",null,"M","?","?","M","?","E","R","E","T","R","$","?","$","M","R","B","B",null,"R","$","E","B",null],"character_chosen":"DEFECT","items_purchased":["Skim","Coolheaded"],"campfire_rested":1,"item_purchase_floors":[47,47],"current_hp_per_floor":[64,64,64,64,63,63,59,59,59,60,50,50,29,9,33,10,63,58,58,38,38,30,30,30,29,29,29,29,29,29,27,27,27,68,60,60,60,37,37,32,32,39,39,39,39,39,39,39,39,56,81,83,83,83,63,28],"gold":50,"neow_bonus":"THREE_ENEMY_KILL","is_prod":false,"is_daily":false,"chose_seed":false,"campfire_upgraded":9,"win_rate":0,"timestamp":1553315982,"path_taken":["M","$","M","?","?","R","M","R","T","E","M","$","E","M","R","BOSS","M","?","M","$","M","R","M","M","T","?","R","?","R","?","R","BOSS","M","?","?","?","?","E","R","E","T","R","$","?","$","M","R","BOSS","BOSS","R","$","E","BOSS"],"build_version":"2019-01-23","purchased_purges":4,"victory":true,"max_hp_per_floor":[71,71,71,71,71,71,71,71,71,81,81,81,81,81,81,81,81,81,81,81,81,81,81,81,81,81,81,81,81,81,81,81,81,81,81,77,77,77,77,77,77,84,84,84,84,84,84,84,84,84,84,84,84,84,84,84],"card_choices":[{"not_picked":["Sweeping Beam","Steam"],"picked":"Hologram","floor":1.0},{"not_picked":["Streamline","Compile Driver"],"picked":"Skim","floor":3.0},{"not_picked":["Leap","Stack"],"picked":"Cold Snap","floor":5.0},{"not_picked":["Hologram","Redo","Storm"],"picked":"SKIP","floor":7.0},{"not_picked":["Chill","Consume"],"picked":"Recycle","floor":10.0},{"not_picked":["Melter","Redo"],"picked":"Loop","floor":11.0},{"not_picked":["Compile Driver","Undo"],"picked":"Genetic Algorithm","floor":13.0},{"not_picked":["Blizzard","Heatsinks"],"picked":"Core Surge","floor":14.0},{"not_picked":["Multi-Cast","Echo Form"],"picked":"Biased Cognition","floor":16.0},{"not_picked":["Compile Driver+1","Double Energy"],"picked":"Skim","floor":18.0},{"not_picked":["Sweeping Beam","FTL"],"picked":"Skim","floor":20.0},{"not_picked":["Redo","Conserve Battery"],"picked":"White Noise","floor":22.0},{"not_picked":["Cold Snap","Go for the Eyes"],"picked":"Recycle+1","floor":25.0},{"not_picked":["Compile Driver+1","Sweeping Beam","Beam Cell"],"picked":"SKIP","floor":31.0},{"not_picked":["Electrodynamics","Reboot"],"picked":"Buffer","floor":33.0},{"not_picked":["Ball Lightning+1","Cold Snap"],"picked":"Thunder Strike","floor":35.0},{"not_picked":["Hello World","Leap","Streamline"],"picked":"SKIP","floor":38.0},{"not_picked":["Doom and Gloom","Streamline","Ball Lightning"],"picked":"SKIP","floor":40.0},{"not_picked":["Fusion","Compile Driver+1","Loop"],"picked":"SKIP","floor":42},{"not_picked":["Compile Driver+1","Loop"],"picked":"Fusion","floor":42},{"not_picked":["Steam","Darkness"],"picked":"Consume+1","floor":48},{"not_picked":["Ball Lightning","Melter"],"picked":"Double Energy","floor":55}],"player_experience":3807631,"relics_obtained":[{"floor":9.0,"key":"DataDisk"},{"floor":10.0,"key":"Pear"},{"floor":13.0,"key":"Boot"},{"floor":26.0,"key":"War Paint"},{"floor":34.0,"key":"Centennial Puzzle"},{"floor":34.0,"key":"Pantograph"},{"floor":34.0,"key":"Emotion Chip"},{"floor":40.0,"key":"FossilizedHelix"},{"floor":42,"key":"Strawberry"},{"floor":43,"key":"Happy Flower"},{"floor":43,"key":"PreservedInsect"},{"floor":55,"key":"Cables"}],"event_choices":[{"damage_healed":0.0,"max_hp_gain":0.0,"max_hp_loss":0.0,"gold_gain":0.0,"event_name":"Accursed Blacksmith","player_choice":"Rummage","floor":4.0,"gold_loss":0.0,"damage_taken":0.0,"relics_obtained":["WarpedTongs"],"cards_obtained":["Pain"]},{"damage_healed":0.0,"max_hp_gain":0.0,"max_hp_loss":0.0,"gold_gain":0.0,"event_name":"The Mausoleum","player_choice":"Opened","floor":19.0,"gold_loss":0.0,"damage_taken":0.0,"relics_obtained":["Matryoshka"],"cards_obtained":["Writhe"]},{"damage_healed":0.0,"max_hp_gain":0.0,"max_hp_loss":0.0,"gold_gain":0.0,"event_name":"Vampires","player_choice":"Ignored","floor":27.0,"gold_loss":0.0,"damage_taken":0.0},{"cards_removed":["Strike_B"],"damage_healed":0.0,"max_hp_gain":0.0,"max_hp_loss":0.0,"gold_gain":0.0,"event_name":"Bonfire Elementals","player_choice":"Offered Basic","floor":29.0,"gold_loss":0.0,"damage_taken":0.0},{"damage_healed":0.0,"max_hp_gain":0.0,"max_hp_loss":4.0,"gold_gain":0.0,"event_name":"Winding Halls","player_choice":"Max HP","floor":36.0,"gold_loss":0.0,"damage_taken":0.0},{"damage_healed":0.0,"max_hp_gain":0.0,"max_hp_loss":0.0,"gold_gain":0.0,"event_name":"Duplicator","player_choice":"Copied","floor":37.0,"gold_loss":0.0,"damage_taken":0.0,"cards_obtained":["Skim"]},{"damage_healed":0.0,"max_hp_gain":0.0,"max_hp_loss":0.0,"gold_gain":0.0,"event_name":"Mysterious Sphere","player_choice":"Ignored","floor":39.0,"gold_loss":0.0,"damage_taken":0.0},{"cards_removed":["Pain","Clumsy"],"damage_healed":0,"gold_gain":0,"player_choice":"Removed Curses","damage_taken":0,"max_hp_gain":0,"max_hp_loss":0,"event_name":"Fountain of Cleansing","floor":46,"gold_loss":0}],"is_beta":false,"boss_relics":[{"not_picked":["Ectoplasm","Busted Crown"],"picked":"Coffee Dripper"},{"not_picked":["Runic Dome","Snecko Eye"],"picked":"Calling Bell"}],"items_purged_floors":[2,12,21,45],"is_endless":false,"potions_floor_spawned":[3,10,16,18,20,22,35,38,42],"ascension_level":20}