{"gold_per_floor":[119,133,58,58,76,76,76,101,179,179,196,196,196,211,211,287,287,302,302],"floor_reached":19,"playtime":697,"items_purged":["Strike_R"],"score":290,"play_id":"462b566d-a398-48a8-acfc-331fe9ea0afd","local_time":"20181110150123","is_ascension_mode":true,"campfire_choices":[{"data":"Uppercut","floor":6,"key":"SMITH"},{"data":"Disarm","floor":10,"key":"SMITH"},{"data":"Power Through","floor":13,"key":"SMITH"},{"data":"Second Wind","floor":15,"key":"SMITH"}],"neow_cost":"NONE","seed_source_timestamp":8763095679562,"circlet_count":0,"master_deck":["AscendersBane","Strike_R","Strike_R","Strike_R","Defend_R","Defend_R","Defend_R","Defend_R","Uppercut+1","Power Through+1","Disarm+1","Ghostly Armor","Dual Wield","Second Wind+1","Second Wind","Reaper"],"relics":["Orrery","Regal Pillow","Sundial","Velvet Choker"],"potions_floor_usage":[14,14],"damage_taken":[{"damage":3,"enemies":"Small Slimes","floor":1,"turns":5},{"damage":0,"enemies":"Cultist","floor":2,"turns":3},{"damage":0,"enemies":"Jaw Worm","floor":5,"turns":4},{"damage":0,"enemies":"Blue Slaver","floor":11,"turns":5},{"damage":11,"enemies":"Gremlin Gang","floor":14,"turns":7},{"damage":12,"enemies":"The Guardian","floor":16,"turns":16},{"damage":45,"enemies":"Chosen","floor":18,"turns":12},{"damage":33,"enemies":"3 Byrds","floor":19,"turns":8}],"seed_played":"2189618434537154416","potions_obtained":[{"floor":5,"key":"Energy Potion"},{"floor":11,"key":"SteroidPotion"}],"is_trial":false,"path_per_floor":["M","M","$","?","M","R","$","T","T","R","M","?","R","M","R","B",null,"M","M"],"character_chosen":"IRONCLAD","items_purchased":[],"campfire_rested":0,"item_purchase_floors":[],"current_hp_per_floor":[65,65,65,65,65,65,65,65,65,65,65,58,58,47,47,35,65,26,0],"gold":302,"neow_bonus":"BOSS_RELIC","is_prod":false,"is_daily":false,"chose_seed":false,"campfire_upgraded":4,"win_rate":0,"timestamp":1541833283,"path_taken":["M","M","$","?","?","R","?","?","T","R","M","?","R","M","R","BOSS","M","M"],"build_version":"2018-11-08","purchased_purges":1,"victory":false,"max_hp_per_floor":[75,75,75,75,75,75,75,75,75,75,75,75,75,75,75,75,75,75,75],"card_choices":[{"not_picked":["Headbutt","Dual Wield"],"picked":"Uppercut","floor":0},{"not_picked":["Sever Soul","Entrench"],"picked":"Power Through","floor":0},{"not_picked":["Cleave","Pommel Strike"],"picked":"Disarm","floor":0},{"not_picked":["Anger","Iron Wave"],"picked":"Ghostly Armor","floor":0},{"not_picked":["Infernal Blade","Havoc"],"picked":"Dual Wield","floor":0},{"not_picked":["Reckless Charge","Bloodletting","Thunderclap"],"picked":"SKIP","floor":1},{"not_picked":["Clothesline","Combust","Armaments"],"picked":"SKIP","floor":2},{"not_picked":["Sentinel","Perfected Strike"],"picked":"Second Wind","floor":5},{"not_picked":["Clothesline","Iron Wave"],"picked":"Second Wind","floor":11},{"not_picked":["Bloodletting","Shockwave","Heavy Blade"],"picked":"SKIP","floor":14},{"not_picked":["Double Tap","Offering"],"picked":"Reaper","floor":16},{"not_picked":["Cleave","Clothesline","Warcry"],"picked":"SKIP","floor":18}],"player_experience":963384,"relics_obtained":[{"floor":8,"key":"Regal Pillow"},{"floor":9,"key":"Sundial"}],"event_choices":[{"cards_removed":["Strike_R"],"damage_healed":0,"gold_gain":0,"player_choice":"Offered Basic","damage_taken":0,"max_hp_gain":0,"max_hp_loss":0,"event_name":"Bonfire Elementals","floor":4,"gold_loss":0},{"cards_removed":["Bash"],"damage_healed":0,"gold_gain":0,"player_choice":"Card Removal","damage_taken":7,"max_hp_gain":0,"max_hp_loss":0,"event_name":"Golden Wing","floor":12,"gold_loss":0}],"is_beta":false,"boss_relics":[{"not_picked":["Busted Crown","Ectoplasm"],"picked":"Velvet Choker"}],"items_purged_floors":[3],"is_endless":false,"potions_floor_spawned":[5,11],"killed_by":"3 Byrds","ascension_level":17}