{"gold_per_floor":[119,119,119,2,19,44,44,44,44,71,91,166,23,23,23,23],"floor_reached":16,"playtime":211,"items_purged":["Strike_G","Defend_G"],"score":262,"play_id":"7ccb3bd9-43a6-4600-9716-9c0097ce6815","local_time":"20190715175914","is_ascension_mode":true,"campfire_choices":[{"data":"Noxious Fumes","floor":8,"key":"SMITH"},{"data":"Poisoned Stab","floor":15,"key":"SMITH"}],"neow_cost":"NONE","seed_source_timestamp":723323201087800,"circlet_count":0,"master_deck":["AscendersBane","Strike_G","Strike_G","Strike_G","Defend_G","Defend_G","Defend_G+1","Defend_G","Survivor","Neutralize+1","Noxious Fumes+1","Poisoned Stab+1","Escape Plan","Regret"],"relics":["Ring of the Snake","NeowsBlessing","Potion Belt","Ice Cream","Question Card","Du-Vu Doll"],"potions_floor_usage":[15],"damage_taken":[{"damage":0,"enemies":"2 Louse","floor":1,"turns":1},{"damage":0,"enemies":"Jaw Worm","floor":5,"turns":1},{"damage":0,"enemies":"3 Sentries","floor":6,"turns":1},{"damage":5,"enemies":"Lagavulin","floor":10,"turns":7},{"damage":3,"enemies":"Small Slimes","floor":11,"turns":4},{"damage":29,"enemies":"Slime Boss","floor":16,"turns":3}],"seed_played":"-5562769621395868887","potions_obtained":[{"floor":6,"key":"LiquidBronze"},{"floor":11,"key":"Fruit Juice"}],"is_trial":false,"path_per_floor":["M","?","?","$","M","E","$","R","T","E","M","?","$","?","R","B"],"character_chosen":"THE_SILENT","items_purchased":["Noxious Fumes","Escape Plan"],"campfire_rested":0,"item_purchase_floors":[4,13],"current_hp_per_floor":[59,52,32,32,32,32,32,32,32,27,24,13,13,13,18,0],"gold":23,"neow_bonus":"THREE_ENEMY_KILL","is_prod":false,"is_daily":false,"chose_seed":false,"campfire_upgraded":2,"win_rate":0,"timestamp":1563184754,"path_taken":["M","?","?","?","M","E","$","R","T","E","M","?","$","?","R","BOSS"],"build_version":"2019-07-05","purchased_purges":2,"victory":false,"max_hp_per_floor":[66,66,66,66,66,66,66,66,66,66,66,66,66,66,71,71],"card_choices":[{"not_picked":["Prepared","Accuracy","Bane"],"picked":"SKIP","floor":1},{"not_picked":["Deflect","Bullet Time"],"picked":"Poisoned Stab","floor":5},{"not_picked":["Blade Dance","Heel Hook","PiercingWail"],"picked":"SKIP","floor":6},{"not_picked":["Distraction","Leg Sweep","Prepared"],"picked":"SKIP","floor":10},{"not_picked":["PiercingWail","Prepared","Phantasmal Killer","Underhanded Strike"],"picked":"SKIP","floor":11}],"player_experience":1598933,"relics_obtained":[{"floor":6,"key":"Potion Belt"},{"floor":9,"key":"Ice Cream"},{"floor":10,"key":"Question Card"}],"event_choices":[{"cards_removed":["Strike_G"],"damage_healed":0,"gold_gain":0,"player_choice":"Card Removal","damage_taken":7,"max_hp_gain":0,"max_hp_loss":0,"event_name":"Golden Wing","floor":2,"gold_loss":0},{"damage_healed":0,"gold_gain":0,"player_choice":"Entered Light","damage_taken":20,"max_hp_gain":0,"max_hp_loss":0,"event_name":"Shining Light","floor":3,"gold_loss":0,"cards_upgraded":["Defend_G","Neutralize"]},{"damage_healed":0,"gold_gain":75,"player_choice":"Gather Gold","damage_taken":11,"max_hp_gain":0,"max_hp_loss":0,"event_name":"World of Goop","floor":12,"gold_loss":0},{"damage_healed":0,"gold_gain":0,"player_choice":"Box","damage_taken":0,"relics_obtained":["Du-Vu Doll"],"max_hp_gain":0,"max_hp_loss":0,"event_name":"Big Fish","floor":14,"gold_loss":0,"cards_obtained":["Regret"]}],"is_beta":false,"boss_relics":[],"items_purged_floors":[4,13],"is_endless":false,"potions_floor_spawned":[6,11],"killed_by":"Slime Boss","ascension_level":20}