{"gold_per_floor":[112,37,49,118,168,193,118,138,206,206,233,248,248,259,259,332,332,350,366,98,98,17,46,46,46,46,65,75,75,75,75,75,150,150,162,162,173,189,48,48,81,81,81,81,81,81,81,96,96,96,96],"floor_reached":51,"playtime":2133,"items_purged":["Strike_B","Strike_B"],"score":1502,"play_id":"f0dc6066-d4ff-4020-8e76-29f66f31f482","local_time":"20190304104935","is_ascension_mode":true,"campfire_choices":[{"data":"Sunder","floor":10,"key":"SMITH"},{"data":"Hologram","floor":13,"key":"SMITH"},{"data":"Coolheaded","floor":15,"key":"SMITH"},{"data":"Defragment","floor":24,"key":"SMITH"},{"floor":29,"key":"REST"},{"data":"Reinforced Body","floor":32,"key":"SMITH"},{"data":"Coolheaded","floor":40,"key":"SMITH"},{"data":"White Noise","floor":42,"key":"SMITH"},{"floor":44,"key":"RECALL"},{"data":"Dualcast","floor":49,"key":"SMITH"}],"neow_cost":"NONE","seed_source_timestamp":4059190756284,"circlet_count":0,"master_deck":["AscendersBane","Strike_B","Defend_B","Defend_B","Defend_B","Defend_B","Zap","Dualcast+1","Sunder+1","Conserve Battery","Hologram+1","Coolheaded+1","Creative AI","Defragment+1","Cold Snap","Reinforced Body+1","Creative AI","White Noise+1","Coolheaded+1","Undo+1"],"relics":["Cracked Core","NeowsBlessing","Art of War","Potion Belt","Mummified Hand","Vajra","Runic Dome","PreservedInsect","Turnip","Coffee Dripper","NlothsMask","Bronze Scales","Bottled Lightning"],"potions_floor_usage":[16,18,19,23,23,41,41,41,51],"damage_taken":[{"damage":0,"enemies":"2 Louse","floor":1,"turns":1},{"damage":0,"enemies":"Jaw Worm","floor":3,"turns":1},{"damage":0,"enemies":"Lagavulin","floor":6,"turns":2},{"damage":0,"enemies":"Cultist","floor":8,"turns":3},{"damage":18,"enemies":"3 Sentries","floor":11,"turns":8},{"damage":1,"enemies":"Blue Slaver","floor":12,"turns":3},{"damage":0,"enemies":"Exordium Wildlife","floor":14,"turns":2},{"damage":0,"enemies":"The Guardian","floor":16,"turns":12},{"damage":6,"enemies":"2 Thieves","floor":18,"turns":4},{"damage":9,"enemies":"Chosen","floor":19,"turns":5},{"damage":17,"enemies":"Gremlin Leader","floor":23,"turns":4},{"damage":33,"enemies":"Snake Plant","floor":27,"turns":4},{"damage":9,"enemies":"Centurion and Healer","floor":28,"turns":7},{"damage":3,"enemies":"Champ","floor":33,"turns":11},{"damage":11,"enemies":"Orb Walker","floor":35,"turns":4},{"damage":0,"enemies":"3 Darklings","floor":37,"turns":10},{"damage":25,"enemies":"Jaw Worm Horde","floor":38,"turns":4},{"damage":0,"enemies":"Nemesis","floor":41,"turns":9},{"damage":0,"enemies":"Sphere and 2 Shapes","floor":48,"turns":5},{"damage":7,"enemies":"Donu and Deca","floor":50,"turns":11},{"damage":17,"enemies":"Awakened One","floor":51,"turns":3}],"seed_played":"-4661854738670555897","potions_obtained":[{"floor":3,"key":"FocusPotion"},{"floor":6,"key":"Energy Potion"},{"floor":8,"key":"FearPotion"},{"floor":19,"key":"Regen Potion"},{"floor":33,"key":"Energy Potion"},{"floor":38,"key":"PowerPotion"},{"floor":48,"key":"FocusPotion"}],"is_trial":false,"path_per_floor":["M","?","M","?","T","E","$","M","T","R","E","M","R","M","R","B",null,"M","M","$","?","$","E","R","?","T","M","M","R","?","$","R","B",null,"M","?","M","M","$","R","E","R","T","R","?","?","T","M","R","B","B"],"character_chosen":"DEFECT","items_purchased":["PreservedInsect","FocusPotion","PowerPotion","FocusPotion"],"campfire_rested":1,"item_purchase_floors":[20,22,39,39],"current_hp_per_floor":[64,64,64,64,64,64,64,64,64,64,46,45,45,45,45,45,65,59,50,50,50,50,45,45,45,45,12,3,24,24,24,24,21,59,48,48,48,23,23,23,23,23,23,23,23,23,23,23,23,16,0],"gold":96,"neow_bonus":"THREE_ENEMY_KILL","is_prod":false,"is_daily":false,"chose_seed":false,"campfire_upgraded":8,"win_rate":0,"timestamp":1551667775,"path_taken":["M","?","M","?","?","E","$","M","T","R","E","M","R","M","R","BOSS","M","M","?","?","$","E","R","?","T","?","M","R","?","$","R","BOSS","M","?","M","?","$","R","E","R","T","R","?","?","?","M","R","BOSS","BOSS"],"build_version":"2019-01-23","purchased_purges":2,"victory":false,"max_hp_per_floor":[71,71,71,71,71,71,71,71,71,71,71,71,71,71,71,71,71,71,71,71,71,71,71,71,71,71,71,71,71,71,71,71,71,71,71,71,71,71,71,71,71,71,71,71,67,67,67,67,67,67,67],"card_choices":[{"not_picked":["Rebound","Go for the Eyes"],"picked":"Sunder","floor":1},{"not_picked":["Compile Driver","Doom and Gloom"],"picked":"Conserve Battery","floor":3},{"not_picked":["Steam Power","Ball Lightning","Force Field"],"picked":"SKIP","floor":6},{"not_picked":["Steam","Aggregate"],"picked":"Hologram","floor":8},{"not_picked":["Beam Cell","Rebound","Reprogram"],"picked":"SKIP","floor":11},{"not_picked":["Compile Driver","Streamline","Auto Shields"],"picked":"SKIP","floor":12},{"not_picked":["Compile Driver","Streamline","Auto Shields"],"picked":"SKIP","floor":12},{"not_picked":["Gash","Multi-Cast"],"picked":"Coolheaded","floor":14},{"not_picked":["Multi-Cast","Machine Learning"],"picked":"Creative AI","floor":16},{"not_picked":["Steam","Consume"],"picked":"Defragment","floor":18},{"not_picked":["FTL","Sweeping Beam"],"picked":"Cold Snap","floor":19},{"not_picked":["Beam Cell","Steam","Doom and Gloom"],"picked":"SKIP","floor":23},{"not_picked":["Cold Snap","Fusion"],"picked":"Reinforced Body","floor":27},{"not_picked":["Steam","Hello World","Compile Driver"],"picked":"SKIP","floor":28},{"not_picked":["Rainbow","Seek"],"picked":"Creative AI","floor":33},{"not_picked":["Auto Shields","Go for the Eyes"],"picked":"White Noise","floor":35},{"not_picked":["Go for the Eyes","Loop+1"],"picked":"Coolheaded","floor":37},{"not_picked":["Barrage","Sweeping Beam+1"],"picked":"Undo+1","floor":38},{"not_picked":["Lockon","Loop","Conserve Battery+1"],"picked":"SKIP","floor":41},{"not_picked":["Static Discharge+1","Rebound","Sunder+1"],"picked":"SKIP","floor":48}],"player_experience":3297361,"relics_obtained":[{"floor":5,"key":"Art of War"},{"floor":6,"key":"Potion Belt"},{"floor":9,"key":"Mummified Hand"},{"floor":11,"key":"Vajra"},{"floor":23,"key":"Turnip"},{"floor":41,"key":"Bronze Scales"},{"floor":47,"key":"Bottled Lightning"}],"event_choices":[{"cards_removed":["Strike_B"],"damage_healed":0,"gold_gain":0,"player_choice":"Card Removal","damage_taken":0,"max_hp_gain":0,"max_hp_loss":0,"event_name":"The Cleric","floor":2,"gold_loss":75},{"damage_healed":0,"gold_gain":69,"player_choice":"Gained Gold","damage_taken":0,"max_hp_gain":0,"max_hp_loss":0,"event_name":"Golden Wing","floor":4,"gold_loss":0},{"damage_healed":0,"gold_gain":0,"player_choice":"Ignored","damage_taken":0,"max_hp_gain":0,"max_hp_loss":0,"event_name":"Vampires","floor":21,"gold_loss":0},{"damage_healed":0,"gold_gain":0,"player_choice":"Ignored","damage_taken":0,"max_hp_gain":0,"max_hp_loss":0,"event_name":"The Mausoleum","floor":25,"gold_loss":0},{"damage_healed":0,"gold_gain":0,"player_choice":"Ignored","damage_taken":0,"max_hp_gain":0,"max_hp_loss":0,"event_name":"Cursed Tome","floor":30,"gold_loss":0},{"damage_healed":0,"gold_gain":0,"player_choice":"Trade","damage_taken":0,"relics_obtained":["NlothsMask"],"max_hp_gain":0,"max_hp_loss":0,"event_name":"FaceTrader","floor":36,"gold_loss":0},{"damage_healed":0,"gold_gain":0,"player_choice":"Max HP","damage_taken":0,"max_hp_gain":0,"max_hp_loss":4,"event_name":"Winding Halls","floor":45,"gold_loss":0},{"damage_healed":0,"gold_gain":0,"player_choice":"Ignored","damage_taken":0,"max_hp_gain":0,"max_hp_loss":0,"event_name":"Mysterious Sphere","floor":46,"gold_loss":0}],"is_beta":false,"boss_relics":[{"not_picked":["FrozenCore","Ectoplasm"],"picked":"Runic Dome"},{"not_picked":["Philosopher\u0027s Stone","Pandora\u0027s Box"],"picked":"Coffee Dripper"}],"items_purged_floors":[7,20],"is_endless":false,"potions_floor_spawned":[3,6,8,19,33,38,48],"killed_by":"Awakened One","ascension_level":20}