{"gold_per_floor":[115,130,130,144,159,159,159,159,240,2,19,35,51,68,68,68],"floor_reached":16,"playtime":368,"items_purged":[],"score":192,"play_id":"5d4af2b5-7ef6-4095-9af2-d056856ba244","local_time":"20190611225153","is_ascension_mode":true,"campfire_choices":[{"data":"Coolheaded","floor":6,"key":"SMITH"},{"data":"Self Repair","floor":8,"key":"SMITH"},{"data":"Creative AI","floor":15,"key":"SMITH"}],"neow_cost":"NONE","seed_source_timestamp":10805285301780,"circlet_count":0,"master_deck":["AscendersBane","Strike_B","Strike_B","Strike_B","Strike_B","Defend_B","Defend_B","Defend_B","Defend_B","Zap","Dualcast","Recycle+1","Coolheaded+1","Self Repair+1","Hello World","Creative AI+1","Reprogram","Skim","Coolheaded"],"relics":["Cracked Core","NeowsBlessing","Bronze Scales","Membership Card"],"potions_floor_usage":[5,13,16],"damage_taken":[{"damage":0,"enemies":"Jaw Worm","floor":1,"turns":1},{"damage":0,"enemies":"2 Louse","floor":2,"turns":1},{"damage":0,"enemies":"Cultist","floor":4,"turns":1},{"damage":28,"enemies":"Exordium Thugs","floor":5,"turns":6},{"damage":8,"enemies":"Looter","floor":11,"turns":3},{"damage":11,"enemies":"Red Slaver","floor":12,"turns":6},{"damage":15,"enemies":"3 Louse","floor":13,"turns":2},{"damage":13,"enemies":"Blue Slaver","floor":14,"turns":5},{"damage":18,"enemies":"Hexaghost","floor":16,"turns":8}],"seed_played":"-2875830330927007793","potions_obtained":[{"floor":4,"key":"Block Potion"},{"floor":11,"key":"SteroidPotion"},{"floor":14,"key":"LiquidBronze"}],"is_trial":false,"path_per_floor":["M","M","?","M","M","R","?","R","T","$","M","M","M","M","R","B"],"character_chosen":"DEFECT","items_purchased":["Membership Card","Hello World"],"campfire_rested":0,"item_purchase_floors":[10,10],"current_hp_per_floor":[64,64,53,53,25,25,25,25,25,25,27,26,21,18,18,0],"gold":68,"neow_bonus":"THREE_ENEMY_KILL","is_prod":false,"is_daily":false,"chose_seed":false,"campfire_upgraded":3,"win_rate":0,"timestamp":1560261113,"path_taken":["M","M","?","M","M","R","?","R","T","$","M","M","?","M","R","BOSS"],"build_version":"2019-01-23","purchased_purges":0,"victory":false,"max_hp_per_floor":[71,71,71,71,71,71,71,71,71,71,71,71,71,71,71,71],"card_choices":[{"not_picked":["Leap","Hologram"],"picked":"Recycle","floor":1},{"not_picked":["Barrage","Beam Cell","Stack"],"picked":"SKIP","floor":2},{"not_picked":["Sweeping Beam","Doom and Gloom"],"picked":"Coolheaded","floor":4},{"not_picked":["Go for the Eyes","Ball Lightning"],"picked":"Self Repair","floor":5},{"not_picked":["Force Field","Hologram"],"picked":"Creative AI","floor":11},{"not_picked":["Scrape","Stack"],"picked":"Reprogram","floor":12},{"not_picked":["Leap","Sweeping Beam"],"picked":"Skim","floor":13},{"not_picked":["Steam","Streamline"],"picked":"Coolheaded","floor":14}],"player_experience":582832,"relics_obtained":[],"event_choices":[{"damage_healed":0,"gold_gain":0,"player_choice":"Success","damage_taken":11,"relics_obtained":["Bronze Scales"],"max_hp_gain":0,"max_hp_loss":0,"event_name":"Scrap Ooze","floor":3,"gold_loss":0},{"damage_healed":0,"gold_gain":0,"player_choice":"Forge","damage_taken":0,"max_hp_gain":0,"max_hp_loss":0,"event_name":"Accursed Blacksmith","floor":7,"gold_loss":0,"cards_upgraded":["Recycle"]}],"is_beta":false,"boss_relics":[],"items_purged_floors":[],"is_endless":false,"potions_floor_spawned":[4,11,14],"killed_by":"Hexaghost","ascension_level":20}