{"path_per_floor":["M","M","?","M","M","E","M","R","T","E","M","$","E","M","R","B",null,"M","$","?","?","$","R","E","R","T","E","?","R","M","?","R"],"character_chosen":"THE_SILENT","items_purchased":["Bottled Lightning","Dodecahedron"],"gold_per_floor":[114,129,129,144,159,189,204,204,254,284,299,49,79,94,94,194,194,209,209,209,259,9,9,39,39,89,119,119,119,134,384,384,384],"floor_reached":33,"campfire_rested":0,"playtime":1261,"current_hp_per_floor":[70,70,70,70,66,66,68,68,68,70,70,70,70,70,70,70,70,70,70,70,70,70,70,70,70,70,65,49,49,51,51,51,0],"items_purged":[],"gold":384,"score":503,"play_id":"074f9eaa-b316-4aeb-ba7b-4d12e0d3e5eb","local_time":"20180422092936","daily_mods":["Insanity","Binary","Night Terrors"],"is_prod":false,"is_daily":true,"chose_seed":false,"is_ascension_mode":false,"campfire_upgraded":6,"timestamp":1524360576,"path_taken":["M","M","?","M","M","E","M","R","T","E","M","?","E","M","R","BOSS","M","$","?","?","?","R","E","R","T","E","?","R","M","?","R","BOSS"],"build_version":"2018-04-19","seed_source_timestamp":0,"purchased_purges":0,"victory":false,"master_deck":["Flechettes","Tactician","Caltrops","Calculated Gamble","Envenom","Concentrate","Endless Agony","Venomology","Underhanded Strike","Prepared","Blade Dance","Unload","After Image+1","Slice","Expertise","Catalyst","Prepared","Tools of the Trade","Wraith Form v2+1","Caltrops","Flechettes","Leg Sweep","Backstab+1","Defend_G","Predator","Reflex","Dodge and Roll","Slice","Riddle With Holes","Backstab+1","Calculated Gamble","Unload","Riddle With Holes","Terror+1","Deflect","Riddle With Holes","Escape Plan","Poisoned Stab","Expertise","Dagger Throw","Backflip","Dash","Grand Finale","Deadly Poison","Adrenaline","Choke","Cloak And Dagger","Leg Sweep","Grand Finale","Well Laid Plans","Dagger Throw","Backstab+1","Finisher+1","Reflex+1","Reflex+1","Catalyst+1","Prepared+1","Malaise+1","Necronomicurse","Dagger Throw+1","Regret"],"max_hp_per_floor":[70,70,70,70,70,70,70,70,70,70,70,70,70,70,70,70,70,70,70,70,70,70,70,70,70,70,80,80,80,80,80,80,80],"relics":["Ring of the Snake","Blood Vial","Ancient Tea Set","Molten Egg 2","Bottled Lightning","Vajra","Astrolabe","Dodecahedron","Oddly Smooth Stone","Snake Skull","Pear","Necronomicon"],"card_choices":[{"not_picked":["Deadly Poison"],"picked":"Cloak And Dagger","floor":1},{"not_picked":["Poisoned Stab"],"picked":"Leg Sweep","floor":2},{"not_picked":["Dagger Throw"],"picked":"Well Laid Plans","floor":4},{"not_picked":["Prepared"],"picked":"Dagger Throw","floor":5},{"not_picked":["Phantasmal Killer"],"picked":"Backstab","floor":7},{"not_picked":["Dagger Spray"],"picked":"Finisher","floor":14},{"not_picked":["PiercingWail"],"picked":"Prepared","floor":24},{"not_picked":["PiercingWail"],"picked":"Malaise","floor":27},{"not_picked":["Cloak And Dagger"],"picked":"Dagger Throw","floor":30}],"player_experience":424578,"potions_floor_usage":[10,24,24,33,33,33,33],"damage_taken":[{"damage":0,"enemies":"Jaw Worm","floor":1,"turns":1},{"damage":0,"enemies":"Cultist","floor":2,"turns":2},{"damage":0,"enemies":"Small Slimes","floor":4,"turns":2},{"damage":4,"enemies":"Blue Slaver","floor":5,"turns":3},{"damage":0,"enemies":"Lagavulin","floor":6,"turns":7},{"damage":0,"enemies":"Exordium Wildlife","floor":7,"turns":4},{"damage":0,"enemies":"3 Sentries","floor":10,"turns":6},{"damage":0,"enemies":"3 Louse","floor":11,"turns":2},{"damage":0,"enemies":"Lagavulin","floor":13,"turns":4},{"damage":0,"enemies":"Large Slime","floor":14,"turns":1},{"damage":0,"enemies":"Slime Boss","floor":16,"turns":6},{"damage":0,"enemies":"Shell Parasite","floor":18,"turns":1},{"damage":0,"enemies":"Slavers","floor":24,"turns":4},{"damage":15,"enemies":"Book of Stabbing","floor":27,"turns":4},{"damage":0,"enemies":"Chosen","floor":30,"turns":2},{"damage":81,"enemies":"Automaton","floor":33,"turns":6}],"event_choices":[{"event_name":"Living Wall","player_choice":"Change","floor":3,"damage_taken":0},{"event_name":"Vampires","player_choice":"Ignored","floor":20,"damage_taken":0},{"event_name":"The Joust","player_choice":"Bet on Murderer","floor":21,"damage_taken":0},{"event_name":"Cursed Tome","player_choice":"Obtained Book","floor":28,"damage_taken":0},{"event_name":"Golden Shrine","player_choice":"Desecrate","floor":31,"damage_taken":0}],"boss_relics":[{"not_picked":["Runic Dome","Velvet Choker"],"picked":"Astrolabe"}],"potions_floor_spawned":[2,4,7,10,16,18,30],"seed_played":"2287316117940418271","killed_by":"Automaton","ascension_level":0,"is_trial":false}