{"gold_per_floor":[113,113,188,23,43,68,68,68,68,86,101,115,134,134,134,212,212,230,250,250,265,45,45,45,45,72,84,96,108,135,165,177,265,277,301,413,191,206,224,224,204,229,254,269,282,314,331,347,347,347,347],"floor_reached":51,"playtime":2247,"items_purged":["Strike_G","Strike_G"],"score":1422,"play_id":"58f9526d-6960-4553-bd40-2a5deaf500f3","local_time":"20190804140723","is_ascension_mode":true,"campfire_choices":[{"data":"Noxious Fumes","floor":7.0,"key":"SMITH"},{"data":"Deadly Poison","floor":15.0,"key":"SMITH"},{"floor":23.0,"key":"REST"},{"data":"Tactician","floor":25.0,"key":"SMITH"},{"data":"Predator","floor":27.0,"key":"SMITH"},{"floor":32.0,"key":"REST"},{"data":"Acrobatics","floor":40.0,"key":"SMITH"},{"floor":49.0,"key":"RECALL"}],"neow_cost":"NONE","seed_source_timestamp":677862481970900,"circlet_count":0,"master_deck":["AscendersBane","Defend_G","Defend_G","Defend_G","Defend_G","Defend_G","Survivor","Neutralize+1","Predator+1","Noxious Fumes+1","Calculated Gamble+1","Deadly Poison+1","Tactician+1","After Image","Tools of the Trade","Acrobatics+1","Well Laid Plans"],"special_seed":0,"relics":["Ring of the Serpent","NeowsBlessing","StoneCalendar","Ancient Tea Set","Busted Crown","TheAbacus","MawBank","Ginger","Bag of Preparation","Happy Flower"],"potions_floor_usage":[],"damage_taken":[{"damage":0.0,"enemies":"2 Louse","floor":1.0,"turns":1.0},{"damage":0.0,"enemies":"Small Slimes","floor":5.0,"turns":1.0},{"damage":0.0,"enemies":"Lagavulin","floor":6.0,"turns":1.0},{"damage":0.0,"enemies":"Cultist","floor":10.0,"turns":3.0},{"damage":5.0,"enemies":"2 Fungi Beasts","floor":11.0,"turns":3.0},{"damage":13.0,"enemies":"Blue Slaver","floor":12.0,"turns":4.0},{"damage":12.0,"enemies":"Lots of Slimes","floor":13.0,"turns":4.0},{"damage":2.0,"enemies":"The Guardian","floor":16.0,"turns":8.0},{"damage":13.0,"enemies":"Spheric Guardian","floor":18.0,"turns":4.0},{"damage":17.0,"enemies":"Chosen","floor":19.0,"turns":5.0},{"damage":10.0,"enemies":"Centurion and Healer","floor":21.0,"turns":6.0},{"damage":10.0,"enemies":"Snake Plant","floor":30.0,"turns":4.0},{"damage":1.0,"enemies":"3 Cultists","floor":31.0,"turns":5.0},{"damage":7.0,"enemies":"Collector","floor":33.0,"turns":9.0},{"damage":4.0,"enemies":"Orb Walker","floor":35.0,"turns":4.0},{"damage":0.0,"enemies":"Mind Bloom Boss Battle","floor":36.0,"turns":8.0},{"damage":14.0,"enemies":"3 Darklings","floor":38.0,"turns":5.0},{"damage":13.0,"enemies":"Sphere and 2 Shapes","floor":39.0,"turns":5.0},{"damage":0.0,"enemies":"Giant Head","floor":42.0,"turns":7.0},{"damage":12.0,"enemies":"Jaw Worm Horde","floor":44.0,"turns":6.0},{"damage":0.0,"enemies":"4 Shapes","floor":45.0,"turns":7.0},{"damage":7.0,"enemies":"Reptomancer","floor":46.0,"turns":6.0},{"damage":0.0,"enemies":"Spire Growth","floor":47.0,"turns":5.0},{"damage":0.0,"enemies":"3 Darklings","floor":48.0,"turns":4.0},{"damage":3.0,"enemies":"Time Eater","floor":50.0,"turns":15.0},{"damage":16,"enemies":"Awakened One","floor":51,"turns":3}],"seed_played":"201272289738195438","potions_obtained":[{"floor":1.0,"key":"EssenceOfSteel"},{"floor":11.0,"key":"FearPotion"},{"floor":12.0,"key":"Strength Potion"},{"floor":16.0,"key":"SteroidPotion"},{"floor":18.0,"key":"SkillPotion"},{"floor":21.0,"key":"Poison Potion"},{"floor":33.0,"key":"AttackPotion"},{"floor":35.0,"key":"Poison Potion"},{"floor":36.0,"key":"PowerPotion"},{"floor":46.0,"key":"LiquidBronze"}],"is_trial":false,"path_per_floor":["M","?","?","$","M","E","R","?","T","M","M","M","M","?","R","B",null,"M","M","?","M","$","R","?","R","T","R","?","?","M","M","R","B",null,"M","?","$","M","M","R","?","E","T","M","M","E","M","M","R","B","B"],"character_chosen":"THE_SILENT","items_purchased":["Noxious Fumes","TheAbacus","Acrobatics","Well Laid Plans"],"campfire_rested":2,"item_purchase_floors":[4,22,37,37],"current_hp_per_floor":[59,59,48,48,48,48,48,48,48,48,43,30,18,11,11,9,52,39,22,22,12,12,31,31,31,31,31,31,31,21,20,39,32,58,54,54,54,40,27,27,27,27,27,15,15,8,8,8,8,5,0],"gold":347,"neow_bonus":"THREE_ENEMY_KILL","is_prod":false,"is_daily":false,"chose_seed":false,"campfire_upgraded":5,"win_rate":0,"timestamp":1564898843,"path_taken":["M","?","?","$","M","E","R","?","T","M","?","M","M","?","R","BOSS","M","M","?","?","$","R","?","R","T","R","?","?","M","M","R","BOSS","M","?","$","M","M","R","?","E","T","?","M","E","M","M","R","BOSS","BOSS"],"build_version":"2019-07-17","purchased_purges":2,"victory":false,"max_hp_per_floor":[66,66,66,66,66,66,66,66,66,66,66,66,66,66,66,66,66,66,66,66,66,66,66,66,66,66,66,66,66,66,66,66,66,66,66,66,66,66,66,66,66,66,66,66,66,66,66,66,66,66,66],"card_choices":[{"not_picked":["Dodge and Roll","Sucker Punch"],"picked":"Predator","floor":1.0},{"not_picked":["Skewer","Deflect","Acrobatics"],"picked":"SKIP","floor":5.0},{"not_picked":["Glass Knife","Flechettes"],"picked":"Calculated Gamble","floor":6.0},{"not_picked":["Skewer","Eviscerate"],"picked":"Deadly Poison","floor":10.0},{"not_picked":["Choke","PiercingWail","Flying Knee"],"picked":"SKIP","floor":11.0},{"not_picked":["Slice","Prepared","Setup"],"picked":"SKIP","floor":12.0},{"not_picked":["Concentrate","Quick Slash","Noxious Fumes"],"picked":"SKIP","floor":13.0},{"not_picked":["Deflect"],"picked":"SKIP","floor":18.0},{"not_picked":["Slice"],"picked":"SKIP","floor":19.0},{"not_picked":["Crippling Poison"],"picked":"SKIP","floor":21.0},{"not_picked":["Infinite Blades"],"picked":"SKIP","floor":30.0},{"not_picked":["Noxious Fumes+1"],"picked":"SKIP","floor":31.0},{"not_picked":["Dodge and Roll"],"picked":"SKIP","floor":35.0},{"not_picked":["Dagger Throw+1"],"picked":"SKIP","floor":38.0},{"not_picked":["Dodge and Roll+1"],"picked":"SKIP","floor":39.0},{"not_picked":["Skewer"],"picked":"SKIP","floor":42.0},{"not_picked":["Terror+1"],"picked":"SKIP","floor":44.0},{"not_picked":["Bouncing Flask+1"],"picked":"SKIP","floor":45.0},{"not_picked":["Deadly Poison"],"picked":"SKIP","floor":46.0},{"not_picked":["Terror"],"picked":"SKIP","floor":47.0},{"not_picked":["Accuracy"],"picked":"SKIP","floor":48.0}],"player_experience":721729,"relics_obtained":[{"floor":6.0,"key":"StoneCalendar"},{"floor":9.0,"key":"Ancient Tea Set"},{"floor":26.0,"key":"MawBank"},{"floor":36.0,"key":"Ginger"},{"floor":42.0,"key":"Bag of Preparation"},{"floor":46.0,"key":"Happy Flower"}],"event_choices":[{"damage_healed":0.0,"max_hp_gain":0.0,"max_hp_loss":0.0,"gold_gain":0.0,"event_name":"Liars Game","player_choice":"Ignored","floor":2.0,"gold_loss":0.0,"damage_taken":0.0},{"damage_healed":0.0,"max_hp_gain":0.0,"max_hp_loss":0.0,"gold_gain":75.0,"event_name":"World of Goop","player_choice":"Gather Gold","floor":3.0,"gold_loss":0.0,"damage_taken":11.0},{"damage_healed":0.0,"max_hp_gain":0.0,"max_hp_loss":0.0,"gold_gain":0.0,"event_name":"Accursed Blacksmith","player_choice":"Forge","floor":8.0,"gold_loss":0.0,"damage_taken":0.0,"cards_upgraded":["Calculated Gamble"]},{"cards_removed":["Strike_G"],"damage_healed":0.0,"max_hp_gain":0.0,"max_hp_loss":0.0,"gold_gain":0.0,"event_name":"Golden Wing","player_choice":"Card Removal","floor":14.0,"gold_loss":0.0,"damage_taken":7.0},{"damage_healed":0.0,"max_hp_gain":0.0,"max_hp_loss":0.0,"gold_gain":0.0,"event_name":"Upgrade Shrine","player_choice":"Upgraded","floor":20.0,"gold_loss":0.0,"damage_taken":0.0,"cards_upgraded":["Neutralize"]},{"damage_healed":0.0,"max_hp_gain":0.0,"max_hp_loss":0.0,"gold_gain":0.0,"event_name":"The Library","player_choice":"Read","floor":24.0,"gold_loss":0.0,"damage_taken":0.0,"cards_obtained":["Tactician"]},{"damage_healed":0.0,"max_hp_gain":0.0,"max_hp_loss":0.0,"gold_gain":0.0,"event_name":"The Mausoleum","player_choice":"Ignored","floor":28.0,"gold_loss":0.0,"damage_taken":0.0},{"damage_healed":0.0,"max_hp_gain":0.0,"max_hp_loss":0.0,"gold_gain":0.0,"cards_transformed":["Strike_G","Strike_G"],"event_name":"Drug Dealer","player_choice":"Became Test Subject","floor":29.0,"gold_loss":0.0,"damage_taken":0.0,"cards_obtained":["After Image","Tools of the Trade"]},{"damage_healed":0.0,"max_hp_gain":0.0,"max_hp_loss":0.0,"gold_gain":0.0,"event_name":"MindBloom","player_choice":"Fight","floor":36.0,"gold_loss":0.0,"damage_taken":0.0},{"damage_healed":0.0,"max_hp_gain":0.0,"max_hp_loss":0.0,"gold_gain":0.0,"event_name":"The Woman in Blue","player_choice":"Bought 1 Potion","floor":41.0,"gold_loss":0.0,"damage_taken":0.0}],"is_beta":false,"boss_relics":[{"not_picked":["Ectoplasm","Lizard Tail"],"picked":"Busted Crown"},{"not_picked":["Tiny House","WristBlade"],"picked":"Ring of the Serpent"}],"items_purged_floors":[4,37],"is_endless":false,"potions_floor_spawned":[1,11,12,16,18,21,33,35,36,44,46],"killed_by":"Awakened One","ascension_level":20}