{"gold_per_floor":[118,268,268,24,38,38,77,95,95,95,119,135,35,56,56,155,155,171,171,195,120,120,158,33,33,33,57,57,182,182,200,200,293,293,312,330,330,345,363,399,399,420,443,487,487],"floor_reached":45,"playtime":1213,"items_purged":["Doubt","Strike_G","Strike_G"],"score":1065,"play_id":"169296bb-2506-487a-8bda-ef5132261e78","local_time":"20190803115013","is_ascension_mode":true,"campfire_choices":[{"data":"Noxious Fumes","floor":6.0,"key":"SMITH"},{"data":"Bane","floor":10.0,"key":"SMITH"},{"data":"Predator","floor":15.0,"key":"SMITH"},{"data":"Well Laid Plans","floor":25.0,"key":"SMITH"},{"data":"Calculated Gamble","floor":28.0,"key":"SMITH"},{"data":"Reflex","floor":32.0,"key":"SMITH"},{"data":"Burst","floor":41,"key":"SMITH"},{"data":"Tactician","floor":45,"key":"SMITH"}],"neow_cost":"NONE","seed_source_timestamp":493003393526289,"circlet_count":0,"master_deck":["AscendersBane","Defend_G","Defend_G","Defend_G","Defend_G","Defend_G","Survivor","Neutralize","Noxious Fumes+1","Reflex+1","Footwork","Acrobatics","Predator+1","Burst+1","Grand Finale","Well Laid Plans+1","Acrobatics","Calculated Gamble+1","Prepared","Grand Finale","Escape Plan","Tactician+1"],"special_seed":0,"relics":["Ring of the Snake","NeowsBlessing","Golden Idol","Meat on the Bone","Mercury Hourglass","Orrery","Darkstone Periapt","Letter Opener","Mango","Bottled Lightning","Empty Cage","Ninja Scroll","Tough Bandages"],"potions_floor_usage":[44],"damage_taken":[{"damage":0.0,"enemies":"2 Louse","floor":1.0,"turns":1.0},{"damage":0.0,"enemies":"Jaw Worm","floor":5.0,"turns":1.0},{"damage":0.0,"enemies":"Gremlin Nob","floor":7.0,"turns":1.0},{"damage":0.0,"enemies":"Small Slimes","floor":8.0,"turns":4.0},{"damage":6.0,"enemies":"Blue Slaver","floor":11.0,"turns":4.0},{"damage":9.0,"enemies":"Lots of Slimes","floor":12.0,"turns":3.0},{"damage":8.0,"enemies":"Exordium Thugs","floor":14.0,"turns":4.0},{"damage":30.0,"enemies":"Slime Boss","floor":16.0,"turns":6.0},{"damage":8.0,"enemies":"3 Byrds","floor":18.0,"turns":3.0},{"damage":23.0,"enemies":"2 Thieves","floor":20.0,"turns":3.0},{"damage":5.0,"enemies":"Gremlin Leader","floor":23.0,"turns":3.0},{"damage":23.0,"enemies":"Snake Plant","floor":27.0,"turns":4.0},{"damage":25.0,"enemies":"Colosseum Slavers","floor":29.0,"turns":4.0},{"damage":2.0,"enemies":"Colosseum Nobs","floor":29.0,"turns":2.0},{"damage":1.0,"enemies":"Sentry and Sphere","floor":31.0,"turns":3.0},{"damage":41.0,"enemies":"Collector","floor":33.0,"turns":8.0},{"damage":11.0,"enemies":"Orb Walker","floor":35.0,"turns":3.0},{"damage":0.0,"enemies":"3 Darklings","floor":36.0,"turns":1.0},{"damage":2.0,"enemies":"4 Shapes","floor":38.0,"turns":1.0},{"damage":2.0,"enemies":"Sphere and 2 Shapes","floor":39.0,"turns":1.0},{"damage":14.0,"enemies":"Reptomancer","floor":40.0,"turns":3.0},{"damage":16,"enemies":"Maw","floor":42,"turns":4},{"damage":6,"enemies":"Nemesis","floor":44,"turns":5}],"seed_played":"-6312597793944843603","potions_obtained":[{"floor":5.0,"key":"LiquidBronze"},{"floor":7.0,"key":"SteroidPotion"},{"floor":16.0,"key":"FearPotion"},{"floor":27.0,"key":"Dexterity Potion"},{"floor":35.0,"key":"Dexterity Potion"},{"floor":36.0,"key":"Swift Potion"},{"floor":42,"key":"GhostInAJar"}],"is_trial":false,"path_per_floor":["M","?","?","$","M","R","E","M","T","R","M","M","$","M","R","B",null,"M","?","M","?","?","E","$","R","T","M","R","?","?","M","R","B",null,"M","M","?","M","M","E","R","M","T","E","R"],"character_chosen":"THE_SILENT","items_purchased":["Noxious Fumes","Reflex"],"campfire_rested":0,"item_purchase_floors":[4,4],"current_hp_per_floor":[59,59,59,59,59,59,59,59,59,59,53,44,44,36,36,18,50,42,42,31,31,31,38,38,38,38,27,27,38,38,49,49,20,61,50,50,39,49,47,45,45,41,41,47,47],"gold":487,"neow_bonus":"THREE_ENEMY_KILL","is_prod":false,"is_daily":false,"chose_seed":false,"campfire_upgraded":8,"win_rate":0,"timestamp":1564800613,"path_taken":["M","?","?","$","M","R","E","M","T","R","M","M","$","M","R","BOSS","M","?","M","?","?","E","$","R","T","M","R","?","?","M","R","BOSS","M","M","?","M","M","E","R","M","T","E","R"],"build_version":"2019-07-17","purchased_purges":3,"victory":false,"max_hp_per_floor":[66,66,60,60,60,60,60,60,60,60,60,60,60,60,60,60,60,60,60,60,60,60,60,60,60,60,60,60,74,74,74,74,74,74,74,74,74,74,74,74,74,74,74,74,74],"card_choices":[{"not_picked":["Sucker Punch","Blade Dance","Dagger Spray"],"picked":"SKIP","floor":1.0},{"not_picked":["Bane","Dagger Spray"],"picked":"Footwork","floor":5.0},{"not_picked":["Backflip","Concentrate","Prepared"],"picked":"SKIP","floor":7.0},{"not_picked":["Prepared","Dagger Throw"],"picked":"Bane","floor":8.0},{"not_picked":["Cloak And Dagger","Choke"],"picked":"Acrobatics","floor":11.0},{"not_picked":["Slice","Sucker Punch"],"picked":"Predator","floor":12.0},{"not_picked":["Deadly Poison","Blur"],"picked":"Burst","floor":14.0},{"not_picked":["Adrenaline","Malaise"],"picked":"Grand Finale","floor":16.0},{"not_picked":["Predator","Bane"],"picked":"Well Laid Plans","floor":17.0},{"not_picked":["Sucker Punch","Prepared"],"picked":"Acrobatics","floor":17.0},{"not_picked":["Dash","Finisher"],"picked":"Calculated Gamble","floor":17.0},{"not_picked":["Flying Knee","Backstab"],"picked":"Prepared","floor":17.0},{"not_picked":["Bane","Dash","Underhanded Strike"],"picked":"SKIP","floor":18.0},{"not_picked":["Outmaneuver","Underhanded Strike","Blade Dance"],"picked":"SKIP","floor":20.0},{"not_picked":["Caltrops","Accuracy","Acrobatics"],"picked":"SKIP","floor":23.0},{"not_picked":["Dodge and Roll","Acrobatics","PiercingWail"],"picked":"SKIP","floor":27.0},{"not_picked":["Sucker Punch","Footwork+1","Riddle With Holes"],"picked":"SKIP","floor":31.0},{"not_picked":["Predator","Heel Hook+1","Deflect"],"picked":"SKIP","floor":35.0},{"not_picked":["Deadly Poison","Blur+1","All Out Attack"],"picked":"SKIP","floor":36.0},{"not_picked":["Bane+1","Outmaneuver","Dagger Spray"],"picked":"SKIP","floor":38.0},{"not_picked":["Finisher+1","Setup","Deflect"],"picked":"SKIP","floor":39.0},{"not_picked":["Noxious Fumes","PiercingWail","Acrobatics"],"picked":"SKIP","floor":40.0},{"not_picked":["Dagger Throw","Bane"],"picked":"Escape Plan","floor":42},{"not_picked":["Deflect","Flechettes"],"picked":"Tactician","floor":44}],"player_experience":742816,"relics_obtained":[{"floor":7.0,"key":"Meat on the Bone"},{"floor":9.0,"key":"Mercury Hourglass"},{"floor":23.0,"key":"Darkstone Periapt"},{"floor":26.0,"key":"Letter Opener"},{"floor":29.0,"key":"Mango"},{"floor":29.0,"key":"Bottled Lightning"},{"floor":40.0,"key":"Ninja Scroll"},{"floor":44,"key":"Tough Bandages"}],"event_choices":[{"damage_healed":0.0,"max_hp_gain":0.0,"max_hp_loss":0.0,"gold_gain":150.0,"event_name":"Liars Game","player_choice":"AGREE","floor":2.0,"gold_loss":0.0,"damage_taken":0.0,"cards_obtained":["Doubt"]},{"damage_healed":0.0,"max_hp_gain":0.0,"max_hp_loss":6.0,"gold_gain":0.0,"event_name":"Golden Idol","player_choice":"Lose Max HP","floor":3.0,"gold_loss":0.0,"damage_taken":0.0,"relics_obtained":["Golden Idol"]},{"damage_healed":0.0,"max_hp_gain":0.0,"max_hp_loss":0.0,"gold_gain":0.0,"event_name":"Cursed Tome","player_choice":"Ignored","floor":19.0,"gold_loss":0.0,"damage_taken":0.0},{"cards_removed":["Strike_G"],"damage_healed":0.0,"max_hp_gain":0.0,"max_hp_loss":0.0,"gold_gain":0.0,"event_name":"Beggar","player_choice":"Gave Gold","floor":21.0,"gold_loss":75.0,"damage_taken":0.0},{"damage_healed":0.0,"max_hp_gain":0.0,"max_hp_loss":0.0,"gold_gain":0.0,"event_name":"Colosseum","player_choice":"Fight","floor":29.0,"gold_loss":0.0,"damage_taken":0.0},{"damage_healed":0.0,"max_hp_gain":0.0,"max_hp_loss":0.0,"gold_gain":0.0,"event_name":"Colosseum","player_choice":"Fought Nobs","floor":29.0,"gold_loss":0.0,"damage_taken":0.0},{"damage_healed":0.0,"max_hp_gain":0.0,"max_hp_loss":0.0,"gold_gain":0.0,"cards_transformed":["Strike_G","Strike_G"],"event_name":"Drug Dealer","player_choice":"Became Test Subject","floor":30.0,"gold_loss":0.0,"damage_taken":0.0,"cards_obtained":["Grand Finale","All Out Attack"]},{"damage_healed":0.0,"max_hp_gain":0.0,"max_hp_loss":0.0,"gold_gain":0.0,"event_name":"Wheel of Change","player_choice":"Damaged","floor":37.0,"gold_loss":0.0,"damage_taken":11.0}],"is_beta":false,"boss_relics":[{"not_picked":["Ectoplasm","Black Star"],"picked":"Orrery"},{"not_picked":["Philosopher\u0027s Stone","Runic Dome"],"picked":"Empty Cage"}],"items_purged_floors":[4,13,24],"is_endless":false,"potions_floor_spawned":[5,7,16,27,29,35,36,39,42],"ascension_level":20}