{"gold_per_floor":[363,413,427,311,611,625,625,278,329,343,354,383,383,399,399,471,471,487,487,487,505,524,524,558,558,636,648,648,662,209,228,228,302,302,318,365,21,33,50,50,83,133,210,210,229,244,39,51,51,51,51],"floor_reached":52,"playtime":3519,"items_purged":["Strike_G","Strike_G","Strike_G","Defend_G"],"score":2012,"play_id":"33a43b4b-e6fa-4cd5-816b-1ab6e019d672","local_time":"20190127220618","is_ascension_mode":true,"campfire_choices":[{"data":"Burst","floor":13.0,"key":"SMITH"},{"data":"Neutralize","floor":15.0,"key":"SMITH"},{"data":"Accuracy","floor":23.0,"key":"SMITH"},{"floor":25.0,"key":"REST"},{"data":"Cloak And Dagger","floor":32.0,"key":"SMITH"},{"data":"Well Laid Plans","floor":40,"key":"SMITH"},{"data":"Acrobatics","floor":44,"key":"SMITH"},{"data":"After Image","floor":49,"key":"SMITH"}],"neow_cost":"TEN_PERCENT_HP_LOSS","seed_source_timestamp":0,"circlet_count":0,"master_deck":["AscendersBane","Defend_G","Defend_G","Defend_G","Defend_G","Survivor","Neutralize+1","Acrobatics+1","PiercingWail","Backflip","Accuracy+1","Cloak And Dagger+1","Burst+1","Well Laid Plans+1","After Image+1","Infinite Blades","Outmaneuver","Sucker Punch","Endless Agony","Dodge and Roll"],"special_seed":0,"relics":["Ring of the Snake","Old Coin","Bronze Scales","Centennial Puzzle","Mercury Hourglass","Busted Crown","Oddly Smooth Stone","Kunai","Toy Ornithopter","Runic Dome","Prayer Wheel","Bottled Lightning","Art of War","Pear"],"potions_floor_usage":[41,45,50,51],"damage_taken":[{"damage":4.0,"enemies":"Small Slimes","floor":1.0,"turns":4.0},{"damage":7.0,"enemies":"Cultist","floor":3.0,"turns":5.0},{"damage":3.0,"enemies":"Jaw Worm","floor":6.0,"turns":7.0},{"damage":18.0,"enemies":"Exordium Wildlife","floor":10.0,"turns":6.0},{"damage":2.0,"enemies":"2 Fungi Beasts","floor":11.0,"turns":5.0},{"damage":2.0,"enemies":"3 Sentries","floor":12.0,"turns":7.0},{"damage":1.0,"enemies":"Looter","floor":14.0,"turns":4.0},{"damage":8.0,"enemies":"The Guardian","floor":16.0,"turns":11.0},{"damage":10.0,"enemies":"Spheric Guardian","floor":18.0,"turns":6.0},{"damage":1.0,"enemies":"Colosseum Slavers","floor":20.0,"turns":7.0},{"damage":0.0,"enemies":"3 Byrds","floor":21.0,"turns":3.0},{"damage":12.0,"enemies":"Snecko","floor":22.0,"turns":9.0},{"damage":20.0,"enemies":"Book of Stabbing","floor":24.0,"turns":5.0},{"damage":6.0,"enemies":"3 Cultists","floor":27.0,"turns":5.0},{"damage":0.0,"enemies":"Centurion and Healer","floor":29.0,"turns":8.0},{"damage":2.0,"enemies":"Chosen and Byrds","floor":31.0,"turns":5.0},{"damage":0.0,"enemies":"Champ","floor":33.0,"turns":12.0},{"damage":3,"enemies":"Orb Walker","floor":35,"turns":3},{"damage":14,"enemies":"2 Orb Walkers","floor":36,"turns":6},{"damage":11,"enemies":"3 Darklings","floor":38,"turns":4},{"damage":18,"enemies":"Jaw Worm Horde","floor":39,"turns":4},{"damage":0,"enemies":"Nemesis","floor":41,"turns":7},{"damage":3,"enemies":"Spire Growth","floor":45,"turns":5},{"damage":0,"enemies":"Sphere and 2 Shapes","floor":46,"turns":7},{"damage":0,"enemies":"Transient","floor":48,"turns":6},{"damage":8,"enemies":"Donu and Deca","floor":50,"turns":15},{"damage":13,"enemies":"Awakened One","floor":51,"turns":19}],"seed_played":"8570253552253350538","potions_obtained":[{"floor":3.0,"key":"GhostInAJar"},{"floor":10.0,"key":"Strength Potion"},{"floor":14.0,"key":"Poison Potion"},{"floor":22.0,"key":"AttackPotion"},{"floor":24.0,"key":"Ancient Potion"},{"floor":27.0,"key":"Poison Potion"},{"floor":31.0,"key":"AttackPotion"},{"floor":35,"key":"GhostInAJar"},{"floor":41,"key":"Poison Potion"}],"is_trial":false,"path_per_floor":["M","?","M","$","T","M","?","$","T","M","M","E","R","M","R","B",null,"M","?","?","M","M","R","E","R","T","M","?","M","$","M","R","B",null,"M","?","$","M","M","R","E","?","T","R","M","M","$","M","R","B","B",null],"character_chosen":"THE_SILENT","items_purchased":["Noxious Fumes","Accuracy","Bronze Scales","Toy Ornithopter","EntropicBrew","FearPotion","Bottled Lightning","SteroidPotion"],"campfire_rested":1,"item_purchase_floors":[4,8,8,30,30,37,37,47],"current_hp_per_floor":[55,49,42,42,42,39,32,32,32,14,12,10,10,9,9,1,45,35,35,34,34,22,22,2,20,20,14,14,14,14,17,17,37,54,51,37,37,26,8,8,13,13,23,23,25,25,25,25,25,22,14],"gold":51,"neow_bonus":"TWO_FIFTY_GOLD","is_prod":false,"is_daily":false,"chose_seed":false,"campfire_upgraded":7,"win_rate":0,"timestamp":1548597978,"path_taken":["M","?","M","$","?","M","?","$","T","M","M","E","R","M","R","BOSS","M","?","?","?","M","R","E","R","T","M","?","M","$","M","R","BOSS","M","?","$","M","M","R","E","?","T","R","?","M","$","M","R","BOSS","BOSS"],"build_version":"2019-01-23","purchased_purges":4,"victory":true,"max_hp_per_floor":[60,60,60,60,60,60,60,60,60,60,60,60,60,60,60,60,60,60,60,60,60,60,60,60,60,60,60,60,60,60,60,60,60,60,60,60,60,60,60,60,60,60,70,70,70,70,70,70,70,70,70],"card_choices":[{"not_picked":["Blade Dance","Backstab"],"picked":"Acrobatics","floor":1.0},{"not_picked":["Cloak And Dagger","Poisoned Stab"],"picked":"PiercingWail","floor":3.0},{"not_picked":["Backflip","Slice","Dagger Spray"],"picked":"SKIP","floor":6.0},{"not_picked":["Slice","Dagger Spray"],"picked":"Backflip","floor":6.0},{"not_picked":["PiercingWail","Poisoned Stab","Backflip"],"picked":"SKIP","floor":10.0},{"not_picked":["Blade Dance","Bane"],"picked":"Cloak And Dagger","floor":11.0},{"not_picked":["Caltrops","Cloak And Dagger"],"picked":"Burst","floor":12.0},{"not_picked":["Cloak And Dagger","Blur"],"picked":"Well Laid Plans","floor":14.0},{"not_picked":["Glass Knife","Venomology"],"picked":"After Image","floor":16.0},{"not_picked":["Bane"],"picked":"SKIP","floor":18.0},{"not_picked":["Prepared"],"picked":"SKIP","floor":21.0},{"not_picked":[],"picked":"Infinite Blades","floor":22.0},{"not_picked":["Sucker Punch+1"],"picked":"SKIP","floor":24.0},{"not_picked":["Cloak And Dagger"],"picked":"SKIP","floor":27.0},{"not_picked":["Slice"],"picked":"SKIP","floor":29.0},{"not_picked":["Setup"],"picked":"SKIP","floor":31.0},{"not_picked":[],"picked":"Endless Agony","floor":35},{"not_picked":["Dagger Spray"],"picked":"SKIP","floor":38},{"not_picked":["Choke"],"picked":"SKIP","floor":38},{"not_picked":["Flying Knee+1"],"picked":"SKIP","floor":39},{"not_picked":["Bane+1"],"picked":"SKIP","floor":39},{"not_picked":["Prepared"],"picked":"SKIP","floor":41},{"not_picked":["Prepared"],"picked":"SKIP","floor":45},{"not_picked":["Prepared"],"picked":"SKIP","floor":45},{"not_picked":[],"picked":"Dodge and Roll","floor":46},{"not_picked":["Crippling Poison"],"picked":"SKIP","floor":46},{"not_picked":["Deflect"],"picked":"SKIP","floor":48},{"not_picked":["Deflect"],"picked":"SKIP","floor":48}],"player_experience":1359817,"relics_obtained":[{"floor":5.0,"key":"Old Coin"},{"floor":9.0,"key":"Centennial Puzzle"},{"floor":12.0,"key":"Mercury Hourglass"},{"floor":24.0,"key":"Oddly Smooth Stone"},{"floor":26.0,"key":"Kunai"},{"floor":36,"key":"Prayer Wheel"},{"floor":41,"key":"Art of War"},{"floor":43,"key":"Pear"}],"event_choices":[{"damage_healed":0.0,"max_hp_gain":0.0,"max_hp_loss":0.0,"gold_gain":50.0,"event_name":"FaceTrader","player_choice":"Touch","floor":2.0,"gold_loss":0.0,"damage_taken":6.0},{"cards_removed":["Strike_G"],"damage_healed":0.0,"max_hp_gain":0.0,"max_hp_loss":0.0,"gold_gain":0.0,"event_name":"Golden Wing","player_choice":"Card Removal","floor":7.0,"gold_loss":0.0,"damage_taken":7.0},{"damage_healed":0.0,"max_hp_gain":0.0,"max_hp_loss":0.0,"gold_gain":0.0,"event_name":"Vampires","player_choice":"Ignored","floor":19.0,"gold_loss":0.0,"damage_taken":0.0},{"damage_healed":0.0,"max_hp_gain":0.0,"max_hp_loss":0.0,"gold_gain":0.0,"event_name":"Colosseum","player_choice":"Fight","floor":20.0,"gold_loss":0.0,"damage_taken":0.0},{"damage_healed":0.0,"max_hp_gain":0.0,"max_hp_loss":0.0,"gold_gain":0.0,"event_name":"Colosseum","player_choice":"Fled From Nobs","floor":20.0,"gold_loss":0.0,"damage_taken":0.0},{"damage_healed":0.0,"max_hp_gain":0.0,"max_hp_loss":0.0,"gold_gain":0.0,"cards_transformed":["Noxious Fumes","Strike_G"],"event_name":"Drug Dealer","player_choice":"Became Test Subject","floor":28.0,"gold_loss":0.0,"damage_taken":0.0,"cards_obtained":["Outmaneuver","Sucker Punch"]},{"damage_healed":0,"gold_gain":0,"player_choice":"Fight","damage_taken":0,"max_hp_gain":0,"max_hp_loss":0,"event_name":"Mysterious Sphere","floor":36,"gold_loss":0},{"damage_healed":0,"gold_gain":50,"player_choice":"Pray","damage_taken":0,"max_hp_gain":0,"max_hp_loss":0,"event_name":"Golden Shrine","floor":42,"gold_loss":0}],"is_beta":true,"boss_relics":[{"not_picked":["Tiny House","Sozu"],"picked":"Busted Crown"},{"not_picked":["Calling Bell","Pandora\u0027s Box"],"picked":"Runic Dome"}],"items_purged_floors":[4,8,30,47],"is_endless":false,"potions_floor_spawned":[3,10,11,14,22,24,27,31,35,39,41],"ascension_level":20}