{"gold_per_floor":[110,185,185,209,237,249,277,308,320,332,372,400,412,455,467,555,567,596,627,639,576,588,600,612],"floor_reached":24,"playtime":888,"items_purged":[],"score":388,"play_id":"e9aee572-3d61-4219-91a1-f50bb68cb664","local_time":"20190526193445","is_ascension_mode":true,"campfire_choices":[{"floor":6,"key":"REST"},{"floor":10,"key":"REST"},{"data":"Machine Learning","floor":15,"key":"SMITH"},{"floor":23,"key":"REST"}],"neow_cost":"NONE","seed_source_timestamp":21149135416681,"circlet_count":0,"master_deck":["AscendersBane","Strike_B","Strike_B","Strike_B","Defend_B+1","Defend_B","Defend_B","Defend_B","Zap","Dualcast","BootSequence+1","Doom and Gloom","Ball Lightning","White Noise","Reinforced Body","Rebound","Machine Learning+1","Echo Form","Coolheaded","Conserve Battery"],"relics":["Cracked Core","Potion Belt","MawBank","Du-Vu Doll","Symbiotic Virus","Strawberry","Meat on the Bone","Philosopher\u0027s Stone"],"potions_floor_usage":[11,11,14,16,19],"damage_taken":[{"damage":7,"enemies":"Jaw Worm","floor":1,"turns":3},{"damage":1,"enemies":"2 Louse","floor":5,"turns":2},{"damage":1,"enemies":"Cultist","floor":7,"turns":3},{"damage":8,"enemies":"Blue Slaver","floor":8,"turns":3},{"damage":8,"enemies":"Gremlin Nob","floor":11,"turns":3},{"damage":6,"enemies":"Exordium Wildlife","floor":12,"turns":4},{"damage":7,"enemies":"Lagavulin","floor":14,"turns":6},{"damage":21,"enemies":"Slime Boss","floor":16,"turns":6},{"damage":33,"enemies":"Chosen","floor":18,"turns":4},{"damage":13,"enemies":"Shell Parasite","floor":19,"turns":5},{"damage":25,"enemies":"Book of Stabbing","floor":24,"turns":4}],"seed_played":"-647765450971884699","potions_obtained":[{"floor":1,"key":"Dexterity Potion"},{"floor":5,"key":"AttackPotion"},{"floor":7,"key":"Explosive Potion"},{"floor":12,"key":"Poison Potion"},{"floor":14,"key":"Swift Potion"}],"is_trial":false,"path_per_floor":["M","?","?","T","M","R","M","M","T","R","E","M","?","E","R","B",null,"M","M","?","?","?","R","E"],"character_chosen":"DEFECT","items_purchased":[],"campfire_rested":3,"item_purchase_floors":[],"current_hp_per_floor":[57,46,25,25,24,45,44,36,36,57,49,43,45,38,38,29,66,45,44,22,22,1,25,0],"gold":612,"neow_bonus":"RANDOM_COMMON_RELIC","is_prod":false,"is_daily":false,"chose_seed":false,"campfire_upgraded":1,"win_rate":0,"timestamp":1558892085,"path_taken":["M","?","?","?","?","R","M","M","T","R","E","M","?","E","R","BOSS","M","M","?","?","?","R","E"],"build_version":"2019-01-23","purchased_purges":0,"victory":false,"max_hp_per_floor":[71,71,71,71,71,71,71,71,71,71,71,71,78,78,78,78,78,78,78,83,83,83,83,83],"card_choices":[{"not_picked":["Lockon","White Noise"],"picked":"BootSequence","floor":1},{"not_picked":["Heatsinks","Ball Lightning"],"picked":"Doom and Gloom","floor":5},{"not_picked":["Consume","Force Field"],"picked":"Ball Lightning","floor":7},{"not_picked":["Redo","Sweeping Beam"],"picked":"White Noise","floor":8},{"not_picked":["Skim","Rebound"],"picked":"Reinforced Body","floor":11},{"not_picked":["Redo","Heatsinks"],"picked":"Rebound","floor":12},{"not_picked":["Steam","Leap"],"picked":"Machine Learning","floor":14},{"not_picked":["Meteor Strike","Seek"],"picked":"Echo Form","floor":16},{"not_picked":["Cold Snap","Blizzard"],"picked":"Coolheaded","floor":18},{"not_picked":["Turbo","Streamline"],"picked":"Conserve Battery","floor":19}],"player_experience":588466,"relics_obtained":[{"floor":4,"key":"MawBank"},{"floor":9,"key":"Du-Vu Doll"},{"floor":11,"key":"Symbiotic Virus"},{"floor":14,"key":"Meat on the Bone"}],"event_choices":[{"damage_healed":0,"gold_gain":75,"player_choice":"Gather Gold","damage_taken":11,"max_hp_gain":0,"max_hp_loss":0,"event_name":"World of Goop","floor":2,"gold_loss":0},{"damage_healed":0,"gold_gain":0,"player_choice":"Entered Light","damage_taken":21,"max_hp_gain":0,"max_hp_loss":0,"event_name":"Shining Light","floor":3,"gold_loss":0,"cards_upgraded":["Defend_B","BootSequence"]},{"damage_healed":0,"gold_gain":0,"player_choice":"Success","damage_taken":5,"relics_obtained":["Strawberry"],"max_hp_gain":0,"max_hp_loss":0,"event_name":"Scrap Ooze","floor":13,"gold_loss":0},{"damage_healed":0,"gold_gain":0,"player_choice":"Shed Blood","damage_taken":27,"max_hp_gain":5,"max_hp_loss":0,"event_name":"Forgotten Altar","floor":20,"gold_loss":0},{"cards_removed":["Strike_B"],"damage_healed":0,"gold_gain":0,"player_choice":"Gave Gold","damage_taken":0,"max_hp_gain":0,"max_hp_loss":0,"event_name":"Beggar","floor":21,"gold_loss":75},{"damage_healed":0,"gold_gain":0,"player_choice":"Obtained Book","damage_taken":21,"max_hp_gain":0,"max_hp_loss":0,"event_name":"Cursed Tome","floor":22,"gold_loss":0}],"is_beta":false,"boss_relics":[{"not_picked":["Ectoplasm","Calling Bell"],"picked":"Philosopher\u0027s Stone"}],"items_purged_floors":[],"is_endless":false,"potions_floor_spawned":[1,5,7,12,14],"killed_by":"Book of Stabbing","ascension_level":18}