{"gold_per_floor":[114,37,37,56,72,72,85,85,110,110,110,110,110,126,126,200,200,218,229,144,156,188,200,212],"floor_reached":24,"playtime":857,"items_purged":[],"score":397,"play_id":"86edc56a-08a6-4d9f-ae5e-b4ce84bb188f","local_time":"20190401133400","is_ascension_mode":true,"campfire_choices":[{"data":"Bouncing Flask","floor":6.0,"key":"SMITH"},{"data":"Neutralize","floor":8.0,"key":"SMITH"},{"data":"Reflex","floor":12.0,"key":"SMITH"},{"data":"Prepared","floor":15.0,"key":"SMITH"},{"data":"Deadly Poison","floor":23.0,"key":"SMITH"}],"neow_cost":"PERCENT_DAMAGE","seed_source_timestamp":4713173332238,"circlet_count":0,"master_deck":["AscendersBane","Defend_G","Defend_G","Defend_G+1","Defend_G","Defend_G","Survivor","Neutralize+1","Bandage Up","Dagger Throw","Well Laid Plans","Reflex+1","Bouncing Flask+1","Well Laid Plans","Prepared+1","Tools of the Trade","Deadly Poison+1","Acrobatics","Bite","Bite","Bite","Bite","Bite","Deflect+1"],"special_seed":0,"relics":["Ring of the Snake","Juzu Bracelet","Coffee Dripper","MawBank"],"potions_floor_usage":[],"damage_taken":[{"damage":1.0,"enemies":"2 Louse","floor":1.0,"turns":5.0},{"damage":0.0,"enemies":"Small Slimes","floor":4.0,"turns":3.0},{"damage":0.0,"enemies":"Jaw Worm","floor":5.0,"turns":5.0},{"damage":3.0,"enemies":"3 Louse","floor":7.0,"turns":5.0},{"damage":0.0,"enemies":"Red Slaver","floor":14.0,"turns":4.0},{"damage":36.0,"enemies":"Slime Boss","floor":16.0,"turns":10.0},{"damage":1.0,"enemies":"3 Byrds","floor":18.0,"turns":5.0},{"damage":16.0,"enemies":"2 Thieves","floor":19.0,"turns":4.0},{"damage":63.0,"enemies":"3 Cultists","floor":22.0,"turns":8.0},{"damage":9,"enemies":"Snake Plant","floor":24,"turns":2}],"seed_played":"-7356401551502627533","potions_obtained":[{"floor":5.0,"key":"GhostInAJar"},{"floor":7.0,"key":"Block Potion"},{"floor":16.0,"key":"AttackPotion"},{"floor":22.0,"key":"Strength Potion"}],"is_trial":false,"path_per_floor":["M","$","?","M","M","R","M","R","T","?","?","R","?","M","R","B",null,"M","M","?","?","M","R","M"],"character_chosen":"THE_SILENT","items_purchased":["Well Laid Plans"],"campfire_rested":0,"item_purchase_floors":[2],"current_hp_per_floor":[47,47,27,31,35,35,36,36,36,41,41,41,71,71,71,39,63,66,54,54,49,10,10,5],"gold":212,"neow_bonus":"RANDOM_COLORLESS_2","is_prod":false,"is_daily":false,"chose_seed":false,"campfire_upgraded":5,"win_rate":0,"timestamp":1554096840,"path_taken":["M","$","?","M","M","R","M","R","T","?","?","R","?","M","R","BOSS","M","M","?","?","M","R","M"],"build_version":"2019-01-23","purchased_purges":0,"victory":false,"max_hp_per_floor":[66,66,66,66,66,66,66,66,66,71,71,71,71,71,71,71,71,71,71,71,49,49,49,49],"card_choices":[{"not_picked":["Expertise","Quick Slash"],"picked":"Dagger Throw","floor":1.0},{"not_picked":["Bane","Dodge and Roll"],"picked":"Reflex","floor":4.0},{"not_picked":["Underhanded Strike","Choke"],"picked":"Bouncing Flask","floor":5.0},{"not_picked":["Riddle With Holes","Flying Knee"],"picked":"Well Laid Plans","floor":7.0},{"not_picked":["Crippling Poison","Bane"],"picked":"Prepared","floor":14.0},{"not_picked":["Envenom","Bullet Time"],"picked":"Tools of the Trade","floor":16.0},{"not_picked":["Flying Knee","Sucker Punch"],"picked":"Deadly Poison","floor":18.0},{"not_picked":["Flying Knee","Deflect+1"],"picked":"Acrobatics","floor":19.0},{"not_picked":["Quick Slash","Deadly Poison"],"picked":"Deflect+1","floor":22.0}],"player_experience":3977446,"relics_obtained":[{"floor":9.0,"key":"Juzu Bracelet"}],"event_choices":[{"damage_healed":0.0,"max_hp_gain":0.0,"max_hp_loss":0.0,"gold_gain":0.0,"event_name":"Shining Light","player_choice":"Entered Light","floor":3.0,"gold_loss":0.0,"damage_taken":20.0,"cards_upgraded":["Strike_G","Defend_G"]},{"damage_healed":0.0,"max_hp_gain":5.0,"max_hp_loss":0.0,"gold_gain":0.0,"event_name":"Big Fish","player_choice":"Donut","floor":10.0,"gold_loss":0.0,"damage_taken":0.0},{"damage_healed":0.0,"max_hp_gain":0.0,"max_hp_loss":0.0,"gold_gain":0.0,"event_name":"Liars Game","player_choice":"Ignored","floor":11.0,"gold_loss":0.0,"damage_taken":0.0},{"cards_removed":["Forethought"],"damage_healed":30.0,"max_hp_gain":0.0,"max_hp_loss":0.0,"gold_gain":0.0,"event_name":"Bonfire Elementals","player_choice":"Offered Uncommon","floor":13.0,"gold_loss":0.0,"damage_taken":0.0},{"damage_healed":0.0,"max_hp_gain":0.0,"max_hp_loss":0.0,"gold_gain":0.0,"event_name":"Addict","player_choice":"Obtained Relic","floor":20.0,"gold_loss":85.0,"damage_taken":0.0,"relics_obtained":["MawBank"]},{"damage_healed":0.0,"max_hp_gain":0.0,"max_hp_loss":22.0,"gold_gain":0.0,"event_name":"Vampires","player_choice":"Became a vampire","floor":21.0,"gold_loss":0.0,"damage_taken":0.0,"cards_obtained":["Bite","Bite","Bite","Bite","Bite"]}],"is_beta":false,"boss_relics":[{"not_picked":["White Beast Statue","Runic Dome"],"picked":"Coffee Dripper"}],"items_purged_floors":[],"is_endless":false,"potions_floor_spawned":[5,7,16,22],"killed_by":"Snake Plant","ascension_level":20}