{"path_per_floor":["M","?","?","$","M","R","M","R","T","R","$","M","E","M","R"],"character_chosen":"THE_SILENT","items_purchased":["Acrobatics"],"gold_per_floor":[114,114,114,39,54,54,69,69,94,94,46,61,91,106,106],"floor_reached":16,"campfire_rested":1,"playtime":569,"current_hp_per_floor":[70,70,70,70,70,70,65,65,65,65,65,62,34,24,45],"items_purged":["Strike_G"],"gold":106,"score":100,"play_id":"74e5b44c-bcf0-4c23-8d7e-6c33ee02b96b","local_time":"20180304211848","daily_mods":[{"name":"涉猎广泛","description":"开始时拥有两张随机其他职业的牌。","modID":"Diverse","img":{"data":{"file":{"file":{"path":"images\\ui\\run_mods\\diverse.png"},"type":"Internal"},"width":64,"height":64,"format":"RGBA8888","useMipMaps":false,"isPrepared":false},"glTarget":3553,"glHandle":685,"minFilter":"Linear","magFilter":"Linear","uWrap":"ClampToEdge","vWrap":"ClampToEdge"},"positive":true},{"name":"致命强敌","description":"所有敌人获得+3力量。","modID":"Lethal Enemies","img":{"data":{"file":{"file":{"path":"images\\ui\\run_mods\\lethal_enemies.png"},"type":"Internal"},"width":64,"height":64,"format":"RGBA8888","useMipMaps":false,"isPrepared":false},"glTarget":3553,"glHandle":675,"minFilter":"Linear","magFilter":"Linear","uWrap":"ClampToEdge","vWrap":"ClampToEdge"},"positive":false},{"name":"不休旅途","description":"战胜Boss后不会回复生命。","modID":"Restless Journey","img":{"data":{"file":{"file":{"path":"images\\ui\\run_mods\\restless_journey.png"},"type":"Internal"},"width":64,"height":64,"format":"RGBA8888","useMipMaps":false,"isPrepared":false},"glTarget":3553,"glHandle":676,"minFilter":"Linear","magFilter":"Linear","uWrap":"ClampToEdge","vWrap":"ClampToEdge"},"positive":false},{"name":"两者择一","description":"卡牌奖励只有两张牌。","modID":"Binary","img":{"data":{"file":{"file":{"path":"images\\ui\\run_mods\\binary.png"},"type":"Internal"},"width":64,"height":64,"format":"RGBA8888","useMipMaps":false,"isPrepared":false},"glTarget":3553,"glHandle":680,"minFilter":"Linear","magFilter":"Linear","uWrap":"ClampToEdge","vWrap":"ClampToEdge"},"positive":false}],"is_prod":false,"is_daily":true,"is_ascension_mode":false,"campfire_upgraded":3,"timestamp":1520169528,"path_taken":["M","?","?","?","M","R","M","R","T","R","$","M","E","M","R","BOSS"],"build_version":"2018-03-01-PROD1","purchased_purges":1,"victory":false,"master_deck":["Defend_G","Defend_G","Defend_G","Defend_G","Strike_G","Strike_G","Strike_G","Strike_G","Survivor","Neutralize+1","Limit Break+1","Noxious Fumes+1","Eviscerate","Backflip","Acrobatics","Dash"],"max_hp_per_floor":[70,70,70,70,70,70,70,70,70,70,70,70,70,70,70],"relics":["Ring of the Snake","Vajra","Sundial"],"card_choices":[{"not_picked":["PiercingWail"],"picked":"Noxious Fumes"},{"not_picked":["Dagger Spray"],"picked":"Backflip"},{"not_picked":["Deflect"],"picked":"Dash"}],"player_experience":218057,"potions_floor_usage":[13,16],"damage_taken":[{"damage":0,"enemies":"Small Slimes","floor":1,"turns":3},{"damage":0,"enemies":"Cultist","floor":5,"turns":4},{"damage":5,"enemies":"2 Louse","floor":7,"turns":3},{"damage":3,"enemies":"Exordium Wildlife","floor":12,"turns":4},{"damage":28,"enemies":"3 Sentries","floor":13,"turns":7},{"damage":10,"enemies":"Exordium Thugs","floor":14,"turns":4},{"damage":63,"enemies":"Slime Boss","floor":16,"turns":7}],"event_choices":[{"event_name":"Transmorgrifier","player_choice":"Transform","floor":2,"damage_taken":0},{"event_name":"Bonfire Elementals","player_choice":"BASIC","floor":3,"damage_taken":0}],"boss_relics":[],"potions_floor_spawned":[1,12,13],"seed_played":"2393319582917663715","killed_by":"Slime Boss","ascension_level":0,"is_trial":false}