{"gold_per_floor":[116,32,32,51,51,95,95,139,139,178,193,268,292,328,328,421,421,394,394,415,415,415,415,434,447,520,520,520,387,411,450,450,539,539,557,575,575,908,985,985,1015,1015,1015,1015,1028,1057,1057,1073,1073,1073,1073,1073,1073,77,112,112],"floor_reached":57,"playtime":3033,"items_purged":["Force Field","Dualcast+1"],"score":3487,"play_id":"a868bac9-1642-4eb4-8148-d2481309b3f4","local_time":"20190218153237","is_ascension_mode":true,"campfire_choices":[{"data":"Defragment","floor":7.0,"key":"SMITH"},{"data":"Strike_B","floor":15.0,"key":"PURGE"},{"data":"Hologram","floor":23.0,"key":"SMITH"},{"data":"Blizzard","floor":28.0,"key":"SMITH"},{"data":"Coolheaded","floor":32.0,"key":"SMITH"},{"data":"Self Repair+1","floor":40.0,"key":"PURGE"},{"floor":44.0,"key":"RECALL"},{"data":"Streamline+1","floor":49.0,"key":"PURGE"},{"data":"Zap+1","floor":53.0,"key":"PURGE"}],"neow_cost":"NONE","seed_source_timestamp":67115768014676,"circlet_count":0,"master_deck":["AscendersBane","Glacier+1","Defragment+1","Skim+1","Ball Lightning+1","Glacier+1","Seek+1","Recycle+1","Blizzard+1","Biased Cognition+1","Reboot+1","Capacitor+1","Chill+1","Reinforced Body+1","Turbo+1","Hologram+1","Coolheaded+1","Beam Cell+1","Coolheaded+1","BootSequence+1","Electrodynamics+1","Defragment+1","Buffer"],"special_seed":0,"relics":["Cracked Core","NeowsBlessing","Sundial","Thread and Needle","Unceasing Top","Peace Pipe","Pandora\u0027s Box","Happy Flower","Gremlin Horn","Runic Pyramid","Mark of the Bloom","Letter Opener","Shovel","Boot","Bottled Lightning","Pantograph","Du-Vu Doll","PrismaticShard","Orichalcum"],"potions_floor_usage":[56,56],"damage_taken":[{"damage":0.0,"enemies":"2 Louse","floor":1.0,"turns":1.0},{"damage":0.0,"enemies":"Jaw Worm","floor":4.0,"turns":1.0},{"damage":0.0,"enemies":"Gremlin Nob","floor":6.0,"turns":1.0},{"damage":7.0,"enemies":"3 Sentries","floor":8.0,"turns":12.0},{"damage":0.0,"enemies":"Lagavulin","floor":10.0,"turns":7.0},{"damage":0.0,"enemies":"Small Slimes","floor":11.0,"turns":3.0},{"damage":0.0,"enemies":"Blue Slaver","floor":13.0,"turns":4.0},{"damage":0.0,"enemies":"Gremlin Nob","floor":14.0,"turns":4.0},{"damage":31.0,"enemies":"Slime Boss","floor":16.0,"turns":15.0},{"damage":0.0,"enemies":"2 Thieves","floor":18.0,"turns":4.0},{"damage":8.0,"enemies":"Chosen","floor":20.0,"turns":6.0},{"damage":0.0,"enemies":"Sentry and Sphere","floor":24.0,"turns":8.0},{"damage":29.0,"enemies":"Cultist and Chosen","floor":25.0,"turns":7.0},{"damage":0.0,"enemies":"3 Cultists","floor":30.0,"turns":6.0},{"damage":0.0,"enemies":"Slavers","floor":31.0,"turns":5.0},{"damage":0.0,"enemies":"Champ","floor":33.0,"turns":16.0},{"damage":0.0,"enemies":"3 Darklings","floor":35.0,"turns":3.0},{"damage":0.0,"enemies":"3 Shapes","floor":36.0,"turns":2.0},{"damage":0.0,"enemies":"Giant Head","floor":41.0,"turns":5.0},{"damage":0.0,"enemies":"Transient","floor":45.0,"turns":5.0},{"damage":0.0,"enemies":"Nemesis","floor":46.0,"turns":9.0},{"damage":0.0,"enemies":"3 Darklings","floor":48.0,"turns":2.0},{"damage":0.0,"enemies":"Time Eater","floor":50.0,"turns":11.0},{"damage":0.0,"enemies":"Donu and Deca","floor":51.0,"turns":5.0},{"damage":20.0,"enemies":"Shield and Spear","floor":55.0,"turns":6.0},{"damage":0,"enemies":"The Heart","floor":56,"turns":8}],"seed_played":"7299063841590558557","potions_obtained":[{"floor":10.0,"key":"AttackPotion"},{"floor":11.0,"key":"Weak Potion"},{"floor":13.0,"key":"Block Potion"},{"floor":18.0,"key":"Ancient Potion"},{"floor":25.0,"key":"Swift Potion"},{"floor":31.0,"key":"Energy Potion"},{"floor":33.0,"key":"AttackPotion"},{"floor":41.0,"key":"SteroidPotion"},{"floor":45.0,"key":"Dexterity Potion"}],"is_trial":false,"path_per_floor":["M","$","?","M","?","E","R","E","T","E","M","?","M","E","R","B",null,"M","?","M","?","T","R","M","M","T","?","R","$","M","E","R","B",null,"M","M","?","?","T","R","E","?","T","R","M","E","?","M","R","B","B",null,"R","$","E","B",null],"character_chosen":"DEFECT","items_purchased":["Glacier","Coolheaded","Dexterity Potion","Pantograph","Du-Vu Doll","PrismaticShard"],"campfire_rested":0,"item_purchase_floors":[2,29,54,54,54,54],"current_hp_per_floor":[64,64,64,64,64,64,64,57,57,57,57,46,46,46,46,15,52,59,59,58,58,58,58,64,42,42,42,42,42,49,49,49,56,62,62,62,62,62,62,62,62,61,61,61,61,61,61,61,61,61,61,61,61,61,41,41],"gold":112,"neow_bonus":"THREE_ENEMY_KILL","is_prod":false,"is_daily":false,"chose_seed":false,"campfire_upgraded":4,"win_rate":0,"timestamp":1550475157,"path_taken":["M","$","?","M","?","E","R","E","T","E","M","?","M","E","R","BOSS","M","?","M","?","?","R","M","M","T","?","R","$","?","E","R","BOSS","M","?","?","?","?","R","E","?","T","R","?","E","?","M","R","BOSS","BOSS","R","$","E","BOSS"],"build_version":"2019-01-23","purchased_purges":2,"victory":true,"max_hp_per_floor":[71,71,64,64,64,64,64,64,64,64,64,64,64,64,64,64,64,64,64,64,64,64,64,64,64,64,64,64,64,64,64,64,64,64,64,64,64,64,64,64,64,61,61,61,61,61,61,61,61,61,61,61,61,61,61,61],"card_choices":[{"not_picked":["Gash","Storm"],"picked":"Stack","floor":1.0},{"not_picked":["Barrage","Beam Cell"],"picked":"Defragment","floor":4.0},{"not_picked":["Loop","Streamline"],"picked":"Skim","floor":6.0},{"not_picked":["Consume","Genetic Algorithm"],"picked":"Ball Lightning","floor":8.0},{"not_picked":["Chill","Conserve Battery"],"picked":"Glacier","floor":10.0},{"not_picked":["Rip and Tear","Turbo"],"picked":"Seek","floor":11.0},{"not_picked":["Beam Cell","Coolheaded"],"picked":"Recycle","floor":13.0},{"not_picked":["Sunder","Hello World"],"picked":"Blizzard","floor":14.0},{"not_picked":["Machine Learning","Buffer"],"picked":"Biased Cognition","floor":16.0},{"not_picked":["Redo","Barrage"],"picked":"Reinforced Body","floor":18.0},{"not_picked":["Chill+1","Go for the Eyes"],"picked":"Hologram","floor":20.0},{"not_picked":["Ball Lightning","Streamline+1","Storm"],"picked":"SKIP","floor":24.0},{"not_picked":["Consume","Steam Power"],"picked":"Coolheaded","floor":25.0},{"not_picked":["Redo","Compile Driver"],"picked":"BootSequence","floor":30.0},{"not_picked":["Creative AI","Doom and Gloom","Ball Lightning"],"picked":"SKIP","floor":31.0},{"not_picked":["Creative AI","Seek"],"picked":"Electrodynamics","floor":33.0},{"not_picked":["Go for the Eyes","Hologram","Streamline+1"],"picked":"SKIP","floor":35.0},{"not_picked":["Cold Snap","Leap"],"picked":"Defragment+1","floor":36.0},{"not_picked":["Stack","Double Energy","Hologram"],"picked":"SKIP","floor":41.0},{"not_picked":["Compile Driver","Lockon+1"],"picked":"Buffer","floor":45.0},{"not_picked":["Sunder","Gash","Compile Driver"],"picked":"SKIP","floor":46.0},{"not_picked":["Sweeping Beam","Steam","Hello World"],"picked":"SKIP","floor":48.0},{"not_picked":["Thunderclap","Dodge and Roll","Scrape"],"picked":"SKIP","floor":55.0}],"player_experience":817470,"relics_obtained":[{"floor":6.0,"key":"Sundial"},{"floor":8.0,"key":"Thread and Needle"},{"floor":10.0,"key":"Unceasing Top"},{"floor":14.0,"key":"Peace Pipe"},{"floor":22.0,"key":"Happy Flower"},{"floor":26.0,"key":"Gremlin Horn"},{"floor":39.0,"key":"Letter Opener"},{"floor":41.0,"key":"Shovel"},{"floor":43.0,"key":"Boot"},{"floor":46.0,"key":"Bottled Lightning"},{"floor":55.0,"key":"Orichalcum"}],"event_choices":[{"damage_healed":0.0,"max_hp_gain":0.0,"max_hp_loss":7.0,"gold_gain":0.0,"event_name":"Golden Idol","player_choice":"Lose Max HP","floor":3.0,"gold_loss":0.0,"damage_taken":0.0,"relics_obtained":["Golden Idol"]},{"damage_healed":0.0,"max_hp_gain":0.0,"max_hp_loss":0.0,"gold_gain":0.0,"event_name":"Liars Game","player_choice":"Ignored","floor":5.0,"gold_loss":0.0,"damage_taken":0.0},{"damage_healed":0.0,"max_hp_gain":0.0,"max_hp_loss":0.0,"gold_gain":75.0,"event_name":"World of Goop","player_choice":"Gather Gold","floor":12.0,"gold_loss":0.0,"damage_taken":11.0},{"damage_healed":0.0,"max_hp_gain":0.0,"max_hp_loss":0.0,"gold_gain":0.0,"event_name":"The Library","player_choice":"Read","floor":19.0,"gold_loss":0.0,"damage_taken":0.0,"cards_obtained":["Turbo"]},{"cards_removed":["Streamline"],"damage_healed":0.0,"max_hp_gain":0.0,"max_hp_loss":0.0,"gold_gain":0.0,"event_name":"Back to Basics","player_choice":"Elegance","floor":21.0,"gold_loss":0.0,"damage_taken":0.0},{"damage_healed":0.0,"max_hp_gain":0.0,"max_hp_loss":0.0,"gold_gain":0.0,"cards_transformed":["Stack"],"event_name":"Transmorgrifier","player_choice":"Transformed","floor":27.0,"gold_loss":0.0,"damage_taken":0.0,"cards_obtained":["Beam Cell"]},{"damage_healed":0.0,"max_hp_gain":0.0,"max_hp_loss":0.0,"gold_gain":0.0,"event_name":"MindBloom","player_choice":"Upgrade","floor":37.0,"gold_loss":0.0,"damage_taken":0.0,"cards_upgraded":["Zap","Dualcast","Glacier","Skim","Ball Lightning","Glacier","Seek","Recycle","Biased Cognition","Reboot","Self Repair","Capacitor","Streamline","Chill","Reinforced Body","Turbo","Coolheaded","Beam Cell","BootSequence","Electrodynamics"],"relics_obtained":["Mark of the Bloom"]},{"damage_healed":0.0,"max_hp_gain":0.0,"max_hp_loss":0.0,"gold_gain":333.0,"event_name":"The Moai Head","player_choice":"Gave Idol","floor":38.0,"relics_lost":["Golden Idol"],"gold_loss":0.0,"damage_taken":0.0},{"damage_healed":0.0,"max_hp_gain":0.0,"max_hp_loss":3.0,"gold_gain":0.0,"event_name":"Winding Halls","player_choice":"Max HP","floor":42.0,"gold_loss":0.0,"damage_taken":0.0},{"damage_healed":0.0,"max_hp_gain":0.0,"max_hp_loss":0.0,"gold_gain":0.0,"event_name":"Tomb of Lord Red Mask","player_choice":"Ignored","floor":47.0,"gold_loss":0.0,"damage_taken":0.0}],"is_beta":false,"boss_relics":[{"not_picked":["Snecko Eye","Astrolabe"],"picked":"Pandora\u0027s Box"},{"not_picked":["Coffee Dripper","Sozu"],"picked":"Runic Pyramid"}],"items_purged_floors":[29,54],"is_endless":false,"potions_floor_spawned":[10,11,13,18,25,31,33,41,45],"ascension_level":20}