{"gold_per_floor":[215,5,42,42,42,42,83,83,83,83,126,213,213,246,246,319,319,364,431,431,468,468],"floor_reached":22,"playtime":952,"items_purged":[],"score":372,"play_id":"4faa4de8-ef99-4f52-8081-dbcebd0cc057","local_time":"20190119134336","is_ascension_mode":true,"campfire_choices":[{"data":"HandOfGreed","floor":6.0,"key":"SMITH"},{"data":"Defragment","floor":8.0,"key":"SMITH"},{"data":"Dualcast","floor":10.0,"key":"SMITH"},{"data":"Defragment","floor":15.0,"key":"SMITH"}],"neow_cost":"NONE","seed_source_timestamp":4127358604199,"circlet_count":0,"master_deck":["AscendersBane","Strike_B","Strike_B","Strike_B","Defend_B+1","Defend_B","Defend_B","Defend_B+1","Zap","Dualcast+1","HandOfGreed+1","Defragment+1","Hologram","Core Surge","Defragment+1","Coolheaded","Chill"],"special_seed":0,"relics":["Cracked Core","War Paint","Anchor","Lantern","Inserter"],"potions_floor_usage":[21],"damage_taken":[{"damage":5.0,"enemies":"2 Louse","floor":1.0,"turns":2.0},{"damage":2.0,"enemies":"Jaw Worm","floor":3.0,"turns":2.0},{"damage":0.0,"enemies":"Cultist","floor":7.0,"turns":2.0},{"damage":2.0,"enemies":"3 Louse","floor":11.0,"turns":4.0},{"damage":5.0,"enemies":"Lots of Slimes","floor":12.0,"turns":7.0},{"damage":11.0,"enemies":"Gremlin Nob","floor":14.0,"turns":3.0},{"damage":30.0,"enemies":"Slime Boss","floor":16.0,"turns":5.0},{"damage":5,"enemies":"Chosen","floor":18,"turns":5},{"damage":21,"enemies":"3 Byrds","floor":19,"turns":6},{"damage":14,"enemies":"Cultist and Chosen","floor":21,"turns":9},{"damage":5,"enemies":"3 Cultists","floor":22,"turns":3}],"seed_played":"-3559270142185127151","potions_obtained":[{"floor":1.0,"key":"Fire Potion"},{"floor":11.0,"key":"Fire Potion"},{"floor":14.0,"key":"FearPotion"},{"floor":18,"key":"EssenceOfSteel"},{"floor":19,"key":"SpeedPotion"}],"is_trial":false,"path_per_floor":["M","$","M","?","?","R","M","R","T","R","M","M","?","E","R","B",null,"M","M","?","M","M"],"character_chosen":"DEFECT","items_purchased":["HandOfGreed"],"campfire_rested":0,"item_purchase_floors":[2],"current_hp_per_floor":[59,59,57,52,45,45,45,45,45,45,43,38,61,50,50,20,58,53,32,32,18,13],"gold":468,"neow_bonus":"HUNDRED_GOLD","is_prod":false,"is_daily":false,"chose_seed":false,"campfire_upgraded":4,"win_rate":0,"timestamp":1547876616,"path_taken":["M","$","M","?","?","R","M","R","T","R","M","M","?","E","R","BOSS","M","M","?","M","M"],"build_version":"2019-01-17v2","purchased_purges":0,"victory":false,"max_hp_per_floor":[71,71,71,71,71,71,71,71,71,71,71,71,71,71,71,71,71,71,71,71,71,71],"card_choices":[{"not_picked":["Doom and Gloom","Redo","Leap"],"picked":"SKIP","floor":1.0},{"not_picked":["Hologram","Streamline"],"picked":"Defragment","floor":3.0},{"not_picked":["Barrage","Rebound"],"picked":"Hologram","floor":7.0},{"not_picked":["Redo","Beam Cell"],"picked":"Core Surge","floor":11.0},{"not_picked":["Steam Power","Gash","Conserve Battery"],"picked":"SKIP","floor":12.0},{"not_picked":["Static Discharge","Reprogram"],"picked":"Defragment","floor":14.0},{"not_picked":["Blizzard","Barrage"],"picked":"Coolheaded","floor":18},{"not_picked":["Heatsinks","Steam","Capacitor"],"picked":"SKIP","floor":19},{"not_picked":["Compile Driver","Chaos"],"picked":"Chill","floor":21}],"player_experience":2026258,"relics_obtained":[{"floor":9.0,"key":"Anchor"},{"floor":14.0,"key":"Lantern"}],"event_choices":[{"damage_healed":0.0,"max_hp_gain":0.0,"max_hp_loss":0.0,"gold_gain":0.0,"event_name":"Scrap Ooze","player_choice":"Success","floor":4.0,"gold_loss":0.0,"damage_taken":5.0,"relics_obtained":["War Paint"]},{"cards_removed":["Strike_B"],"damage_healed":0.0,"max_hp_gain":0.0,"max_hp_loss":0.0,"gold_gain":0.0,"event_name":"Golden Wing","player_choice":"Card Removal","floor":5.0,"gold_loss":0.0,"damage_taken":7.0},{"damage_healed":23.0,"max_hp_gain":0.0,"max_hp_loss":0.0,"gold_gain":0.0,"event_name":"Big Fish","player_choice":"Banana","floor":13.0,"gold_loss":0.0,"damage_taken":0.0},{"damage_healed":0,"gold_gain":0,"player_choice":"Ignored","damage_taken":0,"max_hp_gain":0,"max_hp_loss":0,"event_name":"Vampires","floor":20,"gold_loss":0}],"is_beta":false,"boss_relics":[{"not_picked":["Snecko Eye","Orrery"],"picked":"Inserter"}],"items_purged_floors":[],"is_endless":false,"potions_floor_spawned":[1,11,14,18,19],"killed_by":"3 Cultists","ascension_level":20}