{"gold_per_floor":[110,110,110,110,123,149,163,163,163,26,41,41,58,72,72,72],"floor_reached":16,"playtime":244,"items_purged":[],"score":254,"play_id":"4259a9e9-5ee8-4fa0-8944-073187ddd897","local_time":"20190609181220","is_ascension_mode":true,"campfire_choices":[{"data":"Amplify","floor":8,"key":"SMITH"},{"data":"Turbo","floor":12,"key":"SMITH"},{"data":"Rip and Tear","floor":15,"key":"SMITH"}],"neow_cost":"NONE","seed_source_timestamp":279819965899736,"circlet_count":0,"master_deck":["AscendersBane","Strike_B","Strike_B","Strike_B","Defend_B","Defend_B","Defend_B","Defend_B","Zap","Dualcast","Turbo+1","Genetic Algorithm+1","Undo","Amplify+1","Chill","Turbo","Auto Shields","Rip and Tear+1"],"relics":["Cracked Core","NeowsBlessing","Sundial","The Courier","DataDisk"],"potions_floor_usage":[],"damage_taken":[{"damage":0,"enemies":"Jaw Worm","floor":1,"turns":1},{"damage":0,"enemies":"Small Slimes","floor":5,"turns":1},{"damage":0,"enemies":"3 Sentries","floor":6,"turns":1},{"damage":1,"enemies":"Cultist","floor":7,"turns":4},{"damage":0,"enemies":"Blue Slaver","floor":11,"turns":4},{"damage":41,"enemies":"Large Slime","floor":13,"turns":8},{"damage":0,"enemies":"Exordium Wildlife","floor":14,"turns":4},{"damage":0,"enemies":"Hexaghost","floor":16,"turns":2}],"seed_played":"8801810251148435641","potions_obtained":[{"floor":5,"key":"Explosive Potion"},{"floor":11,"key":"Dexterity Potion"}],"is_trial":false,"path_per_floor":["M","?","?","?","M","E","M","R","T","$","M","R","M","M","R","B"],"character_chosen":"DEFECT","items_purchased":["DataDisk"],"campfire_rested":0,"item_purchase_floors":[10],"current_hp_per_floor":[64,64,69,69,69,69,68,68,68,68,68,68,27,27,27,27],"gold":72,"neow_bonus":"THREE_ENEMY_KILL","is_prod":false,"is_daily":false,"chose_seed":false,"campfire_upgraded":3,"win_rate":0,"timestamp":1560071540,"path_taken":["M","?","?","?","M","E","M","R","T","$","?","R","M","M","R","BOSS"],"build_version":"2019-01-23","purchased_purges":0,"victory":false,"max_hp_per_floor":[71,71,76,76,76,76,76,76,76,76,76,76,76,76,76,76],"card_choices":[{"not_picked":["Sweeping Beam","Go for the Eyes"],"picked":"Turbo","floor":1},{"not_picked":["Coolheaded","Chill"],"picked":"Undo","floor":5},{"not_picked":["Lockon","Buffer"],"picked":"Amplify","floor":6},{"not_picked":["Go for the Eyes","Undo"],"picked":"Chill","floor":7},{"not_picked":["Streamline","Gash"],"picked":"Turbo","floor":11},{"not_picked":["Streamline","Stack"],"picked":"Auto Shields","floor":13},{"not_picked":["Turbo","Redo"],"picked":"Rip and Tear","floor":14}],"player_experience":580578,"relics_obtained":[{"floor":6,"key":"Sundial"},{"floor":9,"key":"The Courier"}],"event_choices":[{"damage_healed":0,"gold_gain":0,"cards_transformed":["Strike_B"],"player_choice":"Change","damage_taken":0,"max_hp_gain":0,"max_hp_loss":0,"event_name":"Living Wall","floor":2,"gold_loss":0,"cards_obtained":["Genetic Algorithm"]},{"damage_healed":0,"gold_gain":0,"player_choice":"Donut","damage_taken":0,"max_hp_gain":5,"max_hp_loss":0,"event_name":"Big Fish","floor":3,"gold_loss":0},{"damage_healed":0,"gold_gain":0,"player_choice":"Upgraded","damage_taken":0,"max_hp_gain":0,"max_hp_loss":0,"event_name":"Upgrade Shrine","floor":4,"gold_loss":0,"cards_upgraded":["Genetic Algorithm"]}],"is_beta":false,"boss_relics":[],"items_purged_floors":[],"is_endless":false,"potions_floor_spawned":[5,11,14],"killed_by":"Hexaghost","ascension_level":20}