{"gold_per_floor":[116,191,201,201,231,243,274,299,334,346,358,400,412,424,436,551,563,563,563,563,563,181,181,96,96,96,96,96,96,96,96,96,96],"floor_reached":33,"playtime":961,"items_purged":["Strike_R"],"score":311,"play_id":"67a7e868-58a6-4ca4-a117-10a3bd17abf0","local_time":"20190808010251","is_ascension_mode":false,"campfire_choices":[{"data":"Thinking Ahead","floor":6,"key":"SMITH"},{"data":"Armaments","floor":10,"key":"SMITH"},{"data":"Whirlwind","floor":13,"key":"SMITH"},{"data":"Juggernaut","floor":15,"key":"SMITH"},{"data":"Bash","floor":23,"key":"SMITH"},{"data":"Twin Strike","floor":25,"key":"SMITH"},{"data":"Iron Wave","floor":29,"key":"SMITH"},{"data":"Immolate","floor":32,"key":"SMITH"}],"neow_cost":"PERCENT_DAMAGE","seed_source_timestamp":7778771077428,"circlet_count":0,"master_deck":["Strike_R+1","Strike_R","Strike_R","Defend_R+1","Defend_R","Defend_R","Defend_R+1","Bash+1","Thinking Ahead+1","Good Instincts+1","Iron Wave+1","Armaments+1","Twin Strike+1","Sword Boomerang","Whirlwind+1","Juggernaut+1","Immolate+1","Shrug It Off","Inflame+1","Havoc+1"],"relics":["Burning Blood","MawBank","War Paint","Orichalcum","Ectoplasm","CultistMask","Prayer Wheel","Frozen Egg 2","Blue Candle","Du-Vu Doll"],"potions_floor_usage":[12,16,16,28],"damage_taken":[{"damage":1,"enemies":"Cultist","floor":1,"turns":3},{"damage":0,"enemies":"2 Louse","floor":3,"turns":4},{"damage":0,"enemies":"Jaw Worm","floor":5,"turns":4},{"damage":2,"enemies":"Blue Slaver","floor":7,"turns":5},{"damage":2,"enemies":"Looter","floor":8,"turns":4},{"damage":13,"enemies":"Lagavulin","floor":12,"turns":6},{"damage":0,"enemies":"Hexaghost","floor":16,"turns":8},{"damage":0,"enemies":"Shell Parasite","floor":18,"turns":5},{"damage":0,"enemies":"3 Byrds","floor":21,"turns":4},{"damage":30,"enemies":"Book of Stabbing","floor":28,"turns":5},{"damage":0,"enemies":"3 Cultists","floor":30,"turns":4},{"damage":73,"enemies":"Automaton","floor":33,"turns":8}],"seed_played":"2376552009314558657","potions_obtained":[{"floor":1,"key":"EssenceOfSteel"},{"floor":7,"key":"AttackPotion"},{"floor":8,"key":"GamblersBrew"},{"floor":16,"key":"GamblersBrew"},{"floor":21,"key":"Weak Potion"},{"floor":27,"key":"LiquidBronze"},{"floor":27,"key":"Strength Potion"},{"floor":30,"key":"SpeedPotion"}],"is_trial":false,"path_per_floor":["M","?","M","?","M","R","M","M","T","R","?","E","R","?","R","B",null,"M","?","?","M","$","R","?","R","T","?","E","R","M","$","R","B"],"character_chosen":"IRONCLAD","items_purchased":["Prayer Wheel"],"campfire_rested":0,"item_purchase_floors":[22],"current_hp_per_floor":[61,50,56,49,55,55,59,63,63,63,56,49,49,33,33,39,80,80,80,80,80,80,80,80,80,80,80,56,56,62,62,62,0],"gold":96,"neow_bonus":"RANDOM_COLORLESS_2","is_prod":false,"is_daily":false,"chose_seed":false,"campfire_upgraded":8,"win_rate":0,"timestamp":1565247771,"path_taken":["M","?","M","?","?","R","M","M","T","R","?","E","R","?","R","BOSS","M","?","?","?","$","R","?","R","T","?","E","R","M","$","R","BOSS"],"build_version":"2019-07-17","purchased_purges":1,"victory":false,"max_hp_per_floor":[80,80,80,80,80,80,80,80,80,80,80,80,80,80,80,80,80,80,80,80,80,80,80,80,80,80,80,80,80,80,80,80,80],"card_choices":[{"not_picked":["True Grit","Heavy Blade"],"picked":"Iron Wave","floor":1},{"not_picked":["Twin Strike","Shrug It Off"],"picked":"Armaments","floor":3},{"not_picked":["Rupture","True Grit"],"picked":"Twin Strike","floor":5},{"not_picked":["Clash","Power Through"],"picked":"Sword Boomerang","floor":7},{"not_picked":["Blood for Blood","Battle Trance"],"picked":"Whirlwind","floor":8},{"not_picked":["Sword Boomerang","Rupture"],"picked":"Juggernaut","floor":12},{"not_picked":["Feed","Double Tap"],"picked":"Immolate","floor":16},{"not_picked":["Combust","Clash"],"picked":"Shrug It Off","floor":18},{"not_picked":["Pummel","Pommel Strike","Body Slam"],"picked":"SKIP","floor":21},{"not_picked":["Rupture+1","Pummel"],"picked":"Inflame+1","floor":28},{"not_picked":["Spot Weakness","Uppercut"],"picked":"Havoc+1","floor":30},{"not_picked":["Wild Strike+1","Iron Wave","Perfected Strike+1"],"picked":"SKIP","floor":30}],"player_experience":1655610,"relics_obtained":[{"floor":9,"key":"War Paint"},{"floor":12,"key":"Orichalcum"},{"floor":26,"key":"Blue Candle"},{"floor":28,"key":"Du-Vu Doll"}],"event_choices":[{"damage_healed":0,"gold_gain":75,"player_choice":"Gather Gold","damage_taken":11,"max_hp_gain":0,"max_hp_loss":0,"event_name":"World of Goop","floor":2,"gold_loss":0},{"damage_healed":0,"gold_gain":0,"player_choice":"Success","damage_taken":7,"relics_obtained":["MawBank"],"max_hp_gain":0,"max_hp_loss":0,"event_name":"Scrap Ooze","floor":4,"gold_loss":0},{"cards_removed":["Strike_R"],"damage_healed":0,"gold_gain":0,"player_choice":"Card Removal","damage_taken":7,"max_hp_gain":0,"max_hp_loss":0,"event_name":"Golden Wing","floor":11,"gold_loss":0},{"damage_healed":0,"gold_gain":0,"player_choice":"Entered Light","damage_taken":16,"max_hp_gain":0,"max_hp_loss":0,"event_name":"Shining Light","floor":14,"gold_loss":0,"cards_upgraded":["Good Instincts","Strike_R"]},{"damage_healed":0,"gold_gain":0,"player_choice":"Ignored","damage_taken":0,"max_hp_gain":0,"max_hp_loss":0,"event_name":"Ghosts","floor":19,"gold_loss":0},{"damage_healed":0,"gold_gain":0,"player_choice":"Trade","damage_taken":0,"relics_obtained":["CultistMask"],"max_hp_gain":0,"max_hp_loss":0,"event_name":"FaceTrader","floor":20,"gold_loss":0},{"damage_healed":0,"gold_gain":0,"player_choice":"Obtained Relic","damage_taken":0,"relics_obtained":["Frozen Egg 2"],"max_hp_gain":0,"max_hp_loss":0,"event_name":"Addict","floor":24,"gold_loss":85},{"damage_healed":0,"gold_gain":0,"player_choice":"Got Potions","damage_taken":0,"max_hp_gain":0,"max_hp_loss":0,"event_name":"Lab","floor":27,"gold_loss":0}],"is_beta":false,"boss_relics":[{"not_picked":["Astrolabe","Tiny House"],"picked":"Ectoplasm"}],"items_purged_floors":[22],"is_endless":false,"potions_floor_spawned":[1,7,8,16,21,30],"killed_by":"Automaton","ascension_level":0}