{"gold_per_floor":[118,136,61,61,61,61,61,84,158,176,189,189,114,133,133,222,222,237,237,137,158,48,88,88,119,119,133,133,157,32,75,75,168,168,182,200,218,218,234,234,22,53,53,53,77,77,97,113,113,113,113,113,113,63,107,107],"floor_reached":57,"playtime":2605,"items_purged":["Strike_G","Strike_G","Strike_G"],"score":2968,"play_id":"3c58fca4-8606-4b12-90e5-c9114fe8ffd1","local_time":"20190301124242","is_ascension_mode":true,"campfire_choices":[{"data":"Neutralize","floor":6.0,"key":"SMITH"},{"data":"Acrobatics","floor":12.0,"key":"SMITH"},{"data":"Well Laid Plans","floor":15.0,"key":"SMITH"},{"data":"Grand Finale","floor":24.0,"key":"SMITH"},{"data":"Acrobatics","floor":28.0,"key":"SMITH"},{"data":"Tactician","floor":32.0,"key":"SMITH"},{"data":"Calculated Gamble","floor":40.0,"key":"SMITH"},{"data":"Coolheaded","floor":44.0,"key":"SMITH"},{"floor":49.0,"key":"RECALL"},{"data":"Reflex","floor":53.0,"key":"SMITH"}],"neow_cost":"PERCENT_DAMAGE","seed_source_timestamp":7232510455848,"circlet_count":0,"master_deck":["AscendersBane","Defend_G+1","Defend_G","Defend_G","Defend_G","Defend_G","Survivor","Neutralize+1","Grand Finale+1","Tactician+1","Acrobatics+1","Deadly Poison","Well Laid Plans+1","Adrenaline","Acrobatics+1","Calculated Gamble+1","Reflex+1","Coolheaded+1","Escape Plan+1","Acrobatics+1","Prepared","Havoc"],"special_seed":0,"relics":["Ring of the Snake","Golden Idol","Letter Opener","Runic Pyramid","Pocketwatch","PreservedInsect","Prayer Wheel","White Beast Statue","PrismaticShard","Mango","Meat on the Bone","Ornamental Fan"],"potions_floor_usage":[56,56],"damage_taken":[{"damage":0.0,"enemies":"2 Louse","floor":1.0,"turns":4.0},{"damage":2.0,"enemies":"Small Slimes","floor":2.0,"turns":5.0},{"damage":4.0,"enemies":"Jaw Worm","floor":8.0,"turns":9.0},{"damage":0.0,"enemies":"2 Fungi Beasts","floor":10.0,"turns":2.0},{"damage":0.0,"enemies":"Blue Slaver","floor":11.0,"turns":2.0},{"damage":0.0,"enemies":"Looter","floor":14.0,"turns":3.0},{"damage":5.0,"enemies":"Hexaghost","floor":16.0,"turns":9.0},{"damage":0.0,"enemies":"Spheric Guardian","floor":18.0,"turns":3.0},{"damage":9.0,"enemies":"Shell Parasite","floor":21.0,"turns":5.0},{"damage":3.0,"enemies":"Gremlin Leader","floor":23.0,"turns":4.0},{"damage":0.0,"enemies":"Book of Stabbing","floor":25.0,"turns":4.0},{"damage":5.0,"enemies":"Centurion and Healer","floor":27.0,"turns":2.0},{"damage":2.0,"enemies":"Shelled Parasite and Fungi","floor":29.0,"turns":2.0},{"damage":0.0,"enemies":"Slavers","floor":31.0,"turns":2.0},{"damage":0.0,"enemies":"Champ","floor":33.0,"turns":5.0},{"damage":0.0,"enemies":"3 Shapes","floor":35.0,"turns":1.0},{"damage":0.0,"enemies":"3 Darklings","floor":36.0,"turns":2.0},{"damage":0.0,"enemies":"Sphere and 2 Shapes","floor":37.0,"turns":3.0},{"damage":0.0,"enemies":"Jaw Worm Horde","floor":39.0,"turns":2.0},{"damage":0.0,"enemies":"Reptomancer","floor":42.0,"turns":1.0},{"damage":0.0,"enemies":"Transient","floor":45.0,"turns":6.0},{"damage":0.0,"enemies":"Spire Growth","floor":47.0,"turns":1.0},{"damage":0.0,"enemies":"Sphere and 2 Shapes","floor":48.0,"turns":1.0},{"damage":26.0,"enemies":"Time Eater","floor":50.0,"turns":8.0},{"damage":9.0,"enemies":"Donu and Deca","floor":51.0,"turns":3.0},{"damage":0.0,"enemies":"Shield and Spear","floor":55.0,"turns":1.0},{"damage":63,"enemies":"The Heart","floor":56,"turns":8}],"seed_played":"4080465523869416931","potions_obtained":[{"floor":1.0,"key":"Energy Potion"},{"floor":11.0,"key":"PowerPotion"},{"floor":14.0,"key":"Fire Potion"},{"floor":27.0,"key":"Poison Potion"},{"floor":29.0,"key":"GhostInAJar"},{"floor":35.0,"key":"GhostInAJar"},{"floor":39.0,"key":"GamblersBrew"}],"is_trial":false,"path_per_floor":["M","M","$","?","?","R","?","M","T","M","M","R","?","M","R","B",null,"M","?","$","M","?","E","R","E","T","M","R","M","$","E","R","B",null,"M","M","M","?","M","R","$","E","T","R","M","$","M","M","R","B","B",null,"R","$","E","B",null],"character_chosen":"THE_SILENT","items_purchased":["PrismaticShard","Prepared"],"campfire_rested":0,"item_purchase_floors":[41,54],"current_hp_per_floor":[44,42,42,42,42,42,42,38,38,38,38,38,38,38,38,33,53,53,53,53,44,44,41,41,41,41,36,36,34,34,34,34,34,54,54,54,54,54,54,54,54,68,68,68,68,68,68,68,68,42,45,67,67,67,67,16],"gold":107,"neow_bonus":"THREE_RARE_CARDS","is_prod":false,"is_daily":false,"chose_seed":false,"campfire_upgraded":9,"win_rate":0,"timestamp":1551415362,"path_taken":["M","M","$","?","?","R","?","M","T","?","M","R","?","M","R","BOSS","M","?","$","M","?","E","R","E","T","?","R","M","$","E","R","BOSS","M","M","M","?","M","R","$","E","T","R","M","$","M","M","R","BOSS","BOSS","R","$","E","BOSS"],"build_version":"2019-01-23","purchased_purges":3,"victory":true,"max_hp_per_floor":[66,66,66,66,60,60,60,60,60,60,60,60,60,60,60,60,60,60,60,60,60,60,60,60,60,60,60,60,60,60,60,60,60,60,60,60,60,60,60,60,60,74,74,74,74,74,74,74,74,74,74,74,74,74,74,74],"card_choices":[{"not_picked":["Unload","Venomology"],"picked":"Grand Finale","floor":0.0},{"not_picked":["Distraction","Deflect"],"picked":"Tactician","floor":1.0},{"not_picked":["Flying Knee","Crippling Poison","Outmaneuver"],"picked":"SKIP","floor":2.0},{"not_picked":["Catalyst","Poisoned Stab"],"picked":"Acrobatics","floor":8.0},{"not_picked":["Sucker Punch","Tactician","Finisher"],"picked":"SKIP","floor":10.0},{"not_picked":["Skewer","Terror"],"picked":"Deadly Poison","floor":11.0},{"not_picked":["Leg Sweep","Slice"],"picked":"Well Laid Plans","floor":14.0},{"not_picked":["Unload","Venomology"],"picked":"Adrenaline","floor":16.0},{"not_picked":["PiercingWail","Predator","Backflip"],"picked":"SKIP","floor":18.0},{"not_picked":["Outmaneuver","Slice","Poisoned Stab"],"picked":"SKIP","floor":21.0},{"not_picked":["Prepared","Blur+1","Terror"],"picked":"SKIP","floor":23.0},{"not_picked":["Terror","Venomology","Blade Dance"],"picked":"SKIP","floor":25.0},{"not_picked":["Deadly Poison+1","Backflip"],"picked":"Acrobatics","floor":27.0},{"not_picked":["Poisoned Stab","Dodge and Roll","Caltrops"],"picked":"SKIP","floor":29.0},{"not_picked":["Heel Hook","Poisoned Stab","Deadly Poison"],"picked":"SKIP","floor":31.0},{"not_picked":["Poisoned Stab","Dodge and Roll+1","Backflip+1"],"picked":"SKIP","floor":35.0},{"not_picked":["Distraction","Terror","PiercingWail"],"picked":"SKIP","floor":35.0},{"not_picked":["Dagger Throw+1","Sucker Punch","Heel Hook"],"picked":"SKIP","floor":36.0},{"not_picked":["Tactician","Heel Hook+1","Cloak And Dagger+1"],"picked":"SKIP","floor":36.0},{"not_picked":["Riddle With Holes","Underhanded Strike"],"picked":"Calculated Gamble","floor":37.0},{"not_picked":["Masterful Stab","Glass Knife","Acrobatics"],"picked":"SKIP","floor":37.0},{"not_picked":["Deadly Poison+1","Endless Agony"],"picked":"Reflex","floor":39.0},{"not_picked":["Slice+1","Bane+1","Dodge and Roll"],"picked":"SKIP","floor":39.0},{"not_picked":["Steam+1","Pommel Strike"],"picked":"Coolheaded","floor":42.0},{"not_picked":["Endless Agony","Well Laid Plans"],"picked":"Escape Plan+1","floor":45.0},{"not_picked":["Go for the Eyes","Die Die Die","Riddle With Holes"],"picked":"SKIP","floor":45.0},{"not_picked":["Slice","Dagger Throw"],"picked":"Acrobatics+1","floor":47.0},{"not_picked":["Flex","Rebound","Heavy Blade"],"picked":"SKIP","floor":47.0},{"not_picked":["Corpse Explosion","Acrobatics","Body Slam"],"picked":"SKIP","floor":48.0},{"not_picked":["Backflip+1","Dramatic Entrance","Clash"],"picked":"SKIP","floor":48.0},{"not_picked":["Good Instincts","Leap"],"picked":"Havoc","floor":55.0}],"player_experience":3254653,"relics_obtained":[{"floor":9.0,"key":"Letter Opener"},{"floor":23.0,"key":"Pocketwatch"},{"floor":25.0,"key":"PreservedInsect"},{"floor":31.0,"key":"Prayer Wheel"},{"floor":42.0,"key":"Mango"},{"floor":43.0,"key":"Meat on the Bone"},{"floor":55.0,"key":"Ornamental Fan"}],"event_choices":[{"damage_healed":0.0,"max_hp_gain":0.0,"max_hp_loss":0.0,"gold_gain":0.0,"event_name":"Scrap Ooze","player_choice":"Fled","floor":4.0,"gold_loss":0.0,"damage_taken":0.0},{"damage_healed":0.0,"max_hp_gain":0.0,"max_hp_loss":6.0,"gold_gain":0.0,"event_name":"Golden Idol","player_choice":"Lose Max HP","floor":5.0,"gold_loss":0.0,"damage_taken":0.0,"relics_obtained":["Golden Idol"]},{"damage_healed":0.0,"max_hp_gain":0.0,"max_hp_loss":0.0,"gold_gain":0.0,"event_name":"Dead Adventurer","player_choice":"Searched \u00270\u0027 times","floor":7.0,"gold_loss":0.0,"damage_taken":0.0},{"cards_removed":["Strike_G"],"damage_healed":0.0,"max_hp_gain":0.0,"max_hp_loss":0.0,"gold_gain":0.0,"event_name":"The Cleric","player_choice":"Card Removal","floor":13.0,"gold_loss":75.0,"damage_taken":0.0},{"damage_healed":0.0,"max_hp_gain":0.0,"max_hp_loss":0.0,"gold_gain":0.0,"event_name":"Ghosts","player_choice":"Ignored","floor":19.0,"gold_loss":0.0,"damage_taken":0.0},{"cards_removed":["Strike_G"],"damage_healed":0.0,"max_hp_gain":0.0,"max_hp_loss":0.0,"gold_gain":0.0,"event_name":"Designer","player_choice":"Upgrade and Remove","floor":22.0,"gold_loss":110.0,"damage_taken":0.0,"cards_upgraded":["Defend_G"]},{"damage_healed":0.0,"max_hp_gain":0.0,"max_hp_loss":0.0,"gold_gain":0.0,"event_name":"Tomb of Lord Red Mask","player_choice":"Ignored","floor":38.0,"gold_loss":0.0,"damage_taken":0.0}],"is_beta":false,"boss_relics":[{"not_picked":["Philosopher\u0027s Stone","Orrery"],"picked":"Runic Pyramid"},{"not_picked":["Fusion Hammer","Snecko Eye"],"picked":"White Beast Statue"}],"items_purged_floors":[3,20,30],"is_endless":false,"potions_floor_spawned":[1,11,14,16,21,27,29,35,36,37,39,42,45,47,48,55],"ascension_level":20}