{"gold_per_floor":[118,132,132,132,132,132,57,91,143,143,43,53,73,83,83,156,156,174,193,213,232,107,136,136,152,175,175,190,201,219,229,229,229],"floor_reached":33,"playtime":1121,"items_purged":["Strike_G","Strike_G","Strike_G"],"score":696,"play_id":"868997ad-0afe-4f05-8d91-f05bded750ec","local_time":"20190125214812","is_ascension_mode":true,"campfire_choices":[{"data":"Acrobatics","floor":6.0,"key":"SMITH"},{"data":"Deadly Poison","floor":10.0,"key":"SMITH"},{"data":"Bouncing Flask","floor":15.0,"key":"SMITH"},{"data":"Neutralize","floor":24.0,"key":"SMITH"},{"floor":27,"key":"REST"},{"data":"Corpse Explosion","floor":32,"key":"SMITH"}],"neow_cost":"NONE","seed_source_timestamp":41911366308965,"circlet_count":0,"master_deck":["AscendersBane","Defend_G","Defend_G","Defend_G","Defend_G","Defend_G","Strike_G","Strike_G","Survivor","Neutralize+1","Acrobatics+1","Deadly Poison+1","Bouncing Flask+1","Escape Plan","Crippling Poison+1","Backflip","PiercingWail","Parasite","Blur","Corpse Explosion+1","Leg Sweep"],"special_seed":0,"relics":["Ring of the Snake","NeowsBlessing","Anchor","Sundial","Cursed Key","Dream Catcher","Oddly Smooth Stone"],"potions_floor_usage":[33],"damage_taken":[{"damage":0.0,"enemies":"Cultist","floor":1.0,"turns":1.0},{"damage":0.0,"enemies":"Jaw Worm","floor":2.0,"turns":1.0},{"damage":0.0,"enemies":"Gremlin Nob","floor":8.0,"turns":1.0},{"damage":0.0,"enemies":"2 Louse","floor":12.0,"turns":2.0},{"damage":0.0,"enemies":"Blue Slaver","floor":13.0,"turns":4.0},{"damage":0.0,"enemies":"3 Louse","floor":14.0,"turns":4.0},{"damage":0.0,"enemies":"The Guardian","floor":16.0,"turns":8.0},{"damage":0.0,"enemies":"3 Byrds","floor":18.0,"turns":5.0},{"damage":0.0,"enemies":"Spheric Guardian","floor":19.0,"turns":3.0},{"damage":24.0,"enemies":"Cultist and Chosen","floor":20.0,"turns":5.0},{"damage":13.0,"enemies":"Snecko","floor":21.0,"turns":4.0},{"damage":5.0,"enemies":"Gremlin Leader","floor":23.0,"turns":5.0},{"damage":9.0,"enemies":"Shelled Parasite and Fungi","floor":25.0,"turns":5.0},{"damage":0,"enemies":"Centurion and Healer","floor":28,"turns":6},{"damage":0,"enemies":"Snake Plant","floor":29,"turns":4},{"damage":6,"enemies":"Snecko","floor":30,"turns":5},{"damage":10,"enemies":"Shelled Parasite and Fungi","floor":31,"turns":7},{"damage":34,"enemies":"Automaton","floor":33,"turns":6}],"seed_played":"-5347910799828125034","potions_obtained":[{"floor":12.0,"key":"Energy Potion"},{"floor":14.0,"key":"GhostInAJar"},{"floor":16.0,"key":"Explosive Potion"},{"floor":18.0,"key":"PowerPotion"},{"floor":21.0,"key":"Weak Potion"},{"floor":23.0,"key":"Block Potion"}],"is_trial":false,"path_per_floor":["M","M","?","?","T","R","$","E","T","R","$","M","M","M","R","B",null,"M","M","M","M","$","E","R","M","T","R","M","M","M","M","R","B"],"character_chosen":"THE_SILENT","items_purchased":[],"campfire_rested":1,"item_purchase_floors":[],"current_hp_per_floor":[59,59,59,64,64,64,64,64,64,64,64,64,64,64,64,64,69,69,69,45,32,32,27,27,18,18,39,39,39,33,23,23,0],"gold":229,"neow_bonus":"THREE_ENEMY_KILL","is_prod":false,"is_daily":false,"chose_seed":false,"campfire_upgraded":5,"win_rate":0,"timestamp":1548424092,"path_taken":["M","?","?","?","?","R","?","E","T","R","$","M","M","M","R","BOSS","M","M","M","M","$","E","R","M","T","R","M","M","M","M","R","BOSS"],"build_version":"2019-01-23","purchased_purges":3,"victory":false,"max_hp_per_floor":[66,66,66,71,71,71,71,71,71,71,71,71,71,71,71,71,71,71,71,71,71,71,71,71,71,71,71,71,71,71,71,71,71],"card_choices":[{"not_picked":["Deflect","Flechettes"],"picked":"Acrobatics","floor":1.0},{"not_picked":["Crippling Poison","All Out Attack","Quick Slash"],"picked":"SKIP","floor":2.0},{"not_picked":["Leg Sweep","Footwork"],"picked":"Deadly Poison","floor":8.0},{"not_picked":["Deadly Poison","Sucker Punch"],"picked":"Bouncing Flask","floor":12.0},{"not_picked":["Prepared","Acrobatics"],"picked":"Escape Plan","floor":13.0},{"not_picked":["Slice","Skewer","Endless Agony"],"picked":"SKIP","floor":14.0},{"not_picked":["Heel Hook","Concentrate","Cloak And Dagger"],"picked":"SKIP","floor":18.0},{"not_picked":["Poisoned Stab","Dash"],"picked":"Crippling Poison+1","floor":19.0},{"not_picked":["Finisher","Accuracy+1","Quick Slash"],"picked":"SKIP","floor":20.0},{"not_picked":["Dagger Spray+1","Outmaneuver"],"picked":"Backflip","floor":21.0},{"not_picked":["Prepared","Dagger Spray","Masterful Stab"],"picked":"SKIP","floor":23.0},{"not_picked":["PiercingWail","Dodge and Roll","Backflip"],"picked":"SKIP","floor":25.0},{"not_picked":["Dodge and Roll","Backflip"],"picked":"PiercingWail","floor":25.0},{"not_picked":["Tactician","Distraction+1"],"picked":"Blur","floor":28},{"not_picked":["Slice","Dodge and Roll","Blade Dance"],"picked":"SKIP","floor":29},{"not_picked":["Quick Slash","Cloak And Dagger"],"picked":"Corpse Explosion","floor":30},{"not_picked":["Masterful Stab+1","Heel Hook"],"picked":"Leg Sweep","floor":31}],"player_experience":1346368,"relics_obtained":[{"floor":5.0,"key":"Anchor"},{"floor":8.0,"key":"Sundial"},{"floor":23.0,"key":"Dream Catcher"},{"floor":26.0,"key":"Oddly Smooth Stone"}],"event_choices":[{"damage_healed":0.0,"max_hp_gain":0.0,"max_hp_loss":0.0,"gold_gain":0.0,"event_name":"Liars Game","player_choice":"Ignored","floor":3.0,"gold_loss":0.0,"damage_taken":0.0},{"damage_healed":0.0,"max_hp_gain":5.0,"max_hp_loss":0.0,"gold_gain":0.0,"event_name":"Big Fish","player_choice":"Donut","floor":4.0,"gold_loss":0.0,"damage_taken":0.0}],"is_beta":true,"boss_relics":[{"not_picked":["Lizard Tail","White Beast Statue"],"picked":"Cursed Key"}],"items_purged_floors":[7,11,22],"is_endless":false,"potions_floor_spawned":[12,14,16,18,21,23,29,31],"killed_by":"Automaton","ascension_level":20}