{"gold_per_floor":[116,126,139,139,98,98,72,72,119,135,155,173,203,218,218,292,292,304,318,318,2,2,2],"floor_reached":23,"playtime":871,"items_purged":[],"score":386,"play_id":"27898b2e-5487-47cb-8532-c80c1ed05d9c","local_time":"20190227223530","is_ascension_mode":true,"campfire_choices":[{"data":"Defragment","floor":6,"key":"SMITH"},{"data":"Dualcast","floor":8,"key":"SMITH"},{"data":"Darkness","floor":15,"key":"SMITH"}],"neow_cost":"TEN_PERCENT_HP_LOSS","seed_source_timestamp":41202549041995,"circlet_count":0,"master_deck":["AscendersBane","Strike_B","Strike_B","Defend_B","Defend_B","Defend_B","Defend_B","Zap","Dualcast+1","Auto Shields","Genetic Algorithm","Defragment+1","Double Energy","Hologram","Capacitor","Coolheaded","Ball Lightning","Darkness+1","Redo","Coolheaded","Meteor Strike","Double Energy","Barrage","Steam","Defragment"],"special_seed":0,"relics":["Cracked Core","Shovel","Nunchaku","Sozu","Cables"],"potions_floor_usage":[],"damage_taken":[{"damage":3.0,"enemies":"2 Louse","floor":1.0,"turns":2.0},{"damage":0.0,"enemies":"Cultist","floor":2.0,"turns":3.0},{"damage":2.0,"enemies":"Jaw Worm","floor":3.0,"turns":4.0},{"damage":4,"enemies":"Blue Slaver","floor":10,"turns":5},{"damage":7,"enemies":"Red Slaver","floor":11,"turns":5},{"damage":3,"enemies":"Looter","floor":12,"turns":5},{"damage":12,"enemies":"Lagavulin","floor":13,"turns":6},{"damage":2,"enemies":"3 Louse","floor":14,"turns":4},{"damage":16,"enemies":"Slime Boss","floor":16,"turns":9},{"damage":1,"enemies":"Spheric Guardian","floor":18,"turns":4},{"damage":0,"enemies":"Chosen","floor":19,"turns":5},{"damage":57,"enemies":"Slavers","floor":23,"turns":3}],"seed_played":"6691373963522330693","potions_obtained":[{"floor":1.0,"key":"EssenceOfSteel"},{"floor":3.0,"key":"FairyPotion"},{"floor":11,"key":"Ancient Potion"}],"is_trial":false,"path_per_floor":["M","M","M","?","$","R","$","R","T","M","M","M","E","M","R","B",null,"M","M","?","$","?","E"],"character_chosen":"DEFECT","items_purchased":["Capacitor","Coolheaded","Cables","Defragment"],"campfire_rested":0,"item_purchase_floors":[5,7,21,21],"current_hp_per_floor":[61,61,59,59,59,59,59,59,59,55,48,45,33,31,31,15,52,51,51,51,51,51,0],"gold":2,"neow_bonus":"ONE_RARE_RELIC","is_prod":false,"is_daily":false,"chose_seed":false,"campfire_upgraded":3,"win_rate":0,"timestamp":1551278130,"path_taken":["M","M","M","?","?","R","$","R","T","M","?","M","E","M","R","BOSS","M","M","?","$","?","E"],"build_version":"2019-01-23","purchased_purges":0,"victory":false,"max_hp_per_floor":[64,64,64,64,64,64,64,64,64,64,64,64,64,64,64,64,64,64,64,64,64,64,64],"card_choices":[{"not_picked":["Hologram","Skim"],"picked":"Auto Shields","floor":1.0},{"not_picked":["Blizzard","Go for the Eyes"],"picked":"Genetic Algorithm","floor":2.0},{"not_picked":["Conserve Battery","Force Field"],"picked":"Defragment","floor":3.0},{"not_picked":["Beam Cell","Compile Driver"],"picked":"Ball Lightning","floor":10},{"not_picked":["Hologram","Scrape"],"picked":"Darkness","floor":11},{"not_picked":["Reprogram","Sunder"],"picked":"Redo","floor":12},{"not_picked":["FTL","Lockon","Redo"],"picked":"SKIP","floor":13},{"not_picked":["Compile Driver","Sunder"],"picked":"Coolheaded","floor":14},{"not_picked":["Hyperbeam","Machine Learning"],"picked":"Meteor Strike","floor":16},{"not_picked":["Steam","Go for the Eyes","Leap"],"picked":"SKIP","floor":18},{"not_picked":["Streamline+1","Go for the Eyes"],"picked":"Double Energy","floor":19}],"player_experience":3212750,"relics_obtained":[{"floor":13,"key":"Nunchaku"}],"event_choices":[{"damage_healed":0,"gold_gain":0,"player_choice":"2 cards matched","damage_taken":0,"max_hp_gain":0,"max_hp_loss":0,"event_name":"Match and Keep!","floor":4,"gold_loss":0,"cards_obtained":["Double Energy","Hologram"]},{"damage_healed":0,"gold_gain":0,"cards_transformed":["Strike_B","Strike_B"],"player_choice":"Became Test Subject","damage_taken":0,"max_hp_gain":0,"max_hp_loss":0,"event_name":"Drug Dealer","floor":20,"gold_loss":0,"cards_obtained":["Barrage","Steam"]},{"damage_healed":0,"gold_gain":0,"player_choice":"Got Potions","damage_taken":0,"max_hp_gain":0,"max_hp_loss":0,"event_name":"Lab","floor":22,"gold_loss":0}],"is_beta":false,"boss_relics":[{"not_picked":["Fusion Hammer","Ectoplasm"],"picked":"Sozu"}],"items_purged_floors":[],"is_endless":false,"potions_floor_spawned":[1,3,11,12,18,19],"killed_by":"Slavers","ascension_level":20}