{"gold_per_floor":[113,125,138,148,73,73,83,83,109,123,123,149,149,49,49,146,146,160,171,46,46,62,87,87,106,131,131,131,131,131,131,131,233,233,247,247,247,264,264,264,264,264,264,264,283,383,383,383,383,383],"floor_reached":51,"playtime":4418,"items_purged":["Strike_R","Strike_R","Defend_R"],"score":890,"play_id":"0b18faa3-f24d-4b12-8e0e-5548f8577c1a","local_time":"20190727102605","is_ascension_mode":true,"campfire_choices":[{"data":"Body Slam","floor":6,"key":"SMITH"},{"data":"Shockwave","floor":8,"key":"SMITH"},{"data":"Rampage","floor":11,"key":"SMITH"},{"data":"Twin Strike","floor":13,"key":"SMITH"},{"floor":15,"key":"REST"},{"data":"Shrug It Off","floor":24,"key":"SMITH"},{"data":"Barricade","floor":28,"key":"SMITH"},{"data":"Pommel Strike","floor":30,"key":"SMITH"},{"floor":32,"key":"REST"},{"data":"Fiend Fire","floor":40,"key":"SMITH"},{"data":"Seeing Red","floor":42,"key":"SMITH"},{"data":"Shrug It Off","floor":44,"key":"SMITH"},{"floor":49,"key":"REST"}],"neow_cost":"NONE","seed_source_timestamp":592725396167293,"circlet_count":0,"master_deck":["Defend_R","Bash+1","Rampage+1","Shockwave+1","Body Slam+1","Iron Wave+1","Pommel Strike+1","Twin Strike+1","Barricade+1","Inflame+1","Shrug It Off+1","Reaper","Battle Trance","Metallicize","Battle Trance","Fiend Fire+1","Shrug It Off+1","Madness","Madness","Ghostly Armor+1"],"relics":["Burning Blood","Pen Nib","Anchor","Astrolabe","Whetstone","Juzu Bracelet","Potion Belt","Nilry\u0027s Codex","Sozu","Letter Opener","Lantern","Peace Pipe"],"potions_floor_usage":[4,16,23,46,50],"damage_taken":[{"damage":6,"enemies":"Cultist","floor":1,"turns":3},{"damage":12,"enemies":"Jaw Worm","floor":2,"turns":4},{"damage":1,"enemies":"Small Slimes","floor":3,"turns":4},{"damage":23,"enemies":"3 Louse","floor":4,"turns":4},{"damage":8,"enemies":"Large Slime","floor":7,"turns":6},{"damage":6,"enemies":"Looter","floor":10,"turns":3},{"damage":25,"enemies":"3 Sentries","floor":12,"turns":8},{"damage":25,"enemies":"Hexaghost","floor":16,"turns":9},{"damage":2,"enemies":"Chosen","floor":18,"turns":3},{"damage":7,"enemies":"3 Byrds","floor":19,"turns":4},{"damage":20,"enemies":"Snake Plant","floor":22,"turns":4},{"damage":42,"enemies":"Book of Stabbing","floor":23,"turns":5},{"damage":4,"enemies":"3 Cultists","floor":25,"turns":4},{"damage":29,"enemies":"Champ","floor":33,"turns":6},{"damage":0,"enemies":"Orb Walker","floor":35,"turns":2},{"damage":23,"enemies":"3 Darklings","floor":38,"turns":7},{"damage":0,"enemies":"Transient","floor":45,"turns":5},{"damage":3,"enemies":"Mind Bloom Boss Battle","floor":46,"turns":6},{"damage":62,"enemies":"Time Eater","floor":50,"turns":10}],"seed_played":"1723776172281601497","potions_obtained":[{"floor":3,"key":"GamblersBrew"},{"floor":4,"key":"SteroidPotion"},{"floor":7,"key":"SkillPotion"},{"floor":10,"key":"Regen Potion"},{"floor":12,"key":"Explosive Potion"},{"floor":18,"key":"GamblersBrew"},{"floor":25,"key":"LiquidBronze"}],"is_trial":false,"path_per_floor":["M","M","M","M","$","R","M","R","T","M","R","E","R","$","R","B",null,"M","M","$","?","M","E","R","M","T","?","R","T","R","?","R","B",null,"M","?","?","M","?","R","T","R","T","R","M","?","?","?","R","B",null],"character_chosen":"IRONCLAD","items_purchased":[],"campfire_rested":3,"item_purchase_floors":[],"current_hp_per_floor":[72,66,71,54,54,54,52,52,52,52,52,33,33,33,57,38,70,74,73,73,73,59,37,37,63,63,63,63,63,63,47,71,48,72,78,68,68,51,41,41,41,41,41,41,47,60,60,60,80,36],"gold":383,"neow_bonus":"TRANSFORM_CARD","is_prod":false,"is_daily":false,"chose_seed":false,"campfire_upgraded":10,"win_rate":0,"timestamp":1564241165,"path_taken":["M","M","M","M","?","R","?","R","T","M","R","E","R","$","R","BOSS","M","M","$","?","M","E","R","?","T","?","R","?","R","?","R","BOSS","M","?","?","M","?","R","?","R","T","R","M","?","?","?","R","BOSS"],"build_version":"2019-07-17","purchased_purges":3,"victory":true,"max_hp_per_floor":[80,80,80,80,80,80,80,80,80,80,80,80,80,80,80,80,80,80,80,80,80,80,80,80,80,80,80,80,80,80,80,80,80,80,80,80,80,80,80,80,80,80,80,80,80,80,80,80,80,80],"card_choices":[{"not_picked":["True Grit","Heavy Blade"],"picked":"Shockwave","floor":1},{"not_picked":["Havoc","Second Wind","Feel No Pain"],"picked":"SKIP","floor":2},{"not_picked":["Corruption","Combust"],"picked":"Body Slam","floor":3},{"not_picked":["Corruption","Headbutt"],"picked":"Seeing Red","floor":4},{"not_picked":["Havoc","Cleave"],"picked":"Iron Wave","floor":7},{"not_picked":["Feel No Pain","Sentinel"],"picked":"Pommel Strike","floor":10},{"not_picked":["Dual Wield","Metallicize"],"picked":"Twin Strike","floor":12},{"not_picked":["Offering","Fiend Fire"],"picked":"Barricade","floor":16},{"not_picked":["Thunderclap","Sword Boomerang","Uppercut"],"picked":"SKIP","floor":18},{"not_picked":["Thunderclap","Corruption"],"picked":"Shrug It Off","floor":19},{"not_picked":["Clash","Twin Strike"],"picked":"Battle Trance","floor":22},{"not_picked":["Reaper","Havoc","Dual Wield"],"picked":"SKIP","floor":23},{"not_picked":["Sentinel","Flex","Thunderclap"],"picked":"SKIP","floor":25},{"not_picked":["Double Tap","Exhume"],"picked":"Fiend Fire","floor":33},{"not_picked":["Warcry","Metallicize+1"],"picked":"Shrug It Off","floor":35},{"not_picked":["Heavy Blade","Flex","Thunderclap"],"picked":"SKIP","floor":38},{"not_picked":["Dropkick+1","Warcry"],"picked":"Ghostly Armor+1","floor":45}],"player_experience":330856,"relics_obtained":[{"floor":9,"key":"Pen Nib"},{"floor":12,"key":"Anchor"},{"floor":23,"key":"Whetstone"},{"floor":26,"key":"Juzu Bracelet"},{"floor":29,"key":"Potion Belt"},{"floor":31,"key":"Nilry\u0027s Codex"},{"floor":41,"key":"Letter Opener"},{"floor":43,"key":"Lantern"},{"floor":46,"key":"Peace Pipe"}],"event_choices":[{"damage_healed":0,"gold_gain":0,"cards_transformed":["Defend_R"],"player_choice":"Transformed","damage_taken":0,"max_hp_gain":0,"max_hp_loss":0,"event_name":"Transmorgrifier","floor":21,"gold_loss":0,"cards_obtained":["Reaper"]},{"damage_healed":0,"gold_gain":0,"cards_transformed":["Dark Embrace","Havoc"],"player_choice":"Became Test Subject","damage_taken":0,"max_hp_gain":0,"max_hp_loss":0,"event_name":"Drug Dealer","floor":27,"gold_loss":0,"cards_obtained":["Metallicize","Battle Trance"]},{"damage_healed":0,"gold_gain":0,"player_choice":"Obtained Book","damage_taken":16,"max_hp_gain":0,"max_hp_loss":0,"event_name":"Cursed Tome","floor":31,"gold_loss":0},{"damage_healed":0,"gold_gain":0,"player_choice":"Embrace Madness","damage_taken":10,"max_hp_gain":0,"max_hp_loss":0,"event_name":"Winding Halls","floor":36,"gold_loss":0,"cards_obtained":["Madness","Madness"]},{"damage_healed":0,"gold_gain":0,"player_choice":"Ignored","damage_taken":0,"max_hp_gain":0,"max_hp_loss":0,"event_name":"Tomb of Lord Red Mask","floor":37,"gold_loss":0},{"damage_healed":0,"gold_gain":0,"player_choice":"Memory 3","damage_taken":10,"max_hp_gain":0,"max_hp_loss":0,"event_name":"SensoryStone","floor":39,"gold_loss":0},{"damage_healed":0,"gold_gain":0,"player_choice":"Fight","damage_taken":0,"max_hp_gain":0,"max_hp_loss":0,"event_name":"MindBloom","floor":46,"gold_loss":0},{"cards_removed":["Seeing Red"],"damage_healed":0,"gold_gain":0,"player_choice":"Removed Skill","damage_taken":0,"max_hp_gain":0,"max_hp_loss":0,"event_name":"Falling","floor":47,"gold_loss":0},{"damage_healed":0,"gold_gain":0,"player_choice":"Ignored","damage_taken":0,"max_hp_gain":0,"max_hp_loss":0,"event_name":"Mysterious Sphere","floor":48,"gold_loss":0}],"is_beta":false,"boss_relics":[{"not_picked":["Fusion Hammer","Calling Bell"],"picked":"Astrolabe"},{"not_picked":["Eternal Feather","Black Star"],"picked":"Sozu"}],"items_purged_floors":[5,14,20],"is_endless":false,"potions_floor_spawned":[3,4,7,10,12,18,22,25,45,46],"ascension_level":8}