{"gold_per_floor":[12,87,12,22,37,37,37,37,37,37,64,78,89,104,104,178,178,193,118,118,129,29,29],"floor_reached":23,"playtime":925,"items_purged":["Strike_G","Strike_G"],"score":382,"play_id":"5331e8a7-8757-4d3c-86c7-f6046585578f","local_time":"20190217204427","is_ascension_mode":true,"campfire_choices":[{"data":"Neutralize","floor":7.0,"key":"SMITH"},{"data":"Malaise","floor":10.0,"key":"SMITH"},{"data":"Tactician","floor":15.0,"key":"SMITH"}],"neow_cost":"NO_GOLD","seed_source_timestamp":0,"circlet_count":0,"master_deck":["AscendersBane","Defend_G","Defend_G","Defend_G","Defend_G","Defend_G","Strike_G","Survivor","Neutralize+1","Escape Plan","Poisoned Stab","Tactician+1","Malaise+1","Backflip","Prepared"],"special_seed":0,"relics":["Ring of the Snake","Calipers","Bronze Scales","Ornamental Fan","Lantern","Runic Pyramid"],"potions_floor_usage":[23,23],"damage_taken":[{"damage":4.0,"enemies":"Jaw Worm","floor":1.0,"turns":6.0},{"damage":0.0,"enemies":"Small Slimes","floor":4.0,"turns":6.0},{"damage":5.0,"enemies":"Cultist","floor":5.0,"turns":5.0},{"damage":9.0,"enemies":"Lagavulin","floor":11.0,"turns":10.0},{"damage":4.0,"enemies":"3 Louse","floor":12.0,"turns":4.0},{"damage":0.0,"enemies":"Blue Slaver","floor":13.0,"turns":5.0},{"damage":9.0,"enemies":"2 Fungi Beasts","floor":14.0,"turns":4.0},{"damage":11,"enemies":"The Guardian","floor":16,"turns":19},{"damage":0,"enemies":"Shell Parasite","floor":18,"turns":8},{"damage":0,"enemies":"3 Byrds","floor":21,"turns":4},{"damage":40,"enemies":"Slavers","floor":23,"turns":7}],"seed_played":"4275446486297125910","potions_obtained":[{"floor":1.0,"key":"EntropicBrew"},{"floor":11.0,"key":"SkillPotion"}],"is_trial":false,"path_per_floor":["M","?","?","M","M","?","R","?","T","R","E","M","M","M","R","B",null,"M","$","?","M","$","E"],"character_chosen":"THE_SILENT","items_purchased":[],"campfire_rested":0,"item_purchase_floors":[],"current_hp_per_floor":[55,44,44,44,39,34,34,34,34,34,25,21,21,12,12,1,50,50,50,32,32,32,0],"gold":29,"neow_bonus":"ONE_RARE_RELIC","is_prod":false,"is_daily":false,"chose_seed":false,"campfire_upgraded":3,"win_rate":0,"timestamp":1550407467,"path_taken":["M","?","?","M","M","?","R","?","T","R","E","M","?","M","R","BOSS","M","$","?","M","$","E"],"build_version":"2019-01-23","purchased_purges":2,"victory":false,"max_hp_per_floor":[66,66,66,66,66,66,66,66,66,66,66,66,66,66,66,66,66,66,66,71,71,71,71],"card_choices":[{"not_picked":["Skewer","Flying Knee"],"picked":"Escape Plan","floor":1.0},{"not_picked":["Flying Knee","Expertise"],"picked":"Poisoned Stab","floor":4.0},{"not_picked":["Outmaneuver","Dodge and Roll"],"picked":"Tactician","floor":5.0},{"not_picked":["Dagger Throw","Phantasmal Killer","Quick Slash"],"picked":"SKIP","floor":11.0},{"not_picked":["Deflect","Distraction","Eviscerate"],"picked":"SKIP","floor":12.0},{"not_picked":["Deflect","Blade Dance"],"picked":"Backflip","floor":13.0},{"not_picked":["PiercingWail","Skewer","All Out Attack"],"picked":"SKIP","floor":14.0},{"not_picked":["Outmaneuver+1","Eviscerate"],"picked":"Prepared","floor":18},{"not_picked":["Blade Dance+1","Dagger Spray","Cloak And Dagger"],"picked":"SKIP","floor":21}],"player_experience":1465582,"relics_obtained":[{"floor":9.0,"key":"Ornamental Fan"},{"floor":11.0,"key":"Lantern"}],"event_choices":[{"damage_healed":0.0,"max_hp_gain":0.0,"max_hp_loss":0.0,"gold_gain":75.0,"event_name":"World of Goop","player_choice":"Gather Gold","floor":2.0,"gold_loss":0.0,"damage_taken":11.0},{"cards_removed":["Strike_G"],"damage_healed":0.0,"max_hp_gain":0.0,"max_hp_loss":0.0,"gold_gain":0.0,"event_name":"The Cleric","player_choice":"Card Removal","floor":3.0,"gold_loss":75.0,"damage_taken":0.0},{"damage_healed":0.0,"max_hp_gain":0.0,"max_hp_loss":0.0,"gold_gain":0.0,"event_name":"Scrap Ooze","player_choice":"Success","floor":6.0,"gold_loss":0.0,"damage_taken":5.0,"relics_obtained":["Bronze Scales"]},{"damage_healed":0.0,"max_hp_gain":0.0,"max_hp_loss":0.0,"gold_gain":0.0,"cards_transformed":["Strike_G"],"event_name":"Transmorgrifier","player_choice":"Transformed","floor":8.0,"gold_loss":0.0,"damage_taken":0.0,"cards_obtained":["Malaise"]},{"damage_healed":0,"gold_gain":0,"player_choice":"Shed Blood","damage_taken":23,"max_hp_gain":5,"max_hp_loss":0,"event_name":"Forgotten Altar","floor":20,"gold_loss":0}],"is_beta":false,"boss_relics":[{"not_picked":["Ectoplasm","Empty Cage"],"picked":"Runic Pyramid"}],"items_purged_floors":[19,22],"is_endless":false,"potions_floor_spawned":[1,4,11,14,18,21],"killed_by":"Slavers","ascension_level":20}