{"path_per_floor":["M","M","M","?","?","R","?","E","T","R","M","$","M","E","R","B",null,"M","$","?","?","?","R","$","E","T","M","R","M","?","M","R","B",null,"M","?","T","M","M","R","E","M","T","R","$","$","M","M","R","B"],"character_chosen":"THE_SILENT","items_purchased":["Deadly Poison","Footwork+1","Poisoned Stab"],"gold_per_floor":[16,33,49,49,49,49,49,82,82,82,95,42,62,89,89,184,184,200,125,125,225,225,225,56,120,120,140,140,150,150,170,170,272,272,290,290,290,301,315,315,350,363,363,363,363,191,205,216,216,216],"floor_reached":51,"campfire_rested":0,"playtime":2574,"item_purchase_floors":[12,24,46],"current_hp_per_floor":[61,61,61,47,40,40,40,39,39,39,33,33,33,31,31,16,57,57,57,57,57,50,50,50,45,45,45,45,60,47,47,47,44,67,67,67,67,67,67,67,67,67,67,67,67,67,63,59,59,50],"items_purged":["Strike_G","Defend_G","Dagger Throw"],"gold":216,"score":1163,"play_id":"64e770c5-b32b-4bb0-b634-73ed877cd53a","local_time":"20180613233417","is_prod":false,"is_daily":false,"chose_seed":false,"is_ascension_mode":true,"campfire_upgraded":9,"win_rate":0,"timestamp":1528904057,"campfire_choices":[{"data":"Neutralize","floor":6,"key":"SMITH"},{"data":"Predator","floor":10,"key":"SMITH"},{"data":"Deadly Poison","floor":15,"key":"SMITH"},{"data":"Burst","floor":23,"key":"SMITH"},{"data":"Leg Sweep","floor":28,"key":"SMITH"},{"data":"Bullet Time","floor":32,"key":"SMITH"},{"data":"Adrenaline","floor":40,"key":"SMITH"},{"data":"Adrenaline","floor":44,"key":"SMITH"},{"data":"Escape Plan","floor":49,"key":"SMITH"}],"path_taken":["M","M","M","?","?","R","?","E","T","R","?","?","M","E","R","BOSS","M","$","?","?","?","R","?","E","T","?","R","M","?","M","R","BOSS","M","?","?","M","?","R","E","?","T","R","?","$","M","?","R","BOSS"],"build_version":"2018-06-12","seed_source_timestamp":36068230344455,"purchased_purges":3,"victory":true,"master_deck":["Defend_G+1","Defend_G+1","Survivor","Neutralize+1","AscendersBane","Blur+1","Predator+1","Deadly Poison+1","Well Laid Plans+1","Bullet Time+1","Escape Plan+1","Burst+1","Poisoned Stab","Footwork+1","Leg Sweep+1","Adrenaline+1","Footwork+1","Footwork+1","Adrenaline+1","Poisoned Stab"],"max_hp_per_floor":[70,70,70,70,70,70,70,70,70,70,70,70,70,70,70,70,70,70,70,70,70,70,70,70,70,70,70,70,70,75,75,75,75,75,75,75,75,75,75,75,75,75,75,75,75,75,75,75,75,75],"special_seed":17695,"relics":["Ring of the Snake","Prayer Wheel","Frozen Egg 2","Bag of Preparation","Coffee Dripper","Tiny Chest","Toolbox","Empty Cage","Dodecahedron","Boot","Bottled Tornado"],"card_choices":[{"not_picked":["Underhanded Strike","Flying Knee"],"picked":"Blur","floor":1},{"not_picked":["Leg Sweep","Bane","Prepared"],"picked":"SKIP","floor":2},{"not_picked":["Underhanded Strike","Cloak And Dagger"],"picked":"Dagger Throw","floor":3},{"not_picked":["Bane","Flying Knee"],"picked":"Predator","floor":8},{"not_picked":["Bane","Cloak And Dagger","Acrobatics"],"picked":"SKIP","floor":11},{"not_picked":["Catalyst","Flying Knee","Prepared"],"picked":"SKIP","floor":11},{"not_picked":["Dagger Throw","Crippling Poison"],"picked":"Well Laid Plans+1","floor":13},{"not_picked":["Dagger Spray","Blur"],"picked":"Bullet Time","floor":13},{"not_picked":["PiercingWail","Flying Knee"],"picked":"Escape Plan","floor":14},{"not_picked":["Corpse Explosion","Grand Finale"],"picked":"Burst","floor":16},{"not_picked":["Dagger Spray","Setup"],"picked":"Poisoned Stab","floor":18},{"not_picked":["Underhanded Strike","Flying Knee","Dash"],"picked":"SKIP","floor":18},{"not_picked":["Skewer","Heel Hook","Finisher"],"picked":"SKIP","floor":25},{"not_picked":["Acrobatics+1","Dagger Throw"],"picked":"Leg Sweep","floor":27},{"not_picked":["Concentrate","Bane","Dagger Spray"],"picked":"SKIP","floor":27},{"not_picked":["Cloak And Dagger","Predator","Infinite Blades+1"],"picked":"SKIP","floor":29},{"not_picked":["Slice","Sucker Punch","Dagger Spray"],"picked":"SKIP","floor":29},{"not_picked":["Cloak And Dagger","Quick Slash","Tactician"],"picked":"SKIP","floor":31},{"not_picked":["Outmaneuver","Dagger Spray","Acrobatics"],"picked":"SKIP","floor":31},{"not_picked":["After Image+1","Venomology"],"picked":"Adrenaline","floor":33},{"not_picked":["Outmaneuver","Calculated Gamble"],"picked":"Footwork+1","floor":35},{"not_picked":["Poisoned Stab","Setup","Bane"],"picked":"SKIP","floor":35},{"not_picked":["Acrobatics","Cloak And Dagger+1","A Thousand Cuts+1"],"picked":"SKIP","floor":38},{"not_picked":["Outmaneuver","Choke","Quick Slash"],"picked":"SKIP","floor":38},{"not_picked":["Terror+1","Distraction"],"picked":"Footwork+1","floor":39},{"not_picked":["Cloak And Dagger","Terror","Dodge and Roll"],"picked":"SKIP","floor":39},{"not_picked":["Dodge and Roll+1","Poisoned Stab"],"picked":"Adrenaline","floor":41},{"not_picked":["Setup","Caltrops+1","Quick Slash"],"picked":"SKIP","floor":42},{"not_picked":["Outmaneuver","PiercingWail","Flying Knee"],"picked":"SKIP","floor":42},{"not_picked":["Malaise","Deflect","Predator"],"picked":"SKIP","floor":47},{"not_picked":["Bane","Backstab","Cloak And Dagger"],"picked":"SKIP","floor":47},{"not_picked":["Well Laid Plans+1","Terror","Night Terror"],"picked":"SKIP","floor":48},{"not_picked":["PiercingWail","Deflect","Blade Dance"],"picked":"SKIP","floor":48}],"player_experience":590619,"potions_floor_usage":[16,29,33,50],"damage_taken":[{"damage":2,"enemies":"Jaw Worm","floor":1,"turns":10},{"damage":0,"enemies":"2 Louse","floor":2,"turns":3},{"damage":0,"enemies":"Small Slimes","floor":3,"turns":6},{"damage":1,"enemies":"Lagavulin","floor":8,"turns":12},{"damage":6,"enemies":"Exordium Thugs","floor":11,"turns":4},{"damage":0,"enemies":"Red Slaver","floor":13,"turns":3},{"damage":2,"enemies":"3 Sentries","floor":14,"turns":8},{"damage":15,"enemies":"Slime Boss","floor":16,"turns":9},{"damage":0,"enemies":"Shell Parasite","floor":18,"turns":4},{"damage":5,"enemies":"Slavers","floor":25,"turns":6},{"damage":0,"enemies":"3 Byrds","floor":27,"turns":5},{"damage":0,"enemies":"Centurion and Healer","floor":29,"turns":5},{"damage":0,"enemies":"Snecko","floor":31,"turns":5},{"damage":3,"enemies":"Collector","floor":33,"turns":9},{"damage":0,"enemies":"3 Darklings","floor":35,"turns":5},{"damage":0,"enemies":"3 Shapes","floor":38,"turns":6},{"damage":0,"enemies":"3 Darklings","floor":39,"turns":6},{"damage":0,"enemies":"Nemesis","floor":41,"turns":9},{"damage":0,"enemies":"Maw","floor":42,"turns":7},{"damage":4,"enemies":"4 Shapes","floor":47,"turns":5},{"damage":4,"enemies":"Flame Bruiser 2 Orb","floor":48,"turns":7},{"damage":9,"enemies":"Time Eater","floor":50,"turns":14}],"relics_obtained":[{"floor":8,"key":"Prayer Wheel"},{"floor":9,"key":"Frozen Egg 2"},{"floor":14,"key":"Bag of Preparation"},{"floor":25,"key":"Tiny Chest"},{"floor":26,"key":"Toolbox"},{"floor":37,"key":"Dodecahedron"},{"floor":41,"key":"Boot"},{"floor":43,"key":"Bottled Tornado"}],"event_choices":[{"event_name":"Shining Light","player_choice":"Entered Light","floor":4,"damage_taken":0},{"event_name":"Golden Wing","player_choice":"Card Removal","floor":5,"damage_taken":0},{"event_name":"Accursed Blacksmith","player_choice":"Forge","floor":7,"damage_taken":0},{"event_name":"Back to Basics","player_choice":"Elegance","floor":20,"damage_taken":0},{"event_name":"Golden Shrine","player_choice":"Pray","floor":21,"damage_taken":0},{"event_name":"Wheel of Change","player_choice":"Damage","floor":22,"damage_taken":0},{"event_name":"Forgotten Altar","player_choice":"Shed Blood","floor":30,"damage_taken":0},{"event_name":"Tomb of Lord Red Mask","player_choice":"Ignored","floor":36,"damage_taken":0}],"boss_relics":[{"not_picked":["Orrery","Philosopher\u0027s Stone"],"picked":"Coffee Dripper"},{"not_picked":["Velvet Choker","Eternal Feather"],"picked":"Empty Cage"}],"items_purged_floors":[19,24,46],"potions_floor_spawned":[2,3,8,16,25,27,31,38,41,42,48],"seed_played":"-8544569540371860166","ascension_level":12,"potions_obtained":[{"floor":2,"key":"Fire Potion"},{"floor":3,"key":"GhostInAJar"},{"floor":16,"key":"GhostInAJar"},{"floor":27,"key":"Regen Potion"},{"floor":31,"key":"Dexterity Potion"},{"floor":38,"key":"Dexterity Potion"}],"is_trial":false}