{"gold_per_floor":[111,261,261,261,280,280,280,280,280,280,323,341,379,63,63,153,153,169,69,88,88,88,88],"floor_reached":23,"playtime":478,"items_purged":["Strike_G","Strike_G+1"],"score":490,"play_id":"9416185e-7f8e-41e8-b92e-9c2193057fa6","local_time":"20190419054537","is_ascension_mode":true,"campfire_choices":[{"data":"Bouncing Flask","floor":6.0,"key":"SMITH"},{"data":"All Out Attack","floor":8.0,"key":"SMITH"},{"data":"Neutralize","floor":15.0,"key":"SMITH"}],"neow_cost":"NONE","seed_source_timestamp":62901195739184,"circlet_count":0,"master_deck":["AscendersBane","Defend_G","Defend_G","Defend_G+1","Defend_G","Survivor","Neutralize+1","All Out Attack+1","Bouncing Flask+1","Heel Hook","Night Terror","Storm of Steel","After Image","Caltrops+1","All Out Attack+1","Well Laid Plans+1","Tactician"],"special_seed":0,"relics":["Ring of the Snake","NeowsBlessing","Golden Idol","Paper Crane","Ginger","Kunai","Bag of Marbles","Snake Skull","Astrolabe"],"potions_floor_usage":[],"damage_taken":[{"damage":0.0,"enemies":"Jaw Worm","floor":1.0,"turns":1.0},{"damage":0.0,"enemies":"Small Slimes","floor":5.0,"turns":1.0},{"damage":0.0,"enemies":"Lagavulin","floor":11.0,"turns":1.0},{"damage":0.0,"enemies":"Cultist","floor":12.0,"turns":3.0},{"damage":0.0,"enemies":"Gremlin Nob","floor":13.0,"turns":3.0},{"damage":12.0,"enemies":"Slime Boss","floor":16.0,"turns":8.0},{"damage":0.0,"enemies":"Spheric Guardian","floor":18.0,"turns":2.0},{"damage":1.0,"enemies":"Chosen","floor":20.0,"turns":4.0},{"damage":18,"enemies":"Slavers","floor":23,"turns":2}],"seed_played":"857386358540723867","potions_obtained":[{"floor":1.0,"key":"FearPotion"},{"floor":13.0,"key":"SkillPotion"},{"floor":18.0,"key":"Swift Potion"}],"is_trial":false,"path_per_floor":["M","?","?","?","M","R","?","R","T","?","E","M","E","$","R","B",null,"M","$","M","?","?","E"],"character_chosen":"THE_SILENT","items_purchased":["Snake Skull","Storm of Steel"],"campfire_rested":0,"item_purchase_floors":[14,14],"current_hp_per_floor":[59,59,39,39,39,39,39,39,39,21,21,21,21,21,21,9,47,47,47,46,46,46,28],"gold":88,"neow_bonus":"THREE_ENEMY_KILL","is_prod":false,"is_daily":false,"chose_seed":false,"campfire_upgraded":3,"win_rate":0,"timestamp":1555623937,"path_taken":["M","?","?","?","?","R","?","R","T","?","E","M","E","$","R","BOSS","M","$","M","?","?","E"],"build_version":"2019-01-23","purchased_purges":2,"victory":false,"max_hp_per_floor":[66,66,66,66,66,66,60,60,60,60,60,60,60,60,60,60,60,60,60,60,60,60,60],"card_choices":[{"not_picked":["Slice","Sucker Punch"],"picked":"All Out Attack","floor":1.0},{"not_picked":["Predator","Flying Knee"],"picked":"Bouncing Flask","floor":5.0},{"not_picked":["Flying Knee","PiercingWail","Slice"],"picked":"SKIP","floor":11.0},{"not_picked":["Slice","Deadly Poison"],"picked":"Heel Hook","floor":12.0},{"not_picked":["Backstab","Dagger Spray"],"picked":"Night Terror","floor":13.0},{"not_picked":["Adrenaline","Tools of the Trade"],"picked":"After Image","floor":16.0},{"not_picked":["Blur","Underhanded Strike+1"],"picked":"Tactician","floor":18.0},{"not_picked":["Bane","Quick Slash","Dodge and Roll+1"],"picked":"SKIP","floor":20.0}],"player_experience":4395903,"relics_obtained":[{"floor":9.0,"key":"Paper Crane"},{"floor":11.0,"key":"Kunai"},{"floor":13.0,"key":"Bag of Marbles"}],"event_choices":[{"damage_healed":0.0,"max_hp_gain":0.0,"max_hp_loss":0.0,"gold_gain":150.0,"event_name":"Liars Game","player_choice":"AGREE","floor":2.0,"gold_loss":0.0,"damage_taken":0.0,"cards_obtained":["Doubt"]},{"damage_healed":0.0,"max_hp_gain":0.0,"max_hp_loss":0.0,"gold_gain":0.0,"event_name":"Shining Light","player_choice":"Entered Light","floor":3.0,"gold_loss":0.0,"damage_taken":20.0,"cards_upgraded":["Strike_G","Defend_G"]},{"cards_removed":["Doubt"],"damage_healed":0.0,"max_hp_gain":0.0,"max_hp_loss":0.0,"gold_gain":0.0,"event_name":"Living Wall","player_choice":"Forget","floor":4.0,"gold_loss":0.0,"damage_taken":0.0},{"damage_healed":0.0,"max_hp_gain":0.0,"max_hp_loss":6.0,"gold_gain":0.0,"event_name":"Golden Idol","player_choice":"Lose Max HP","floor":7.0,"gold_loss":0.0,"damage_taken":0.0,"relics_obtained":["Golden Idol"]},{"damage_healed":0.0,"max_hp_gain":0.0,"max_hp_loss":0.0,"gold_gain":0.0,"event_name":"Scrap Ooze","player_choice":"Success","floor":10.0,"gold_loss":0.0,"damage_taken":18.0,"relics_obtained":["Ginger"]},{"damage_healed":0,"gold_gain":0,"player_choice":"Ignored","damage_taken":0,"max_hp_gain":0,"max_hp_loss":0,"event_name":"Cursed Tome","floor":21,"gold_loss":0},{"cards_removed":["Defend_G"],"damage_healed":0,"gold_gain":0,"player_choice":"Offered Basic","damage_taken":0,"max_hp_gain":0,"max_hp_loss":0,"event_name":"Bonfire Elementals","floor":22,"gold_loss":0}],"is_beta":false,"boss_relics":[{"not_picked":["Eternal Feather","Cursed Key"],"picked":"Astrolabe"}],"items_purged_floors":[14,19],"is_endless":false,"potions_floor_spawned":[1,13,18],"killed_by":"Slavers","ascension_level":20}