{"gold_per_floor":[118,43,43,43,43,77,77,105,186,186,202,77,138,161,161,237,237,253,253,270,270,270,304,319,349,395,395,395],"floor_reached":28,"playtime":839,"items_purged":["Strike_G"],"score":870,"play_id":"394f13f2-a307-47b8-b1af-3cc835cf4da7","local_time":"20190801162906","is_ascension_mode":true,"campfire_choices":[{"data":"Tactician","floor":7.0,"key":"SMITH"},{"data":"Acrobatics","floor":10.0,"key":"SMITH"},{"data":"Calculated Gamble","floor":15.0,"key":"SMITH"}],"neow_cost":"NONE","seed_source_timestamp":337747441181999,"circlet_count":0,"master_deck":["AscendersBane","Defend_G","Defend_G","Defend_G","Defend_G+1","Defend_G","Survivor","Neutralize+1","Acrobatics+1","Tactician+1","Acrobatics","Well Laid Plans","Calculated Gamble+1","Dagger Throw","Reflex"],"special_seed":0,"relics":["Ring of the Snake","NeowsBlessing","Snake Skull","Smiling Mask","Omamori","Odd Mushroom","Du-Vu Doll","Pocketwatch","Orichalcum","Nloth\u0027s Gift"],"potions_floor_usage":[],"damage_taken":[{"damage":0.0,"enemies":"2 Louse","floor":1.0,"turns":1.0},{"damage":0.0,"enemies":"3 Sentries","floor":6.0,"turns":1.0},{"damage":0.0,"enemies":"Gremlin Nob","floor":8.0,"turns":1.0},{"damage":0.0,"enemies":"Small Slimes","floor":11.0,"turns":4.0},{"damage":9.0,"enemies":"Lagavulin Event","floor":13.0,"turns":4.0},{"damage":6.0,"enemies":"The Mushroom Lair","floor":14.0,"turns":6.0},{"damage":0.0,"enemies":"Slime Boss","floor":16.0,"turns":6.0},{"damage":0.0,"enemies":"Shell Parasite","floor":18.0,"turns":2.0},{"damage":0.0,"enemies":"Spheric Guardian","floor":20.0,"turns":2.0},{"damage":0.0,"enemies":"Slavers","floor":23.0,"turns":1.0},{"damage":0.0,"enemies":"Snecko","floor":24.0,"turns":1.0},{"damage":0.0,"enemies":"Book of Stabbing","floor":25.0,"turns":3.0},{"damage":21,"enemies":"Slavers","floor":28,"turns":2}],"seed_played":"2121322817541241293","potions_obtained":[{"floor":6.0,"key":"SkillPotion"},{"floor":8.0,"key":"SteroidPotion"},{"floor":13.0,"key":"SkillPotion"},{"floor":16.0,"key":"LiquidBronze"},{"floor":20.0,"key":"SteroidPotion"},{"floor":23.0,"key":"Swift Potion"}],"is_trial":false,"path_per_floor":["M","?","?","$","?","E","R","E","T","R","M","$","?","?","R","B",null,"M","?","M","?","?","E","M","E","T","?","E"],"character_chosen":"THE_SILENT","items_purchased":["Well Laid Plans"],"campfire_rested":0,"item_purchase_floors":[12],"current_hp_per_floor":[59,59,39,39,32,32,32,32,32,32,32,32,23,17,17,17,54,54,54,54,66,66,66,66,66,66,66,45],"gold":395,"neow_bonus":"THREE_ENEMY_KILL","is_prod":false,"is_daily":false,"chose_seed":false,"campfire_upgraded":3,"win_rate":0,"timestamp":1564644546,"path_taken":["M","?","?","$","?","E","R","E","T","R","M","?","?","?","R","BOSS","M","?","M","?","?","E","M","E","T","?","E"],"build_version":"2019-07-17","purchased_purges":1,"victory":false,"max_hp_per_floor":[66,66,66,66,66,66,66,66,66,66,66,66,66,66,66,66,66,66,66,66,66,66,66,66,66,66,66,66],"card_choices":[{"not_picked":["Terror","Dagger Throw"],"picked":"Acrobatics","floor":1.0},{"not_picked":["Slice","Bane"],"picked":"Tactician","floor":6.0},{"not_picked":["Bane","Deadly Poison"],"picked":"Acrobatics","floor":8.0},{"not_picked":["Outmaneuver","Expertise","Prepared"],"picked":"SKIP","floor":11.0},{"not_picked":["Wraith Form v2","Leg Sweep"],"picked":"Calculated Gamble","floor":13.0},{"not_picked":["Skewer","Cloak And Dagger"],"picked":"Dagger Throw","floor":14.0},{"not_picked":["Backflip","Calculated Gamble"],"picked":"Reflex","floor":18.0},{"not_picked":["Backstab","PiercingWail+1","Calculated Gamble"],"picked":"SKIP","floor":20.0},{"not_picked":["Dagger Throw","Noxious Fumes","PiercingWail+1"],"picked":"SKIP","floor":23.0},{"not_picked":["Escape Plan","Quick Slash","Dagger Spray+1"],"picked":"SKIP","floor":24.0},{"not_picked":["Deflect","Unload","Night Terror"],"picked":"SKIP","floor":25.0}],"player_experience":725264,"relics_obtained":[{"floor":6.0,"key":"Snake Skull"},{"floor":8.0,"key":"Smiling Mask"},{"floor":13.0,"key":"Omamori"},{"floor":14.0,"key":"Odd Mushroom"},{"floor":23.0,"key":"Du-Vu Doll"},{"floor":25.0,"key":"Pocketwatch"},{"floor":26.0,"key":"Orichalcum"}],"event_choices":[{"cards_removed":["Strike_G"],"damage_healed":0.0,"max_hp_gain":0.0,"max_hp_loss":0.0,"gold_gain":0.0,"event_name":"The Cleric","player_choice":"Card Removal","floor":2.0,"gold_loss":75.0,"damage_taken":0.0},{"damage_healed":0.0,"max_hp_gain":0.0,"max_hp_loss":0.0,"gold_gain":0.0,"event_name":"Shining Light","player_choice":"Entered Light","floor":3.0,"gold_loss":0.0,"damage_taken":20.0,"cards_upgraded":["Defend_G","Neutralize"]},{"cards_removed":["Strike_G"],"damage_healed":0.0,"max_hp_gain":0.0,"max_hp_loss":0.0,"gold_gain":0.0,"event_name":"Golden Wing","player_choice":"Card Removal","floor":5.0,"gold_loss":0.0,"damage_taken":7.0},{"damage_healed":0.0,"max_hp_gain":0.0,"max_hp_loss":0.0,"gold_gain":0.0,"event_name":"Dead Adventurer","player_choice":"Searched \u00272\u0027 times","floor":13.0,"gold_loss":0.0,"damage_taken":0.0},{"damage_healed":0.0,"max_hp_gain":0.0,"max_hp_loss":0.0,"gold_gain":0.0,"event_name":"Mushrooms","player_choice":"Fought Mushrooms","floor":14.0,"gold_loss":0.0,"damage_taken":0.0},{"damage_healed":0.0,"max_hp_gain":0.0,"max_hp_loss":0.0,"gold_gain":0.0,"event_name":"The Mausoleum","player_choice":"Ignored","floor":19.0,"gold_loss":0.0,"damage_taken":0.0},{"damage_healed":13.0,"max_hp_gain":0.0,"max_hp_loss":0.0,"gold_gain":0.0,"event_name":"The Library","player_choice":"Heal","floor":21.0,"gold_loss":0.0,"damage_taken":0.0},{"damage_healed":0.0,"max_hp_gain":0.0,"max_hp_loss":0.0,"gold_gain":0.0,"event_name":"Vampires","player_choice":"Ignored","floor":22.0,"gold_loss":0.0,"damage_taken":0.0},{"damage_healed":0.0,"max_hp_gain":0.0,"max_hp_loss":0.0,"gold_gain":0.0,"event_name":"N\u0027loth","player_choice":"Traded Relic","floor":27.0,"relics_lost":["Empty Cage"],"gold_loss":0.0,"damage_taken":0.0,"relics_obtained":["Nloth\u0027s Gift"]}],"is_beta":false,"boss_relics":[{"not_picked":["Lizard Tail","Ectoplasm"],"picked":"Empty Cage"}],"items_purged_floors":[12],"is_endless":false,"potions_floor_spawned":[6,8,13,16,20,23],"killed_by":"Slavers","ascension_level":20}