{"gold_per_floor":[111,36,36,56,56,56,66,84,152,168,168,168,168,68,68,68],"floor_reached":16,"playtime":359,"items_purged":["Strike_B","Defend_B"],"score":180,"play_id":"ec5c37f6-6cfd-4eb3-bb92-1a57107fef9b","local_time":"20190213091601","is_ascension_mode":true,"campfire_choices":[{"data":"Hyperbeam","floor":6.0,"key":"SMITH"},{"data":"Biased Cognition","floor":11.0,"key":"SMITH"},{"data":"Self Repair","floor":15,"key":"SMITH"}],"neow_cost":"NONE","seed_source_timestamp":4339107356704,"circlet_count":0,"master_deck":["AscendersBane","Strike_B","Strike_B","Defend_B","Defend_B","Defend_B","Zap","Dualcast","Hyperbeam+1","Self Repair+1","Biased Cognition+1"],"special_seed":0,"relics":["Cracked Core","Matryoshka","PreservedInsect","Shuriken"],"potions_floor_usage":[16],"damage_taken":[{"damage":1.0,"enemies":"Cultist","floor":1.0,"turns":3.0},{"damage":2.0,"enemies":"Jaw Worm","floor":4.0,"turns":4.0},{"damage":3.0,"enemies":"2 Louse","floor":7.0,"turns":3.0},{"damage":0.0,"enemies":"Gremlin Gang","floor":8.0,"turns":1.0},{"damage":1.0,"enemies":"Exordium Thugs","floor":10.0,"turns":3.0},{"damage":43,"enemies":"Hexaghost","floor":16,"turns":7}],"seed_played":"-4543354528491429674","potions_obtained":[{"floor":1.0,"key":"Ancient Potion"},{"floor":8.0,"key":"FairyPotion"},{"floor":10.0,"key":"Poison Potion"}],"is_trial":false,"path_per_floor":["M","$","$","M","?","R","M","M","T","M","R","?","T","$","R","B"],"character_chosen":"DEFECT","items_purchased":[],"campfire_rested":0,"item_purchase_floors":[],"current_hp_per_floor":[63,63,63,61,61,61,65,65,65,71,71,71,71,71,71,28],"gold":68,"neow_bonus":"ONE_RANDOM_RARE_CARD","is_prod":false,"is_daily":false,"chose_seed":false,"campfire_upgraded":3,"win_rate":0,"timestamp":1550020561,"path_taken":["M","?","$","?","?","R","M","M","T","M","R","?","?","$","R","BOSS"],"build_version":"2019-01-23","purchased_purges":2,"victory":false,"max_hp_per_floor":[71,71,71,71,71,71,71,71,71,71,71,71,71,71,71,71],"card_choices":[{"not_picked":["Loop","Steam","Stack"],"picked":"SKIP","floor":1.0},{"not_picked":["Force Field","Stack"],"picked":"Self Repair","floor":4.0},{"not_picked":["Sweeping Beam","Coolheaded","Rebound"],"picked":"SKIP","floor":7.0},{"not_picked":["Capacitor","Streamline"],"picked":"Biased Cognition","floor":8.0},{"not_picked":["Storm","Ball Lightning","Gash"],"picked":"SKIP","floor":10.0}],"player_experience":2672225,"relics_obtained":[{"floor":9.0,"key":"Matryoshka"},{"floor":13,"key":"PreservedInsect"},{"floor":13,"key":"Shuriken"}],"event_choices":[{"damage_healed":0.0,"max_hp_gain":0.0,"max_hp_loss":0.0,"gold_gain":0.0,"event_name":"Liars Game","player_choice":"Ignored","floor":5.0,"gold_loss":0.0,"damage_taken":0.0},{"cards_removed":["Strike_B"],"damage_healed":0,"gold_gain":0,"player_choice":"Forget","damage_taken":0,"max_hp_gain":0,"max_hp_loss":0,"event_name":"Living Wall","floor":12,"gold_loss":0}],"is_beta":false,"boss_relics":[],"items_purged_floors":[2,14],"is_endless":false,"potions_floor_spawned":[1,8,10],"killed_by":"Hexaghost","ascension_level":20}