{"gold_per_floor":[111,111,111,76,20,34,34,44,44,77,77,111,111,27,27,100,150,165,165,177,177,177],"floor_reached":22,"playtime":819,"items_purged":[],"score":380,"play_id":"97423d54-f0d6-45c7-89a3-3d1e3ff95ca3","local_time":"20190730152438","is_ascension_mode":true,"campfire_choices":[{"data":"Deadly Poison","floor":7,"key":"SMITH"},{"floor":11,"key":"REST"},{"floor":13,"key":"REST"},{"data":"Crippling Poison","floor":15,"key":"SMITH"}],"neow_cost":"NONE","seed_source_timestamp":63679048484658,"circlet_count":0,"master_deck":["AscendersBane","Strike_G","Strike_G+1","Strike_G","Strike_G","Strike_G+1","Defend_G","Defend_G","Defend_G","Defend_G","Defend_G+1","Survivor","Neutralize","Deadly Poison+1","Sucker Punch","Slice","Dagger Spray","Terror","All Out Attack","Crippling Poison+1","Burst","PiercingWail","Cloak And Dagger","Catalyst"],"relics":["Sozu","Meat on the Bone","Juzu Bracelet","Anchor","Tiny House"],"potions_floor_usage":[],"damage_taken":[{"damage":8,"enemies":"Small Slimes","floor":1,"turns":4},{"damage":0,"enemies":"2 Louse","floor":6,"turns":2},{"damage":0,"enemies":"Jaw Worm","floor":8,"turns":3},{"damage":51,"enemies":"Gremlin Nob","floor":10,"turns":5},{"damage":12,"enemies":"Lagavulin","floor":12,"turns":7},{"damage":38,"enemies":"Slime Boss","floor":16,"turns":7},{"damage":0,"enemies":"3 Byrds","floor":18,"turns":4},{"damage":19,"enemies":"Spheric Guardian","floor":20,"turns":4},{"damage":42,"enemies":"Cultist and Chosen","floor":22,"turns":5}],"seed_played":"-4049211257756995417","potions_obtained":[],"is_trial":false,"path_per_floor":["M","?","?","?","$","M","R","M","T","E","R","E","R","$","R","B",null,"M","?","M","?","M"],"character_chosen":"THE_SILENT","items_purchased":["Sucker Punch","Crippling Poison"],"campfire_rested":2,"item_purchase_floors":[5,14],"current_hp_per_floor":[51,31,36,53,53,53,53,53,53,14,35,35,56,56,56,30,66,66,44,37,37,0],"gold":177,"neow_bonus":"BOSS_RELIC","is_prod":false,"is_daily":false,"chose_seed":false,"campfire_upgraded":2,"win_rate":0,"timestamp":1564493078,"path_taken":["M","?","?","?","?","M","R","M","T","E","R","E","R","$","R","BOSS","M","?","M","?","M"],"build_version":"2019-07-17","purchased_purges":0,"victory":false,"max_hp_per_floor":[66,66,71,71,71,71,71,71,71,71,71,71,71,71,71,71,76,76,81,81,81,81],"card_choices":[{"not_picked":["Expertise","PiercingWail"],"picked":"Deadly Poison","floor":1},{"not_picked":["Masterful Stab","Dodge and Roll"],"picked":"Slice","floor":6},{"not_picked":["Flechettes","Sucker Punch"],"picked":"Dagger Spray","floor":8},{"not_picked":["Tools of the Trade","Bane"],"picked":"Terror","floor":10},{"not_picked":["Choke","Infinite Blades"],"picked":"All Out Attack","floor":12},{"not_picked":["Glass Knife","Venomology"],"picked":"Burst","floor":16},{"not_picked":["Quick Slash","Distraction"],"picked":"PiercingWail","floor":17},{"not_picked":["Reflex","Deflect"],"picked":"Cloak And Dagger","floor":18},{"not_picked":["Dash","Sucker Punch"],"picked":"Catalyst","floor":20}],"player_experience":795631,"relics_obtained":[{"floor":9,"key":"Meat on the Bone"},{"floor":10,"key":"Juzu Bracelet"},{"floor":12,"key":"Anchor"}],"event_choices":[{"damage_healed":0,"gold_gain":0,"player_choice":"Entered Light","damage_taken":20,"max_hp_gain":0,"max_hp_loss":0,"event_name":"Shining Light","floor":2,"gold_loss":0,"cards_upgraded":["Strike_G","Defend_G"]},{"damage_healed":0,"gold_gain":0,"player_choice":"Donut","damage_taken":0,"max_hp_gain":5,"max_hp_loss":0,"event_name":"Big Fish","floor":3,"gold_loss":0},{"damage_healed":17,"gold_gain":0,"player_choice":"Healed","damage_taken":0,"max_hp_gain":0,"max_hp_loss":0,"event_name":"The Cleric","floor":4,"gold_loss":35},{"damage_healed":0,"gold_gain":0,"player_choice":"Shed Blood","damage_taken":27,"max_hp_gain":5,"max_hp_loss":0,"event_name":"Forgotten Altar","floor":19,"gold_loss":0},{"damage_healed":0,"gold_gain":0,"player_choice":"Ignored","damage_taken":0,"max_hp_gain":0,"max_hp_loss":0,"event_name":"Ghosts","floor":21,"gold_loss":0}],"is_beta":false,"boss_relics":[{"not_picked":["WristBlade","White Beast Statue"],"picked":"Tiny House"}],"items_purged_floors":[],"is_endless":false,"potions_floor_spawned":[1,18,20],"killed_by":"Cultist and Chosen","ascension_level":20}