{"gold_per_floor":[20,20,38,55,75,75,89,89,140,152,164,176,188,46,46,150,150,164,195,206,305,205,205,205,205,232,232,244,244,244,258,258,358,358,368,243,262,262,272,272,30,30,30,30,43,62,77,177,177,177],"floor_reached":51,"playtime":2259,"items_purged":["Defend_R","Defend_R","Writhe","Defend_R"],"score":687,"play_id":"68fa30fe-01ae-418e-b174-e9e180a5ab5e","local_time":"20190731000731","is_ascension_mode":false,"campfire_choices":[{"data":"Flex","floor":6.0,"key":"SMITH"},{"data":"Flex","floor":8.0,"key":"SMITH"},{"data":"Bash","floor":10.0,"key":"SMITH"},{"data":"Pummel","floor":15.0,"key":"SMITH"},{"data":"Limit Break","floor":23.0,"key":"SMITH"},{"data":"Flex","floor":25.0,"key":"SMITH"},{"data":"Flex","floor":27.0,"key":"SMITH"},{"data":"Battle Trance","floor":29.0,"key":"SMITH"},{"data":"Flex","floor":32.0,"key":"SMITH"},{"data":"Twin Strike","floor":40.0,"key":"SMITH"},{"data":"Heavy Blade","floor":42.0,"key":"SMITH"},{"data":"Battle Trance","floor":44.0,"key":"SMITH"},{"data":"Flex","floor":49.0,"key":"SMITH"}],"neow_cost":"NO_GOLD","seed_source_timestamp":2363461258091,"circlet_count":0,"master_deck":["Strike_R","Strike_R","Strike_R","Strike_R","Strike_R","Bash+1","Twin Strike+1","Flex+1","Flex+1","Pummel+1","Limit Break+1","Flex+1","Battle Trance+1","Flex+1","Flex+1","Reaper","Havoc+1","Twin Strike+1","Heavy Blade+1","Battle Trance+1","True Grit+1","Flex+1"],"special_seed":0,"relics":["Burning Blood","Bird Faced Urn","Dodecahedron","MawBank","Sundial","White Beast Statue","Red Mask","Bronze Scales","Lantern","Anchor","Bottled Lightning","FossilizedHelix"],"potions_floor_usage":[50,50,50],"damage_taken":[{"damage":2.0,"enemies":"Small Slimes","floor":1.0,"turns":4.0},{"damage":0.0,"enemies":"Cultist","floor":3.0,"turns":3.0},{"damage":0.0,"enemies":"2 Louse","floor":4.0,"turns":2.0},{"damage":6.0,"enemies":"Exordium Wildlife","floor":5.0,"turns":3.0},{"damage":7.0,"enemies":"2 Fungi Beasts","floor":7.0,"turns":3.0},{"damage":21.0,"enemies":"The Guardian","floor":16.0,"turns":4.0},{"damage":0.0,"enemies":"Spheric Guardian","floor":18.0,"turns":1.0},{"damage":7.0,"enemies":"Masked Bandits","floor":19.0,"turns":3.0},{"damage":7.0,"enemies":"Shell Parasite","floor":20.0,"turns":2.0},{"damage":0.0,"enemies":"Snake Plant","floor":24.0,"turns":1.0},{"damage":10.0,"enemies":"Snecko","floor":28.0,"turns":3.0},{"damage":6.0,"enemies":"Cultist and Chosen","floor":31.0,"turns":2.0},{"damage":12.0,"enemies":"Champ","floor":33.0,"turns":3.0},{"damage":33.0,"enemies":"3 Shapes","floor":35.0,"turns":3.0},{"damage":22.0,"enemies":"Orb Walker","floor":37.0,"turns":3.0},{"damage":5.0,"enemies":"Maw","floor":39.0,"turns":3.0},{"damage":0.0,"enemies":"Sphere and 2 Shapes","floor":45.0,"turns":2.0},{"damage":29.0,"enemies":"4 Shapes","floor":46.0,"turns":4.0},{"damage":0.0,"enemies":"Transient","floor":47.0,"turns":5.0},{"damage":0.0,"enemies":"Mind Bloom Boss Battle","floor":48.0,"turns":2.0},{"damage":79,"enemies":"Awakened One","floor":50,"turns":7}],"seed_played":"5604145716080298411","potions_obtained":[{"floor":3.0,"key":"Ancient Potion"},{"floor":4.0,"key":"Regen Potion"},{"floor":5.0,"key":"SteroidPotion"},{"floor":13.0,"key":"EntropicBrew"},{"floor":18.0,"key":"PowerPotion"},{"floor":19.0,"key":"SmokeBomb"},{"floor":28.0,"key":"SteroidPotion"},{"floor":33.0,"key":"FearPotion"},{"floor":35.0,"key":"Energy Potion"},{"floor":37.0,"key":"BloodPotion"},{"floor":39.0,"key":"SpeedPotion"},{"floor":45.0,"key":"SmokeBomb"},{"floor":46.0,"key":"LiquidBronze"},{"floor":47.0,"key":"Swift Potion"},{"floor":48.0,"key":"SneckoOil"}],"is_trial":false,"path_per_floor":["M","?","M","M","M","R","M","R","T","R","?","T","?","$","R","B",null,"M","?","M","?","$","R","M","R","T","R","M","R","?","M","R","B",null,"M","$","M","?","M","R","$","R","T","R","M","M","M","?","R","B",null],"character_chosen":"IRONCLAD","items_purchased":["Pummel","Heavy Blade","Battle Trance"],"campfire_rested":0,"item_purchase_floors":[14,41,41],"current_hp_per_floor":[80,80,80,80,80,80,79,79,79,79,72,72,72,72,72,57,80,80,79,78,78,78,78,80,80,80,80,76,76,76,76,76,70,80,67,67,63,63,80,80,80,80,80,80,80,65,80,80,80,47],"gold":177,"neow_bonus":"ONE_RARE_RELIC","is_prod":false,"is_daily":false,"chose_seed":false,"campfire_upgraded":13,"win_rate":0,"timestamp":1564553251,"path_taken":["M","?","M","?","M","R","M","R","T","R","?","?","?","$","R","BOSS","M","?","M","?","$","R","M","R","T","R","M","R","?","M","R","BOSS","M","$","M","?","M","R","$","R","T","R","?","M","M","?","R","BOSS"],"build_version":"2019-07-17","purchased_purges":4,"victory":true,"max_hp_per_floor":[80,80,80,80,80,80,80,80,80,80,80,80,80,80,80,80,80,80,80,80,80,80,80,80,80,80,80,80,80,80,80,80,80,80,80,80,80,80,80,80,80,80,80,80,80,80,80,80,80,80],"card_choices":[{"not_picked":["True Grit","Sever Soul"],"picked":"Twin Strike","floor":1.0},{"not_picked":["Cleave","Uppercut"],"picked":"Flex","floor":3.0},{"not_picked":["Warcry","Reckless Charge"],"picked":"Flex","floor":4.0},{"not_picked":["Warcry","Flame Barrier","Clash"],"picked":"SKIP","floor":5.0},{"not_picked":["Cleave","Rupture","Corruption"],"picked":"SKIP","floor":7.0},{"not_picked":["Feed","Fiend Fire"],"picked":"Limit Break","floor":16.0},{"not_picked":["Clash","Perfected Strike"],"picked":"Flex","floor":18.0},{"not_picked":["Sword Boomerang","Rampage"],"picked":"Battle Trance","floor":19.0},{"not_picked":["True Grit","Twin Strike"],"picked":"Flex","floor":20.0},{"not_picked":["Metallicize","Anger+1","Combust+1"],"picked":"SKIP","floor":28.0},{"not_picked":["Spot Weakness","Rage+1"],"picked":"Flex","floor":31.0},{"not_picked":["Berserk","Juggernaut"],"picked":"Reaper","floor":33.0},{"not_picked":["Uppercut","Rupture+1","Rage"],"picked":"SKIP","floor":35.0},{"not_picked":["Body Slam+1","Thunderclap+1"],"picked":"Havoc+1","floor":37.0},{"not_picked":["Entrench","Rupture+1"],"picked":"Twin Strike+1","floor":39.0},{"not_picked":["Exhume","Rampage","Perfected Strike"],"picked":"SKIP","floor":45.0},{"not_picked":["Infernal Blade","Armaments+1"],"picked":"True Grit+1","floor":46.0},{"not_picked":["Sword Boomerang","Wild Strike","Thunderclap"],"picked":"SKIP","floor":47.0},{"not_picked":["Sever Soul+1","Sword Boomerang"],"picked":"Flex","floor":48.0}],"player_experience":1597250,"relics_obtained":[{"floor":2.0,"key":"Dodecahedron"},{"floor":9.0,"key":"MawBank"},{"floor":12.0,"key":"Sundial"},{"floor":19.0,"key":"Red Mask"},{"floor":26.0,"key":"Bronze Scales"},{"floor":43.0,"key":"Bottled Lightning"},{"floor":48.0,"key":"FossilizedHelix"}],"event_choices":[{"damage_healed":0.0,"max_hp_gain":0.0,"max_hp_loss":0.0,"gold_gain":0.0,"event_name":"Wheel of Change","player_choice":"Relic","floor":2.0,"gold_loss":0.0,"damage_taken":0.0},{"cards_removed":["Defend_R"],"damage_healed":0.0,"max_hp_gain":0.0,"max_hp_loss":0.0,"gold_gain":0.0,"event_name":"Golden Wing","player_choice":"Card Removal","floor":11.0,"gold_loss":0.0,"damage_taken":7.0},{"damage_healed":0.0,"max_hp_gain":0.0,"max_hp_loss":0.0,"gold_gain":0.0,"event_name":"Lab","player_choice":"Got Potions","floor":13.0,"gold_loss":0.0,"damage_taken":0.0},{"damage_healed":0.0,"max_hp_gain":0.0,"max_hp_loss":0.0,"gold_gain":0.0,"event_name":"Masked Bandits","player_choice":"Fought Bandits","floor":19.0,"gold_loss":0.0,"damage_taken":0.0},{"damage_healed":0.0,"max_hp_gain":0.0,"max_hp_loss":0.0,"gold_gain":99.0,"event_name":"Nest","player_choice":"Stole From Cult","floor":21.0,"gold_loss":0.0,"damage_taken":0.0},{"damage_healed":0.0,"max_hp_gain":0.0,"max_hp_loss":0.0,"gold_gain":0.0,"event_name":"The Mausoleum","player_choice":"Opened","floor":30.0,"gold_loss":0.0,"damage_taken":0.0,"relics_obtained":["Lantern"],"cards_obtained":["Writhe"]},{"damage_healed":0.0,"max_hp_gain":0.0,"max_hp_loss":0.0,"gold_gain":0.0,"event_name":"WeMeetAgain","player_choice":"Gave Potion","floor":38.0,"gold_loss":0.0,"damage_taken":0.0,"relics_obtained":["Anchor"]},{"damage_healed":0.0,"max_hp_gain":0.0,"max_hp_loss":0.0,"gold_gain":0.0,"event_name":"MindBloom","player_choice":"Fight","floor":48.0,"gold_loss":0.0,"damage_taken":0.0}],"is_beta":false,"boss_relics":[{"not_picked":["Runic Cube","Eternal Feather"],"picked":"White Beast Statue"},{"not_picked":["Snecko Eye","Runic Pyramid","Velvet Choker"]}],"items_purged_floors":[14,22,36,41],"is_endless":false,"potions_floor_spawned":[3,4,5,7,18,19,20,24,28,31,33,35,37,39,45,46,47,48],"ascension_level":0}