{"gold_per_floor":[117,127,140,157,177,177,210,210,235,235,235,271,271,65,65,160,160,180,180,180,180,194,214,214,242,242,132,57,72,72,100,100,177,177,190,190,207,107,207,241,241,276,276,276,128,139,139,150,150,150,150],"floor_reached":52,"playtime":4386,"items_purged":["Zap","Ball Lightning","Conserve Battery"],"score":2372,"play_id":"3fa37033-64f5-4239-8a9c-1d31bc0bd8a3","local_time":"20190117174315","is_ascension_mode":true,"campfire_choices":[{"data":"Buffer","floor":6.0,"key":"SMITH"},{"data":"Hologram","floor":8.0,"key":"SMITH"},{"data":"White Noise","floor":10.0,"key":"SMITH"},{"data":"Capacitor","floor":15.0,"key":"SMITH"},{"data":"Loop","floor":24.0,"key":"SMITH"},{"data":"Buffer","floor":30.0,"key":"SMITH"},{"data":"Coolheaded","floor":32.0,"key":"SMITH"},{"data":"Consume","floor":44.0,"key":"SMITH"},{"floor":47.0,"key":"REST"},{"data":"Recycle","floor":49.0,"key":"SMITH"}],"neow_cost":"NONE","seed_source_timestamp":14538932369250,"circlet_count":0,"master_deck":["AscendersBane","Dualcast","Buffer+1","Hologram+1","Ball Lightning","White Noise+1","Self Repair","Recycle+1","Coolheaded+1","Capacitor+1","Core Surge","Buffer+1","Chill+1","Turbo","Loop+1","Steam","Capacitor+1","Echo Form","Core Surge","Consume+1","Madness+1","Madness","Glacier+1","Flash of Steel"],"special_seed":0,"relics":["FrozenCore","Bottled Lightning","Bag of Preparation","Bloody Idol","Art of War","DataDisk","Pandora\u0027s Box","Ancient Tea Set","Symbiotic Virus","Red Mask","FossilizedHelix","Smiling Mask","Anchor","War Paint"],"potions_floor_usage":[51],"damage_taken":[{"damage":9.0,"enemies":"2 Louse","floor":1.0,"turns":3.0},{"damage":0.0,"enemies":"Small Slimes","floor":2.0,"turns":3.0},{"damage":1.0,"enemies":"Cultist","floor":3.0,"turns":4.0},{"damage":3.0,"enemies":"2 Fungi Beasts","floor":4.0,"turns":2.0},{"damage":5.0,"enemies":"Large Slime","floor":5.0,"turns":4.0},{"damage":2.0,"enemies":"3 Sentries","floor":7.0,"turns":5.0},{"damage":0.0,"enemies":"Lagavulin","floor":12.0,"turns":7.0},{"damage":33.0,"enemies":"Hexaghost","floor":16.0,"turns":10.0},{"damage":6.0,"enemies":"3 Byrds","floor":18.0,"turns":6.0},{"damage":11.0,"enemies":"Colosseum Slavers","floor":20.0,"turns":5.0},{"damage":0.0,"enemies":"Spheric Guardian","floor":22.0,"turns":4.0},{"damage":6.0,"enemies":"Chosen and Byrds","floor":23.0,"turns":6.0},{"damage":48.0,"enemies":"Book of Stabbing","floor":25.0,"turns":7.0},{"damage":0.0,"enemies":"Snecko","floor":29.0,"turns":5.0},{"damage":0.0,"enemies":"Masked Bandits","floor":31.0,"turns":6.0},{"damage":0.0,"enemies":"Champ","floor":33.0,"turns":11.0},{"damage":0.0,"enemies":"Orb Walker","floor":35.0,"turns":4.0},{"damage":0.0,"enemies":"3 Darklings","floor":37.0,"turns":9.0},{"damage":0.0,"enemies":"Mind Bloom Boss Battle","floor":39.0,"turns":8.0},{"damage":50.0,"enemies":"Reptomancer","floor":40.0,"turns":8.0},{"damage":0.0,"enemies":"Nemesis","floor":42.0,"turns":5.0},{"damage":0.0,"enemies":"Writhing Mass","floor":46.0,"turns":4.0},{"damage":0.0,"enemies":"4 Shapes","floor":48.0,"turns":8.0},{"damage":0.0,"enemies":"Donu and Deca","floor":50.0,"turns":8.0},{"damage":0,"enemies":"Time Eater","floor":51,"turns":14}],"seed_played":"5366908711298983350","potions_obtained":[{"floor":2.0,"key":"FocusPotion"},{"floor":3.0,"key":"Block Potion"},{"floor":12.0,"key":"SkillPotion"},{"floor":13.0,"key":"Fire Potion"},{"floor":22.0,"key":"SpeedPotion"},{"floor":23.0,"key":"Block Potion"},{"floor":25.0,"key":"Energy Potion"},{"floor":37.0,"key":"EssenceOfSteel"},{"floor":40.0,"key":"FairyPotion"}],"is_trial":false,"path_per_floor":["M","M","M","M","M","R","E","R","T","R","?","E","?","$","R","B",null,"M","?","?","?","M","M","R","E","T","?","$","M","R","?","R","B",null,"M","$","M","$","?","E","?","E","T","R","$","M","R","M","R","B","B",null],"character_chosen":"DEFECT","items_purchased":["DataDisk","Capacitor","Flash of Steel"],"campfire_rested":1,"item_purchase_floors":[14,14,45],"current_hp_per_floor":[55,55,54,51,46,46,51,51,51,51,27,34,34,34,34,8,55,49,49,45,71,71,71,71,35,35,35,35,47,47,59,59,71,71,71,71,71,71,71,33,20,25,25,25,25,37,58,70,70,71,71],"gold":150,"neow_bonus":"ONE_RANDOM_RARE_CARD","is_prod":false,"is_daily":false,"chose_seed":false,"campfire_upgraded":9,"win_rate":0,"timestamp":1547718195,"path_taken":["M","M","M","M","M","R","E","R","T","R","?","E","?","$","R","BOSS","M","?","?","?","?","M","R","E","T","?","$","?","R","?","R","BOSS","M","$","M","$","?","E","?","E","T","R","?","?","R","M","R","BOSS","BOSS"],"build_version":"2019-01-10","purchased_purges":3,"victory":true,"max_hp_per_floor":[71,71,71,71,71,71,71,71,71,71,71,71,71,71,71,71,71,71,71,71,71,71,71,71,71,71,71,71,71,71,71,71,71,71,71,71,71,71,71,71,71,71,71,71,71,71,71,71,71,71,71],"card_choices":[{"not_picked":["Coolheaded","Reprogram"],"picked":"Ball Lightning","floor":1.0},{"not_picked":["Heatsinks","Steam"],"picked":"Hologram","floor":2.0},{"not_picked":["Reinforced Body","Go for the Eyes"],"picked":"Ball Lightning","floor":3.0},{"not_picked":["Streamline","Leap"],"picked":"White Noise","floor":4.0},{"not_picked":["Rebound","Reboot"],"picked":"Self Repair","floor":5.0},{"not_picked":["Tempest","Heatsinks"],"picked":"Recycle","floor":7.0},{"not_picked":["Static Discharge","Hologram"],"picked":"Coolheaded","floor":12.0},{"not_picked":["Hyperbeam","Multi-Cast"],"picked":"Core Surge","floor":16.0},{"not_picked":["Compile Driver","Beam Cell","Blizzard"],"picked":"SKIP","floor":18.0},{"not_picked":["Reprogram","Gash","FTL"],"picked":"SKIP","floor":22.0},{"not_picked":["Scrape","Double Energy"],"picked":"Capacitor+1","floor":23.0},{"not_picked":["Steam+1","Hello World","Lockon"],"picked":"SKIP","floor":25.0},{"not_picked":["Hologram","Force Field","Go for the Eyes"],"picked":"SKIP","floor":29.0},{"not_picked":["Leap+1","Streamline"],"picked":"Echo Form","floor":31.0},{"not_picked":["Machine Learning","Amplify"],"picked":"Core Surge","floor":33.0},{"not_picked":["Skim","Chaos","Streamline+1"],"picked":"SKIP","floor":35.0},{"not_picked":["Scrape","Compile Driver+1","Tempest"],"picked":"SKIP","floor":37.0},{"not_picked":["Conserve Battery","Beam Cell+1"],"picked":"Consume","floor":39.0},{"not_picked":["Hyperbeam","Hologram","Streamline+1"],"picked":"SKIP","floor":40.0},{"not_picked":["Chaos+1","Steam+1"],"picked":"Glacier","floor":42.0},{"not_picked":["Cold Snap+1","Rebound","Rip and Tear"],"picked":"SKIP","floor":46.0},{"not_picked":["Redo","Conserve Battery","Sweeping Beam+1"],"picked":"SKIP","floor":48.0}],"player_experience":1975811,"relics_obtained":[{"floor":7.0,"key":"Bottled Lightning"},{"floor":9.0,"key":"Bag of Preparation"},{"floor":12.0,"key":"Art of War"},{"floor":25.0,"key":"Ancient Tea Set"},{"floor":26.0,"key":"Symbiotic Virus"},{"floor":31.0,"key":"Red Mask"},{"floor":39.0,"key":"FossilizedHelix"},{"floor":40.0,"key":"Smiling Mask"},{"floor":42.0,"key":"Anchor"},{"floor":43.0,"key":"War Paint"}],"event_choices":[{"damage_healed":0.0,"max_hp_gain":0.0,"max_hp_loss":0.0,"gold_gain":0.0,"event_name":"Golden Idol","player_choice":"Take Damage","floor":11.0,"gold_loss":0.0,"damage_taken":24.0,"relics_obtained":["Golden Idol"]},{"damage_healed":0.0,"max_hp_gain":0.0,"max_hp_loss":0.0,"gold_gain":0.0,"event_name":"Lab","player_choice":"Got Potions","floor":13.0,"gold_loss":0.0,"damage_taken":0.0},{"damage_healed":0.0,"max_hp_gain":0.0,"max_hp_loss":0.0,"gold_gain":0.0,"event_name":"Forgotten Altar","player_choice":"Gave Idol","floor":19.0,"relics_lost":["Golden Idol"],"gold_loss":0.0,"damage_taken":0.0,"relics_obtained":["Bloody Idol"]},{"damage_healed":0.0,"max_hp_gain":0.0,"max_hp_loss":0.0,"gold_gain":0.0,"event_name":"Colosseum","player_choice":"Fight","floor":20.0,"gold_loss":0.0,"damage_taken":0.0},{"damage_healed":0.0,"max_hp_gain":0.0,"max_hp_loss":0.0,"gold_gain":0.0,"event_name":"Colosseum","player_choice":"Fled From Nobs","floor":20.0,"gold_loss":0.0,"damage_taken":0.0},{"cards_removed":["Lockon"],"damage_healed":26.0,"max_hp_gain":0.0,"max_hp_loss":0.0,"gold_gain":0.0,"event_name":"Bonfire Elementals","player_choice":"Offered Uncommon","floor":21.0,"gold_loss":0.0,"damage_taken":0.0},{"cards_removed":["Scrape"],"damage_healed":0.0,"max_hp_gain":0.0,"max_hp_loss":0.0,"gold_gain":0.0,"event_name":"Designer","player_choice":"Upgrade and Remove","floor":27.0,"gold_loss":110.0,"damage_taken":0.0,"cards_upgraded":["Chill"]},{"damage_healed":0.0,"max_hp_gain":0.0,"max_hp_loss":0.0,"gold_gain":0.0,"event_name":"Masked Bandits","player_choice":"Fought Bandits","floor":31.0,"gold_loss":0.0,"damage_taken":0.0},{"damage_healed":0.0,"max_hp_gain":0.0,"max_hp_loss":0.0,"gold_gain":0.0,"event_name":"MindBloom","player_choice":"Fight","floor":39.0,"gold_loss":0.0,"damage_taken":0.0},{"damage_healed":0.0,"max_hp_gain":0.0,"max_hp_loss":0.0,"gold_gain":0.0,"event_name":"Winding Halls","player_choice":"Embrace Madness","floor":41.0,"gold_loss":0.0,"damage_taken":13.0,"cards_obtained":["Madness","Madness"]}],"is_beta":false,"boss_relics":[{"not_picked":["Runic Dome","Ectoplasm"],"picked":"Pandora\u0027s Box"},{"not_picked":["Orrery","Fusion Hammer"],"picked":"FrozenCore"}],"items_purged_floors":[28,38,45],"is_endless":false,"potions_floor_spawned":[2,3,5,12,22,23,25,37,40,46,48],"ascension_level":20}