{"gold_per_floor":[112,127,302,155,168,168,168,138,208,236,236,186,51,70,70,170,170,186,111,93,107,107,107,136,136,163,163,163,163,47,146,146,249,249,263,263,279,296,171,171,184,184,184,200,220,239,34,54,54,54],"floor_reached":51,"playtime":1413,"items_purged":["Doubt","Strike_G","Strike_G"],"score":740,"play_id":"41063f66-3c57-4c3a-ba77-81660adf44d2","local_time":"20181017103037","is_ascension_mode":false,"campfire_choices":[{"data":"Noxious Fumes","floor":6.0,"key":"SMITH"},{"data":"Footwork","floor":11.0,"key":"SMITH"},{"data":"Catalyst","floor":15.0,"key":"SMITH"},{"data":"Night Terror","floor":23.0,"key":"SMITH"},{"data":"Noxious Fumes","floor":25.0,"key":"SMITH"},{"data":"Footwork","floor":29.0,"key":"SMITH"},{"data":"Catalyst","floor":32.0,"key":"SMITH"},{"data":"Well Laid Plans","floor":40,"key":"SMITH"},{"floor":42,"key":"REST"},{"data":"Well Laid Plans","floor":49,"key":"SMITH"}],"neow_cost":"NONE","seed_source_timestamp":108551279941,"circlet_count":0,"master_deck":["Defend_G","Defend_G","Defend_G","Defend_G","Strike_G","Survivor","Neutralize","Dash","Noxious Fumes+1","Footwork+1","Noxious Fumes+1","Catalyst+1","Venomology","Night Terror+1","Footwork+1","Well Laid Plans+1","Catalyst+1","Venomology","Backflip","Night Terror+1","Blur","Backflip+1","Leg Sweep+1","Die Die Die+1","Footwork","Well Laid Plans+1"],"special_seed":0,"relics":["Ring of the Serpent","Potion Belt","Molten Egg 2","Ancient Tea Set","Juzu Bracelet","Snake Skull","Cursed Key","Lee\u0027s Waffle"],"potions_floor_usage":[38,38,41,41,41,44,44,45,45,48,48],"damage_taken":[{"damage":0.0,"enemies":"Jaw Worm","floor":1.0,"turns":5.0},{"damage":0.0,"enemies":"Small Slimes","floor":2.0,"turns":4.0},{"damage":1.0,"enemies":"Cultist","floor":5.0,"turns":4.0},{"damage":0.0,"enemies":"Looter","floor":8.0,"turns":4.0},{"damage":7.0,"enemies":"3 Sentries","floor":10.0,"turns":8.0},{"damage":0.0,"enemies":"2 Fungi Beasts","floor":14.0,"turns":4.0},{"damage":24.0,"enemies":"The Guardian","floor":16.0,"turns":9.0},{"damage":0.0,"enemies":"Spheric Guardian","floor":18.0,"turns":5.0},{"damage":0.0,"enemies":"2 Thieves","floor":20.0,"turns":5.0},{"damage":7.0,"enemies":"Snake Plant","floor":21.0,"turns":5.0},{"damage":19.0,"enemies":"Gremlin Leader","floor":24.0,"turns":4.0},{"damage":22.0,"enemies":"Automaton","floor":33.0,"turns":6.0},{"damage":15,"enemies":"3 Shapes","floor":35,"turns":6},{"damage":0,"enemies":"Orb Walker","floor":37,"turns":5},{"damage":11,"enemies":"Transient","floor":38,"turns":4},{"damage":18,"enemies":"Sphere and 2 Shapes","floor":41,"turns":5},{"damage":0,"enemies":"Spire Growth","floor":44,"turns":3},{"damage":4,"enemies":"Transient","floor":45,"turns":5},{"damage":0,"enemies":"3 Darklings","floor":46,"turns":2},{"damage":5,"enemies":"4 Shapes","floor":48,"turns":3},{"damage":0,"enemies":"Time Eater","floor":50,"turns":4}],"seed_played":"-9147264590665467202","potions_obtained":[{"floor":2.0,"key":"SkillPotion"},{"floor":5.0,"key":"GhostInAJar"},{"floor":16.0,"key":"EssenceOfSteel"},{"floor":20.0,"key":"SteroidPotion"},{"floor":21.0,"key":"SkillPotion"},{"floor":41,"key":"EssenceOfSteel"}],"is_trial":false,"path_per_floor":["M","M","?","$","M","R","?","M","T","E","R","?","$","M","R","B",null,"M","?","M","M","$","R","E","R","T","?","?","R","$","?","R","B",null,"M","?","M","M","$","R","M","R","T","M","M","M","$","M","R","B"],"character_chosen":"THE_SILENT","items_purchased":["Noxious Fumes","Noxious Fumes","Well Laid Plans","Catalyst","Lee\u0027s Waffle"],"campfire_rested":1,"item_purchase_floors":[4,13,30,30,47],"current_hp_per_floor":[70,70,70,70,69,69,62,62,62,55,55,55,55,55,55,31,70,70,70,70,63,63,63,44,44,44,44,44,44,44,44,44,22,70,55,55,55,44,44,44,26,47,47,47,43,43,77,72,72,72],"gold":54,"neow_bonus":"RANDOM_COMMON_RELIC","is_prod":false,"is_daily":false,"chose_seed":false,"campfire_upgraded":9,"win_rate":0,"timestamp":1539743437,"path_taken":["M","M","?","$","M","R","?","M","T","E","R","?","$","M","R","BOSS","M","?","M","M","$","R","E","R","T","?","?","R","$","?","R","BOSS","M","?","M","M","$","R","M","R","T","M","M","M","?","M","R","BOSS"],"build_version":"2018-10-11","purchased_purges":3,"victory":true,"max_hp_per_floor":[70,70,70,70,70,70,70,70,70,70,70,70,70,70,70,70,70,70,70,70,70,70,70,70,70,70,70,70,70,70,70,70,70,70,70,70,70,70,70,70,70,70,70,70,70,70,77,77,77,77],"card_choices":[{"not_picked":["Bane","Eviscerate"],"picked":"Dash","floor":1.0},{"not_picked":["Expertise","Outmaneuver","Blur"],"picked":"SKIP","floor":2.0},{"not_picked":["Dagger Throw","Prepared"],"picked":"Footwork","floor":5.0},{"not_picked":["Underhanded Strike","Predator","Riddle With Holes"],"picked":"SKIP","floor":8.0},{"not_picked":["Choke+1","Terror","Setup"],"picked":"SKIP","floor":10.0},{"not_picked":["Underhanded Strike+1","Deflect"],"picked":"Catalyst","floor":14.0},{"not_picked":["Doppelganger","Grand Finale+1"],"picked":"Venomology","floor":16.0},{"not_picked":["PiercingWail","Slice+1","Outmaneuver+1"],"picked":"SKIP","floor":18.0},{"not_picked":["Bane+1","Cloak And Dagger","Endless Agony+1"],"picked":"SKIP","floor":20.0},{"not_picked":["Prepared","Flying Knee+1"],"picked":"Night Terror","floor":21.0},{"not_picked":["Setup","Prepared","Outmaneuver"],"picked":"SKIP","floor":24.0},{"not_picked":["Glass Knife+1","Doppelganger"],"picked":"Venomology","floor":33.0},{"not_picked":["Predator+1","Escape Plan"],"picked":"Backflip","floor":35},{"not_picked":["Setup","Underhanded Strike+1"],"picked":"Blur","floor":37},{"not_picked":["Reflex+1","Sucker Punch+1","Blade Dance"],"picked":"SKIP","floor":38},{"not_picked":["Underhanded Strike+1","Prepared+1"],"picked":"Backflip+1","floor":41},{"not_picked":["Blade Dance+1","Dash+1"],"picked":"Leg Sweep+1","floor":44},{"not_picked":["Prepared","Deflect+1"],"picked":"Die Die Die+1","floor":45},{"not_picked":["Sucker Punch+1","Dodge and Roll"],"picked":"Footwork","floor":46},{"not_picked":["Dagger Throw+1","Riddle With Holes+1"],"picked":"Well Laid Plans","floor":48}],"player_experience":274997,"relics_obtained":[{"floor":9.0,"key":"Molten Egg 2"},{"floor":10.0,"key":"Ancient Tea Set"},{"floor":24.0,"key":"Juzu Bracelet"},{"floor":26.0,"key":"Snake Skull"}],"event_choices":[{"event_name":"Liars Game","player_choice":"agreed","floor":3.0,"damage_taken":0.0},{"event_name":"Golden Wing","player_choice":"Card Removal","floor":7.0,"damage_taken":0.0},{"event_name":"The Cleric","player_choice":"Card Removal","floor":12.0,"damage_taken":0.0},{"event_name":"Beggar","player_choice":"Gave Gold","floor":19.0,"damage_taken":0.0},{"event_name":"The Library","player_choice":"Read","floor":27.0,"damage_taken":0.0},{"event_name":"Cursed Tome","player_choice":"Ignored","floor":28.0,"damage_taken":0.0},{"event_name":"Nest","player_choice":"Stole From Cult","floor":31.0,"damage_taken":0.0},{"event_name":"Duplicator","player_choice":"One dupe","floor":36,"damage_taken":0}],"is_beta":false,"boss_relics":[{"not_picked":["Calling Bell","Sozu"],"picked":"Ring of the Serpent"},{"not_picked":["Tiny House","WristBlade"],"picked":"Cursed Key"}],"items_purged_floors":[4,13,39],"is_endless":false,"potions_floor_spawned":[2,5,16,20,21,37,41,46],"ascension_level":0}