{"gold_per_floor":[112,187,187,187,205,205,240,240,240,266,191,203,203,3,3,74,74,86,11,111,11,24,24,59,59,89,100,100,114,114,27,27,105,105,117,76,76,92,0,0,10,343,389,389,418,418,418,328,328,328,328,328,328,7,42,42],"floor_reached":57,"playtime":2608,"items_purged":["Strike_R","Strike_R"],"score":3235,"play_id":"9eb24e38-a30f-472e-8a99-e33688016c14","local_time":"20190327152600","is_ascension_mode":true,"campfire_choices":[{"data":"Carnage","floor":6.0,"key":"SMITH"},{"data":"Bash","floor":8.0,"key":"SMITH"},{"data":"True Grit","floor":15.0,"key":"SMITH"},{"data":"Immolate","floor":23.0,"key":"SMITH"},{"floor":25.0,"key":"REST"},{"data":"Double Tap","floor":28.0,"key":"SMITH"},{"floor":32.0,"key":"REST"},{"floor":40.0,"key":"RECALL"},{"data":"Evolve","floor":44.0,"key":"SMITH"},{"data":"Dropkick","floor":47.0,"key":"SMITH"},{"data":"Second Wind","floor":49.0,"key":"SMITH"},{"data":"Feel No Pain","floor":53.0,"key":"SMITH"}],"neow_cost":"NONE","seed_source_timestamp":9237146031983,"circlet_count":0,"master_deck":["AscendersBane","Defend_R","Defend_R","Defend_R","Bash+1","Carnage+1","Disarm","Shrug It Off","True Grit+1","Double Tap+1","Dropkick+1","Power Through","Evolve+1","Immolate+1","Battle Trance","Warcry+1","Impervious","Corruption+1","Shrug It Off+1","Dropkick","Impervious","Feel No Pain+1","Second Wind+1","Body Slam","AscendersBane"],"special_seed":0,"relics":["Burning Blood","NeowsBlessing","Mummified Hand","Blue Candle","Champion Belt","Mango","Philosopher\u0027s Stone","Pocketwatch","Ornamental Fan","PreservedInsect","Tiny Chest","Empty Cage","Red Mask","Old Coin","Oddly Smooth Stone","DollysMirror","Mercury Hourglass"],"potions_floor_usage":[56,56],"damage_taken":[{"damage":0.0,"enemies":"Small Slimes","floor":1.0,"turns":2.0},{"damage":0.0,"enemies":"2 Louse","floor":5.0,"turns":1.0},{"damage":0.0,"enemies":"Gremlin Nob","floor":7.0,"turns":1.0},{"damage":26.0,"enemies":"Lagavulin","floor":10.0,"turns":6.0},{"damage":2.0,"enemies":"Jaw Worm","floor":12.0,"turns":2.0},{"damage":10.0,"enemies":"The Guardian","floor":16.0,"turns":7.0},{"damage":14.0,"enemies":"Spheric Guardian","floor":18.0,"turns":4.0},{"damage":19.0,"enemies":"Colosseum Slavers","floor":20.0,"turns":3.0},{"damage":26.0,"enemies":"Colosseum Nobs","floor":20.0,"turns":5.0},{"damage":8.0,"enemies":"2 Thieves","floor":22.0,"turns":4.0},{"damage":42.0,"enemies":"Slavers","floor":24.0,"turns":5.0},{"damage":4.0,"enemies":"Centurion and Healer","floor":27.0,"turns":4.0},{"damage":0.0,"enemies":"3 Cultists","floor":29.0,"turns":3.0},{"damage":0.0,"enemies":"Champ","floor":33.0,"turns":5.0},{"damage":0.0,"enemies":"3 Shapes","floor":35.0,"turns":1.0},{"damage":0.0,"enemies":"Orb Walker","floor":38.0,"turns":4.0},{"damage":0.0,"enemies":"Maw","floor":41.0,"turns":5.0},{"damage":10.0,"enemies":"Nemesis","floor":42.0,"turns":5.0},{"damage":0.0,"enemies":"Reptomancer","floor":45.0,"turns":4.0},{"damage":0.0,"enemies":"Donu and Deca","floor":50.0,"turns":5.0},{"damage":0.0,"enemies":"Awakened One","floor":51.0,"turns":6.0},{"damage":10.0,"enemies":"Shield and Spear","floor":55.0,"turns":5.0},{"damage":72,"enemies":"The Heart","floor":56,"turns":14}],"seed_played":"2132897837847620330","potions_obtained":[{"floor":1.0,"key":"FearPotion"},{"floor":10.0,"key":"FairyPotion"},{"floor":27.0,"key":"Fruit Juice"},{"floor":29.0,"key":"Weak Potion"},{"floor":33.0,"key":"Swift Potion"}],"is_trial":false,"path_per_floor":["M","?","?","T","M","R","E","R","T","E","?","M","?","$","R","B",null,"M","$","?","$","M","R","E","R","T","M","R","M","?","$","R","B",null,"M","$","?","M","?","R","M","E","T","R","E","?","R","$","R","B","B",null,"R","$","E","B",null],"character_chosen":"IRONCLAD","items_purchased":["Power Through","Evolve","Battle Trance","Dropkick","Feel No Pain","Second Wind","Body Slam","GamblersBrew","DollysMirror"],"campfire_rested":2,"item_purchase_floors":[14,14,19,31,36,48,54,54,54],"current_hp_per_floor":[74,63,63,63,69,69,75,75,75,69,69,73,73,73,73,69,84,76,76,43,43,41,41,14,40,40,42,42,48,22,22,56,62,90,96,96,96,99,99,99,99,95,95,95,99,94,94,94,94,94,94,94,94,94,90,24],"gold":42,"neow_bonus":"THREE_ENEMY_KILL","is_prod":false,"is_daily":false,"chose_seed":false,"campfire_upgraded":9,"win_rate":0,"timestamp":1553671560,"path_taken":["M","?","?","?","?","R","E","R","T","E","?","M","?","$","R","BOSS","M","?","?","$","M","R","E","R","T","M","R","M","?","$","R","BOSS","M","$","?","M","?","R","M","E","T","R","E","?","R","$","R","BOSS","BOSS","R","$","E","BOSS"],"build_version":"2019-01-23","purchased_purges":2,"victory":true,"max_hp_per_floor":[75,75,75,75,75,75,75,75,75,89,89,89,89,89,89,89,89,89,89,89,89,89,89,89,89,89,89,89,89,94,94,99,99,99,99,99,99,99,99,99,99,99,99,99,99,94,94,94,94,94,94,94,94,94,94,94],"card_choices":[{"not_picked":["Thunderclap","Body Slam"],"picked":"Carnage","floor":1.0},{"not_picked":["Reckless Charge","Clash","Body Slam"],"picked":"SKIP","floor":5.0},{"not_picked":["Combust","Shrug It Off"],"picked":"Clash","floor":7.0},{"not_picked":["Anger","Searing Blow"],"picked":"Shrug It Off","floor":10.0},{"not_picked":["Disarm","Cleave"],"picked":"True Grit","floor":12.0},{"not_picked":["Barricade","Feed"],"picked":"Immolate","floor":16.0},{"not_picked":["Ghostly Armor","True Grit+1","Iron Wave"],"picked":"SKIP","floor":18.0},{"not_picked":["Uppercut","Perfected Strike"],"picked":"Warcry+1","floor":22.0},{"not_picked":["Clothesline","Rage"],"picked":"Impervious","floor":24.0},{"not_picked":["Ghostly Armor","Clash"],"picked":"Corruption+1","floor":27.0},{"not_picked":["Havoc","True Grit+1"],"picked":"Shrug It Off+1","floor":29.0},{"not_picked":["Berserk","Exhume"],"picked":"Impervious","floor":33.0},{"not_picked":["Flame Barrier","Sword Boomerang","Iron Wave"],"picked":"SKIP","floor":35.0},{"not_picked":["Anger","Clash","Power Through"],"picked":"SKIP","floor":38.0},{"not_picked":["Anger","Clash","Power Through"],"picked":"SKIP","floor":38.0},{"not_picked":["Twin Strike","Iron Wave","Anger"],"picked":"SKIP","floor":41.0},{"not_picked":["Brutality","Heavy Blade+1","Feel No Pain"],"picked":"SKIP","floor":42.0},{"not_picked":["Flex+1","Corruption+1","Rupture+1"],"picked":"SKIP","floor":45.0},{"not_picked":["Spot Weakness+1","Headbutt+1","Shrug It Off"],"picked":"SKIP","floor":55.0}],"player_experience":3898683,"relics_obtained":[{"floor":4.0,"key":"Mummified Hand"},{"floor":7.0,"key":"Blue Candle"},{"floor":9.0,"key":"Champion Belt"},{"floor":10.0,"key":"Mango"},{"floor":20.0,"key":"Pocketwatch"},{"floor":20.0,"key":"Ornamental Fan"},{"floor":24.0,"key":"PreservedInsect"},{"floor":26.0,"key":"Tiny Chest"},{"floor":42.0,"key":"Old Coin"},{"floor":45.0,"key":"Oddly Smooth Stone"},{"floor":55.0,"key":"Mercury Hourglass"}],"event_choices":[{"damage_healed":0.0,"max_hp_gain":0.0,"max_hp_loss":0.0,"gold_gain":75.0,"event_name":"World of Goop","player_choice":"Gather Gold","floor":2.0,"gold_loss":0.0,"damage_taken":11.0},{"damage_healed":0.0,"max_hp_gain":0.0,"max_hp_loss":0.0,"gold_gain":0.0,"cards_transformed":["Strike_R"],"event_name":"Living Wall","player_choice":"Change","floor":3.0,"gold_loss":0.0,"damage_taken":0.0,"cards_obtained":["Disarm"]},{"cards_removed":["Strike_R"],"damage_healed":0.0,"max_hp_gain":0.0,"max_hp_loss":0.0,"gold_gain":0.0,"event_name":"The Cleric","player_choice":"Card Removal","floor":11.0,"gold_loss":75.0,"damage_taken":0.0},{"damage_healed":0.0,"max_hp_gain":0.0,"max_hp_loss":0.0,"gold_gain":0.0,"event_name":"Match and Keep!","player_choice":"2 cards matched","floor":13.0,"gold_loss":0.0,"damage_taken":0.0,"cards_obtained":["Double Tap","Dropkick"]},{"damage_healed":0.0,"max_hp_gain":0.0,"max_hp_loss":0.0,"gold_gain":0.0,"event_name":"Colosseum","player_choice":"Fight","floor":20.0,"gold_loss":0.0,"damage_taken":0.0},{"damage_healed":0.0,"max_hp_gain":0.0,"max_hp_loss":0.0,"gold_gain":0.0,"event_name":"Colosseum","player_choice":"Fought Nobs","floor":20.0,"gold_loss":0.0,"damage_taken":0.0},{"damage_healed":0.0,"max_hp_gain":5.0,"max_hp_loss":0.0,"gold_gain":0.0,"event_name":"Forgotten Altar","player_choice":"Shed Blood","floor":30.0,"gold_loss":0.0,"damage_taken":31.0},{"cards_removed":["Defend_R"],"damage_healed":0.0,"max_hp_gain":0.0,"max_hp_loss":0.0,"gold_gain":0.0,"event_name":"Falling","player_choice":"Removed Skill","floor":37.0,"gold_loss":0.0,"damage_taken":0.0},{"damage_healed":0.0,"max_hp_gain":0.0,"max_hp_loss":0.0,"gold_gain":0.0,"event_name":"Tomb of Lord Red Mask","player_choice":"Paid","floor":39.0,"gold_loss":92.0,"damage_taken":0.0,"relics_obtained":["Red Mask"]},{"damage_healed":0.0,"max_hp_gain":0.0,"max_hp_loss":5.0,"gold_gain":0.0,"event_name":"Winding Halls","player_choice":"Max HP","floor":46.0,"gold_loss":0.0,"damage_taken":0.0}],"is_beta":false,"boss_relics":[{"not_picked":["Black Blood","White Beast Statue"],"picked":"Philosopher\u0027s Stone"},{"not_picked":["Sozu","Mark of Pain"],"picked":"Empty Cage"}],"items_purged_floors":[14,21],"is_endless":false,"potions_floor_spawned":[1,10,27,29,33,41,42],"ascension_level":20}