{"gold_per_floor":[109,184,184,17,34,34,65,83,133,133],"floor_reached":10,"playtime":297,"items_purged":["Strike_G"],"score":116,"play_id":"44b62b01-7132-48ef-b051-c10c5eec9f76","local_time":"20190214125043","is_ascension_mode":true,"campfire_choices":[{"data":"Noxious Fumes","floor":6,"key":"SMITH"}],"neow_cost":"NONE","seed_source_timestamp":150318258776353,"circlet_count":0,"master_deck":["AscendersBane","Defend_G","Defend_G","Defend_G","Defend_G","Defend_G","Strike_G+1","Strike_G+1","Survivor","Neutralize","Blur","Noxious Fumes","Acrobatics","Noxious Fumes+1","Footwork"],"relics":["Ring of the Snake","Blood Vial","Whetstone"],"potions_floor_usage":[7],"damage_taken":[{"damage":3,"enemies":"Jaw Worm","floor":1,"turns":11},{"damage":8,"enemies":"Small Slimes","floor":5,"turns":6},{"damage":17,"enemies":"3 Sentries","floor":7,"turns":6},{"damage":0,"enemies":"Cultist","floor":8,"turns":5},{"damage":34,"enemies":"Gremlin Nob","floor":10,"turns":4}],"seed_played":"-1987381297124714908","potions_obtained":[{"floor":1,"key":"Block Potion"},{"floor":7,"key":"Dexterity Potion"}],"is_trial":false,"path_per_floor":["M","?","?","$","M","R","E","M","T","E"],"character_chosen":"THE_SILENT","items_purchased":["Noxious Fumes","Acrobatics"],"campfire_rested":0,"item_purchase_floors":[4,4],"current_hp_per_floor":[56,45,45,45,37,37,20,22,22,0],"gold":133,"neow_bonus":"TRANSFORM_CARD","is_prod":false,"is_daily":false,"chose_seed":false,"campfire_upgraded":1,"win_rate":0,"timestamp":1550119843,"path_taken":["M","?","?","$","M","R","E","M","T","E"],"build_version":"2019-01-23","purchased_purges":1,"victory":false,"max_hp_per_floor":[66,66,66,66,66,66,66,66,66,66],"card_choices":[{"not_picked":["Blur","Distraction","Deflect"],"picked":"SKIP","floor":1},{"not_picked":["Deadly Poison","Outmaneuver"],"picked":"Noxious Fumes","floor":5},{"not_picked":["Sucker Punch","Deflect","Bane"],"picked":"SKIP","floor":7},{"not_picked":["Blade Dance","Eviscerate"],"picked":"Footwork","floor":8}],"player_experience":741216,"relics_obtained":[{"floor":7,"key":"Blood Vial"},{"floor":9,"key":"Whetstone"}],"event_choices":[{"damage_healed":0,"gold_gain":75,"player_choice":"Gather Gold","damage_taken":11,"max_hp_gain":0,"max_hp_loss":0,"event_name":"World of Goop","floor":2,"gold_loss":0},{"cards_removed":["Strike_G"],"damage_healed":0,"gold_gain":0,"player_choice":"Purged","damage_taken":0,"max_hp_gain":0,"max_hp_loss":0,"event_name":"Purifier","floor":3,"gold_loss":0}],"is_beta":false,"boss_relics":[],"items_purged_floors":[4],"is_endless":false,"potions_floor_spawned":[1,7],"killed_by":"Gremlin Nob","ascension_level":15}