{"gold_per_floor":[110,29,29,44,44,44,59,59,59,77,77,107,66,66,66,66],"floor_reached":16,"playtime":320,"items_purged":[],"score":196,"play_id":"32f1153a-d65a-45d6-88ad-6a11b67db67b","local_time":"20190224204851","is_ascension_mode":true,"campfire_choices":[{"data":"Neutralize","floor":6.0,"key":"SMITH"},{"data":"Deadly Poison","floor":8.0,"key":"SMITH"},{"data":"Catalyst","floor":11.0,"key":"SMITH"},{"data":"Grand Finale","floor":15.0,"key":"SMITH"}],"neow_cost":"NONE","seed_source_timestamp":31023854690202,"circlet_count":0,"master_deck":["AscendersBane","Defend_G+1","Defend_G","Defend_G","Defend_G","Strike_G","Strike_G","Strike_G+1","Survivor","Neutralize+1","Tactician","Escape Plan","Deadly Poison+1","Catalyst+1","Grand Finale+1"],"special_seed":0,"relics":["Empty Cage","Ancient Tea Set","Darkstone Periapt"],"potions_floor_usage":[16,16],"damage_taken":[{"damage":11.0,"enemies":"Cultist","floor":1.0,"turns":5.0},{"damage":3.0,"enemies":"Small Slimes","floor":4.0,"turns":5.0},{"damage":2.0,"enemies":"Jaw Worm","floor":7.0,"turns":5.0},{"damage":3.0,"enemies":"2 Fungi Beasts","floor":10.0,"turns":4.0},{"damage":9.0,"enemies":"Lagavulin","floor":12.0,"turns":7.0},{"damage":14,"enemies":"Slime Boss","floor":16,"turns":5}],"seed_played":"-6065345215249396022","potions_obtained":[{"floor":4.0,"key":"PowerPotion"},{"floor":12.0,"key":"SpeedPotion"}],"is_trial":false,"path_per_floor":["M","$","?","M","?","R","M","R","T","M","R","E","?","$","R","B"],"character_chosen":"THE_SILENT","items_purchased":["Tactician"],"campfire_rested":0,"item_purchase_floors":[2],"current_hp_per_floor":[48,48,28,25,25,25,23,23,23,20,20,11,11,11,11,0],"gold":66,"neow_bonus":"BOSS_RELIC","is_prod":false,"is_daily":false,"chose_seed":false,"campfire_upgraded":4,"win_rate":0,"timestamp":1551012531,"path_taken":["M","$","?","M","?","R","M","R","T","M","R","E","?","?","R","BOSS"],"build_version":"2019-01-23","purchased_purges":0,"victory":false,"max_hp_per_floor":[66,66,66,66,66,66,66,66,66,66,66,66,66,66,66,66],"card_choices":[{"not_picked":["Dagger Spray","Slice","Dodge and Roll"],"picked":"SKIP","floor":1.0},{"not_picked":["Outmaneuver","PiercingWail","Poisoned Stab"],"picked":"SKIP","floor":4.0},{"not_picked":["Cloak And Dagger","Bane"],"picked":"Deadly Poison","floor":7.0},{"not_picked":["Acrobatics","Outmaneuver"],"picked":"Catalyst","floor":10.0},{"not_picked":["Backflip","Backstab"],"picked":"Grand Finale","floor":12.0}],"player_experience":3107921,"relics_obtained":[{"floor":9.0,"key":"Ancient Tea Set"},{"floor":12.0,"key":"Darkstone Periapt"}],"event_choices":[{"damage_healed":0.0,"max_hp_gain":0.0,"max_hp_loss":0.0,"gold_gain":0.0,"event_name":"Shining Light","player_choice":"Entered Light","floor":3.0,"gold_loss":0.0,"damage_taken":20.0,"cards_upgraded":["Defend_G","Strike_G"]},{"damage_healed":0.0,"max_hp_gain":0.0,"max_hp_loss":0.0,"gold_gain":0.0,"cards_transformed":["Strike_G"],"event_name":"Living Wall","player_choice":"Change","floor":5.0,"gold_loss":0.0,"damage_taken":0.0,"cards_obtained":["Escape Plan"]},{"damage_healed":0.0,"max_hp_gain":0.0,"max_hp_loss":0.0,"gold_gain":0.0,"event_name":"World of Goop","player_choice":"Left Gold","floor":13.0,"gold_loss":41.0,"damage_taken":0.0}],"is_beta":false,"boss_relics":[],"items_purged_floors":[],"is_endless":false,"potions_floor_spawned":[4,12],"killed_by":"Slime Boss","ascension_level":20}