{"gold_per_floor":[113,130,130,141,156,156,181,181,181,181],"floor_reached":10,"playtime":273,"items_purged":[],"score":186,"play_id":"5582bc02-c9a6-40a6-a6b0-9214211e8231","local_time":"20190301154849","is_ascension_mode":true,"campfire_choices":[{"data":"Zap","floor":6,"key":"SMITH"},{"data":"Coolheaded","floor":8,"key":"SMITH"}],"neow_cost":"NONE","seed_source_timestamp":87542527036573,"circlet_count":0,"master_deck":["AscendersBane","Strike_B","Strike_B","Strike_B","Defend_B","Defend_B","Defend_B","Defend_B","Zap+1","Dualcast","Hologram","Turbo","Hello World","Ball Lightning","Coolheaded+1"],"relics":["Cracked Core","Oddly Smooth Stone","Vajra","Art of War"],"potions_floor_usage":[5,10],"damage_taken":[{"damage":8,"enemies":"Small Slimes","floor":1,"turns":5},{"damage":0,"enemies":"Jaw Worm","floor":2,"turns":4},{"damage":1,"enemies":"2 Louse","floor":4,"turns":3},{"damage":32,"enemies":"Exordium Thugs","floor":5,"turns":4},{"damage":0,"enemies":"Lagavulin","floor":7,"turns":6},{"damage":22,"enemies":"Gremlin Nob","floor":10,"turns":3}],"seed_played":"6722323618649087694","potions_obtained":[{"floor":2,"key":"Poison Potion"},{"floor":5,"key":"FocusPotion"}],"is_trial":false,"path_per_floor":["M","M","?","M","M","R","E","R","T","E"],"character_chosen":"DEFECT","items_purchased":[],"campfire_rested":0,"item_purchase_floors":[],"current_hp_per_floor":[56,56,49,48,16,16,16,16,16,0],"gold":181,"neow_bonus":"RANDOM_COMMON_RELIC","is_prod":false,"is_daily":false,"chose_seed":false,"campfire_upgraded":2,"win_rate":0,"timestamp":1551426529,"path_taken":["M","M","?","M","M","R","E","R","T","E"],"build_version":"2019-01-23","purchased_purges":0,"victory":false,"max_hp_per_floor":[71,71,71,71,71,71,71,71,71,71],"card_choices":[{"not_picked":["Beam Cell","Leap"],"picked":"Hologram","floor":1},{"not_picked":["Melter","Steam"],"picked":"Turbo","floor":2},{"not_picked":["Compile Driver","Stack"],"picked":"Hello World","floor":4},{"not_picked":["Multi-Cast","Hologram"],"picked":"Ball Lightning","floor":5},{"not_picked":["Stack","Rebound"],"picked":"Coolheaded","floor":7}],"player_experience":1052093,"relics_obtained":[{"floor":7,"key":"Vajra"},{"floor":9,"key":"Art of War"}],"event_choices":[{"cards_removed":["Strike_B"],"damage_healed":0,"gold_gain":0,"player_choice":"Card Removal","damage_taken":7,"max_hp_gain":0,"max_hp_loss":0,"event_name":"Golden Wing","floor":3,"gold_loss":0}],"is_beta":false,"boss_relics":[],"items_purged_floors":[],"is_endless":false,"potions_floor_spawned":[2,5],"killed_by":"Gremlin Nob","ascension_level":20}