{"gold_per_floor":[118,118,129,146,164,164,199,199,247,263,290,290,16,44,44,139,139,150,164,164,175,175,175,175,90,90,90,10,10,25,38,38,133,133,145,145,161,161,161,161,187,187,214,214,230,11,11,31,31,31],"floor_reached":51,"playtime":1892,"items_purged":["Strike_B","Strike_B"],"score":793,"play_id":"b788f715-33bf-493f-be6c-030467b41e9c","local_time":"20190611160408","is_ascension_mode":false,"campfire_choices":[{"data":"Capacitor","floor":6,"key":"SMITH"},{"data":"Dualcast","floor":8,"key":"SMITH"},{"floor":12,"key":"REST"},{"data":"Creative AI","floor":15,"key":"SMITH"},{"data":"Skim","floor":23,"key":"SMITH"},{"data":"Recycle","floor":27,"key":"SMITH"},{"data":"Hologram","floor":29,"key":"SMITH"},{"data":"Rainbow","floor":32,"key":"SMITH"},{"data":"Coolheaded","floor":40,"key":"SMITH"},{"data":"Chaos","floor":42,"key":"SMITH"},{"data":"Hologram","floor":49,"key":"SMITH"}],"neow_cost":"NONE","seed_source_timestamp":18042174220992,"circlet_count":0,"master_deck":["Defend_B+1","Defend_B+1","Defend_B+1","Zap+1","Dualcast+1","Capacitor+1","Ball Lightning+1","Seek+1","Hologram+1","Creative AI+1","Rainbow+1","Electrodynamics+1","Glacier+1","Recycle+1","Skim+1","Capacitor+1","Chill+1","Compile Driver+1","Fission+1","Coolheaded+1","Reboot+1","Coolheaded+1","Chaos+1","Hologram+1"],"relics":["Cracked Core","Question Card","PreservedInsect","Happy Flower","Potion Belt","Vajra","Busted Crown","The Courier","Kunai","Runic Pyramid","Bronze Scales","Ornamental Fan","Bag of Preparation","Mark of the Bloom","Sundial"],"potions_floor_usage":[10,10,21,50,50,50],"damage_taken":[{"damage":0,"enemies":"2 Louse","floor":1,"turns":1},{"damage":0,"enemies":"Cultist","floor":3,"turns":2},{"damage":3,"enemies":"Jaw Worm","floor":4,"turns":3},{"damage":2,"enemies":"Large Slime","floor":5,"turns":5},{"damage":35,"enemies":"3 Sentries","floor":7,"turns":6},{"damage":2,"enemies":"3 Louse","floor":10,"turns":2},{"damage":18,"enemies":"Lagavulin","floor":11,"turns":6},{"damage":19,"enemies":"3 Sentries","floor":14,"turns":5},{"damage":12,"enemies":"Hexaghost","floor":16,"turns":8},{"damage":0,"enemies":"3 Byrds","floor":18,"turns":2},{"damage":3,"enemies":"Spheric Guardian","floor":19,"turns":3},{"damage":0,"enemies":"Snake Plant","floor":21,"turns":3},{"damage":3,"enemies":"Chosen and Byrds","floor":30,"turns":4},{"damage":1,"enemies":"3 Cultists","floor":31,"turns":3},{"damage":2,"enemies":"Collector","floor":33,"turns":6},{"damage":0,"enemies":"3 Darklings","floor":35,"turns":5},{"damage":0,"enemies":"Orb Walker","floor":37,"turns":4},{"damage":0,"enemies":"Giant Head","floor":41,"turns":6},{"damage":0,"enemies":"3 Darklings","floor":45,"turns":2},{"damage":0,"enemies":"Sphere and 2 Shapes","floor":48,"turns":2},{"damage":0,"enemies":"Donu and Deca","floor":50,"turns":5}],"seed_played":"-8165286715640999826","potions_obtained":[{"floor":1,"key":"Swift Potion"},{"floor":4,"key":"Energy Potion"},{"floor":5,"key":"SteroidPotion"},{"floor":10,"key":"Strength Potion"},{"floor":14,"key":"Energy Potion"},{"floor":19,"key":"SneckoOil"},{"floor":31,"key":"Poison Potion"},{"floor":33,"key":"PowerPotion"},{"floor":37,"key":"Ancient Potion"}],"is_trial":false,"path_per_floor":["M","?","M","M","M","R","E","R","T","M","E","R","$","E","R","B",null,"M","M","?","M","?","R","?","?","T","R","$","R","M","M","R","B",null,"M","?","M","?","T","R","E","R","T","?","M","$","?","M","R","B",null],"character_chosen":"DEFECT","items_purchased":["Potion Belt","Weak Potion","Sundial","Defragment"],"campfire_rested":1,"item_purchase_floors":[13,13,46,46],"current_hp_per_floor":[75,75,75,72,70,70,35,35,35,33,15,37,37,18,18,6,75,75,72,72,72,72,72,72,72,72,72,72,72,69,68,68,66,75,75,75,75,71,71,71,71,71,71,71,71,71,71,71,71,71],"gold":31,"neow_bonus":"UPGRADE_CARD","is_prod":false,"is_daily":false,"chose_seed":false,"campfire_upgraded":10,"win_rate":0,"timestamp":1560240248,"path_taken":["M","?","M","M","M","R","E","R","T","?","E","R","?","E","R","BOSS","M","M","?","M","?","R","?","?","T","R","$","R","?","M","R","BOSS","M","?","?","?","?","R","E","R","T","?","M","$","?","M","R","BOSS"],"build_version":"2019-01-23","purchased_purges":2,"victory":true,"max_hp_per_floor":[75,75,75,75,75,75,75,75,75,75,75,75,75,75,75,75,75,75,75,75,75,75,75,75,75,75,75,75,75,75,75,75,75,75,75,75,75,71,71,71,71,71,71,71,71,71,71,71,71,71],"card_choices":[{"not_picked":["Force Field","Leap","Blizzard"],"picked":"SKIP","floor":1},{"not_picked":["Stack","Barrage","Beam Cell"],"picked":"SKIP","floor":3},{"not_picked":["Rebound","Barrage"],"picked":"Capacitor","floor":4},{"not_picked":["Melter","Sweeping Beam"],"picked":"Ball Lightning","floor":5},{"not_picked":["Undo","Stack"],"picked":"Seek","floor":7},{"not_picked":["Aggregate","Blizzard","Gash"],"picked":"Hologram","floor":10},{"not_picked":["Thunder Strike","Ball Lightning","Glacier"],"picked":"Creative AI","floor":11},{"not_picked":["Steam","Rebound","Stack"],"picked":"Rainbow","floor":14},{"not_picked":["Echo Form","Reboot","Buffer"],"picked":"Electrodynamics","floor":16},{"not_picked":["Compile Driver"],"picked":"Glacier","floor":18},{"not_picked":["Redo"],"picked":"Recycle","floor":19},{"not_picked":["Stack"],"picked":"Capacitor+1","floor":21},{"not_picked":["Beam Cell"],"picked":"Chill","floor":30},{"not_picked":["Stack+1"],"picked":"Compile Driver","floor":31},{"not_picked":["Hyperbeam"],"picked":"Fission","floor":33},{"not_picked":["Gash+1"],"picked":"Coolheaded+1","floor":35},{"not_picked":["Steam Power"],"picked":"Coolheaded","floor":37},{"not_picked":["Compile Driver"],"picked":"Chaos","floor":41},{"not_picked":["Leap"],"picked":"Hologram","floor":45},{"not_picked":["Leap+1","Streamline"],"picked":"SKIP","floor":48}],"player_experience":5054732,"relics_obtained":[{"floor":7,"key":"Question Card"},{"floor":9,"key":"PreservedInsect"},{"floor":11,"key":"Happy Flower"},{"floor":14,"key":"Vajra"},{"floor":26,"key":"Kunai"},{"floor":39,"key":"Bronze Scales"},{"floor":41,"key":"Ornamental Fan"},{"floor":43,"key":"Bag of Preparation"}],"event_choices":[{"cards_removed":["Defend_B"],"damage_healed":0,"gold_gain":0,"player_choice":"Offered Basic","damage_taken":0,"max_hp_gain":0,"max_hp_loss":0,"event_name":"Bonfire Elementals","floor":2,"gold_loss":0},{"damage_healed":0,"gold_gain":0,"player_choice":"Read","damage_taken":0,"max_hp_gain":0,"max_hp_loss":0,"event_name":"The Library","floor":20,"gold_loss":0,"cards_obtained":["Skim"]},{"cards_removed":["Strike_B"],"damage_healed":0,"gold_gain":0,"player_choice":"Elegance","damage_taken":0,"max_hp_gain":0,"max_hp_loss":0,"event_name":"Back to Basics","floor":22,"gold_loss":0},{"damage_healed":0,"gold_gain":0,"player_choice":"Ignored","damage_taken":0,"max_hp_gain":0,"max_hp_loss":0,"event_name":"Vampires","floor":24,"gold_loss":0},{"damage_healed":0,"gold_gain":0,"player_choice":"Obtained Relic","damage_taken":0,"relics_obtained":["The Courier"],"max_hp_gain":0,"max_hp_loss":0,"event_name":"Addict","floor":25,"gold_loss":85},{"damage_healed":0,"gold_gain":0,"cards_transformed":["Strike_B"],"player_choice":"Transformed","damage_taken":0,"max_hp_gain":0,"max_hp_loss":0,"event_name":"Transmorgrifier","floor":36,"gold_loss":0,"cards_obtained":["Reboot"]},{"damage_healed":0,"gold_gain":0,"player_choice":"Max HP","damage_taken":0,"max_hp_gain":0,"max_hp_loss":4,"event_name":"Winding Halls","floor":38,"gold_loss":0},{"damage_healed":0,"gold_gain":0,"player_choice":"Upgrade","damage_taken":0,"relics_obtained":["Mark of the Bloom"],"max_hp_gain":0,"max_hp_loss":0,"event_name":"MindBloom","floor":44,"gold_loss":0,"cards_upgraded":["Defend_B","Defend_B","Defend_B","Ball Lightning","Seek","Electrodynamics","Glacier","Chill","Compile Driver","Fission","Reboot"]},{"cards_removed":["Defragment"],"damage_healed":0,"gold_gain":0,"player_choice":"Removed Power","damage_taken":0,"max_hp_gain":0,"max_hp_loss":0,"event_name":"Falling","floor":47,"gold_loss":0}],"is_beta":false,"boss_relics":[{"not_picked":["FrozenCore","Philosopher\u0027s Stone"],"picked":"Busted Crown"},{"not_picked":["Calling Bell","Eternal Feather"],"picked":"Runic Pyramid"}],"items_purged_floors":[13,28],"is_endless":false,"potions_floor_spawned":[1,4,5,10,14,19,31,33,37],"ascension_level":0}