{"path_per_floor":["M","M","?","$","M","R","M","M","T","M","M","E","R","M","R","B",null,"M","?","M","M","M","R","$","R","T","?","?","$","T","M","R","B",null,"M","M","?","M","M","E","$","M","T","R","M","M","R","M","R","B"],"character_chosen":"IRONCLAD","items_purchased":["Shrug It Off","Vajra","Limit Break","Deep Breath","Shockwave","Lantern"],"gold_per_floor":[114,129,379,108,123,123,138,153,153,168,183,213,213,228,228,328,328,343,343,358,373,388,388,138,138,188,188,188,50,50,65,65,165,165,180,195,238,253,268,298,78,93,93,93,108,123,123,138,138,138],"floor_reached":51,"campfire_rested":1,"playtime":1864,"current_hp_per_floor":[80,80,80,80,80,80,80,75,75,80,78,78,78,80,80,80,80,80,65,49,53,54,54,54,81,81,81,81,81,81,77,77,65,92,88,92,92,92,92,92,92,92,92,92,92,92,92,92,92,92],"items_purged":["Regret","Strike_R","Armaments"],"gold":138,"score":987,"play_id":"364670f3-5de8-4c57-bab2-a0b838a1a992","local_time":"20180323105437","daily_mods":["Time Dilation","Binary","Vintage"],"is_prod":false,"is_daily":true,"is_ascension_mode":false,"campfire_upgraded":5,"timestamp":1521773677,"path_taken":["M","M","?","$","M","R","M","M","T","M","M","E","R","?","R","BOSS","M","?","?","M","M","R","$","R","T","?","?","?","?","?","R","BOSS","M","M","?","M","M","E","$","M","T","R","M","M","R","M","R","BOSS"],"build_version":"2018-03-22","purchased_purges":4,"victory":true,"master_deck":["Strike_R+1","Strike_R+1","Strike_R+1","Defend_R","Defend_R+1","Defend_R","Defend_R+1","Bash+1","Shrug It Off+1","Barricade+1","Limit Break+1","Heavy Blade+1","Deep Breath+1","Shockwave+1","Offering+1"],"max_hp_per_floor":[80,80,80,80,80,80,80,80,80,80,80,80,80,80,80,80,80,80,85,85,85,92,92,92,92,92,92,92,92,92,92,92,92,92,92,92,92,92,92,92,92,92,92,92,92,92,92,92,92,92],"relics":["Burning Blood","Toxic Egg 2","Happy Flower","Vajra","Gambling Chip","Ginger","Mercury Hourglass","Omamori","Blue Candle","Du-Vu Doll","Pantograph","Bottled Flame","War Paint","Question Card","Shuriken","Toolbox","Ice Cream","Strawberry","Art of War","Bronze Scales","Meat on the Bone","Letter Opener","Cursed Key","Anchor","Gremlin Horn","Girya","Whetstone","Bird Faced Urn","The Courier","Lantern","Bottled Lightning","Thread and Needle","Bag of Preparation","Self Forming Clay","Bag of Marbles"],"card_choices":[{"not_picked":["Inflame"],"picked":"Armaments","floor":12},{"not_picked":["Juggernaut"],"picked":"Barricade","floor":16},{"not_picked":["Berserk","Double Tap"],"picked":"Offering","floor":33}],"player_experience":302610,"potions_floor_usage":[8,16,18,21,50],"damage_taken":[{"damage":1,"enemies":"Jaw Worm","floor":1,"turns":4},{"damage":1,"enemies":"Cultist","floor":2,"turns":3},{"damage":0,"enemies":"2 Louse","floor":5,"turns":2},{"damage":6,"enemies":"Large Slime","floor":7,"turns":5},{"damage":11,"enemies":"Red Slaver","floor":8,"turns":6},{"damage":0,"enemies":"Looter","floor":10,"turns":2},{"damage":8,"enemies":"Exordium Thugs","floor":11,"turns":4},{"damage":6,"enemies":"3 Sentries","floor":12,"turns":6},{"damage":0,"enemies":"3 Louse","floor":14,"turns":2},{"damage":0,"enemies":"Slime Boss","floor":16,"turns":6},{"damage":5,"enemies":"Shell Parasite","floor":18,"turns":6},{"damage":22,"enemies":"Chosen","floor":20,"turns":5},{"damage":2,"enemies":"Slaver and Parasite","floor":21,"turns":6},{"damage":18,"enemies":"Cultist and Chosen","floor":22,"turns":6},{"damage":10,"enemies":"Centurion and Healer","floor":31,"turns":5},{"damage":33,"enemies":"Automaton","floor":33,"turns":6},{"damage":10,"enemies":"3 Darklings","floor":35,"turns":3},{"damage":0,"enemies":"Orb Walker","floor":36,"turns":3},{"damage":5,"enemies":"…Ò√ÿ‘≤«Ú","floor":37,"turns":3},{"damage":0,"enemies":"Sphere and 2 Shapes","floor":38,"turns":3},{"damage":3,"enemies":"Maw","floor":39,"turns":5},{"damage":4,"enemies":"Giant Head","floor":40,"turns":6},{"damage":4,"enemies":"3 Darklings","floor":42,"turns":4},{"damage":4,"enemies":"4 Shapes","floor":45,"turns":1},{"damage":4,"enemies":"Sphere and 2 Shapes","floor":46,"turns":2},{"damage":4,"enemies":"Maw","floor":48,"turns":3},{"damage":4,"enemies":"Time Eater","floor":50,"turns":2}],"event_choices":[{"event_name":"Golden Shrine","player_choice":"Desecrate","floor":3,"damage_taken":0},{"event_name":"Forgotten Altar","player_choice":"Shed Blood","floor":19,"damage_taken":0},{"event_name":"Purifier","player_choice":"One Purge","floor":27,"damage_taken":0},{"event_name":"The Library","player_choice":"Read","floor":28,"damage_taken":0},{"event_name":"Mysterious Sphere","player_choice":"Fight","floor":37,"damage_taken":0}],"boss_relics":[{"not_picked":["Black Blood","Philosopher\u0027s Stone"],"picked":"Question Card"},{"not_picked":["Runic Pyramid","Snecko Eye"],"picked":"Cursed Key"}],"potions_floor_spawned":[1,10,12,14,20,22,33,35,36,38,42,46],"seed_played":"3670860265742688607","ascension_level":0,"is_trial":false}