{"gold_per_floor":[113,130,130,130,144,169,169,199,199,199,199],"floor_reached":11,"playtime":336,"items_purged":[],"score":162,"play_id":"820ca57a-deb3-4836-afb8-13ecb180e5a0","local_time":"20190622212929","is_ascension_mode":true,"campfire_choices":[{"floor":7,"key":"REST"},{"floor":10,"key":"REST"}],"neow_cost":"NONE","seed_source_timestamp":90313024644153,"circlet_count":0,"master_deck":["AscendersBane","Strike_B","Strike_B","Strike_B","Defend_B","Defend_B","Defend_B","Defend_B","Zap","Dualcast","Ball Lightning","Turbo","Ball Lightning","Gash","Undo"],"relics":["Cracked Core","Kunai","Question Card","Molten Egg 2","Pantograph"],"potions_floor_usage":[8],"damage_taken":[{"damage":0,"enemies":"Small Slimes","floor":1,"turns":3},{"damage":1,"enemies":"Cultist","floor":2,"turns":3},{"damage":2,"enemies":"Jaw Worm","floor":5,"turns":2},{"damage":25,"enemies":"Lagavulin","floor":6,"turns":5},{"damage":24,"enemies":"Gremlin Nob","floor":8,"turns":4},{"damage":39,"enemies":"Gremlin Gang","floor":11,"turns":3}],"seed_played":"-8202752193386140834","potions_obtained":[{"floor":1,"key":"Ancient Potion"}],"is_trial":false,"path_per_floor":["M","M","?","?","M","E","R","E","T","R","M"],"character_chosen":"DEFECT","items_purchased":[],"campfire_rested":2,"item_purchase_floors":[],"current_hp_per_floor":[71,70,35,35,33,8,31,7,7,30,0],"gold":199,"neow_bonus":"TEN_PERCENT_HP_BONUS","is_prod":false,"is_daily":false,"chose_seed":false,"campfire_upgraded":0,"win_rate":0,"timestamp":1561231769,"path_taken":["M","M","?","?","?","E","R","E","T","R","M"],"build_version":"2019-01-23","purchased_purges":0,"victory":false,"max_hp_per_floor":[78,78,78,78,78,78,78,78,78,78,78],"card_choices":[{"not_picked":["Steam Power","Fusion"],"picked":"Ball Lightning","floor":1},{"not_picked":["Double Energy","Streamline"],"picked":"Turbo","floor":2},{"not_picked":["Redo","Darkness"],"picked":"Ball Lightning","floor":5},{"not_picked":["Barrage","Stack"],"picked":"Gash","floor":6},{"not_picked":["Multi-Cast","Steam","Chaos"],"picked":"Undo","floor":8}],"player_experience":638936,"relics_obtained":[{"floor":6,"key":"Question Card"},{"floor":8,"key":"Molten Egg 2"},{"floor":9,"key":"Pantograph"}],"event_choices":[{"damage_healed":0,"gold_gain":0,"player_choice":"Success","damage_taken":35,"relics_obtained":["Kunai"],"max_hp_gain":0,"max_hp_loss":0,"event_name":"Scrap Ooze","floor":3,"gold_loss":0},{"cards_removed":["Strike_B"],"damage_healed":0,"gold_gain":0,"player_choice":"Offered Basic","damage_taken":0,"max_hp_gain":0,"max_hp_loss":0,"event_name":"Bonfire Elementals","floor":4,"gold_loss":0}],"is_beta":false,"boss_relics":[],"items_purged_floors":[],"is_endless":false,"potions_floor_spawned":[1],"killed_by":"Gremlin Gang","ascension_level":20}