{"gold_per_floor":[112,187,200,214,228,228,35,49,127,127,145,145,162,195,195,296,296,308,308,308,275,288,288,305,230,257,267,281,291,291,310,310,413,413,426,180,233,245,265,265,278,278,354,354,354,371,174,174,174,174],"floor_reached":51,"playtime":2337,"items_purged":["Strike_G","Defend_G","Strike_G+1"],"score":780,"play_id":"05f86202-7172-49f1-a652-951142ad9f51","local_time":"20181101101632","is_ascension_mode":false,"campfire_choices":[{"data":"Neutralize","floor":6.0,"key":"SMITH"},{"data":"Noxious Fumes","floor":10.0,"key":"SMITH"},{"data":"Noxious Fumes","floor":12.0,"key":"SMITH"},{"data":"Catalyst","floor":15.0,"key":"SMITH"},{"data":"Footwork","floor":23.0,"key":"SMITH"},{"data":"Leg Sweep","floor":30.0,"key":"SMITH"},{"data":"Leg Sweep","floor":32.0,"key":"SMITH"},{"data":"Adrenaline","floor":40.0,"key":"SMITH"},{"data":"Noxious Fumes","floor":42.0,"key":"SMITH"},{"data":"Corpse Explosion","floor":44.0,"key":"SMITH"},{"data":"Leg Sweep","floor":49.0,"key":"SMITH"}],"neow_cost":"TEN_PERCENT_HP_LOSS","seed_source_timestamp":291418129459,"circlet_count":0,"master_deck":["Defend_G+1","Defend_G+1","Defend_G+1","Strike_G+1","Strike_G+1","Survivor+1","Neutralize+1","Footwork+1","Dash+1","Noxious Fumes+1","Leg Sweep+1","Noxious Fumes+1","Catalyst+1","Backflip+1","Concentrate+1","Leg Sweep+1","PiercingWail+1","Bane+1","PiercingWail+1","Die Die Die+1","Adrenaline+1","Prepared+1","Corpse Explosion+1","Noxious Fumes+1","Leg Sweep+1"],"special_seed":0,"relics":["Ring of the Snake","Potion Belt","Blue Candle","Ice Cream","Runic Pyramid","Ancient Tea Set","Lizard Tail","Turnip","Ninja Scroll","Mark of the Bloom"],"potions_floor_usage":[50,50],"damage_taken":[{"damage":6.0,"enemies":"Jaw Worm","floor":1.0,"turns":7.0},{"damage":0.0,"enemies":"Small Slimes","floor":3.0,"turns":3.0},{"damage":0.0,"enemies":"Cultist","floor":4.0,"turns":5.0},{"damage":14.0,"enemies":"Lots of Slimes","floor":5.0,"turns":6.0},{"damage":3.0,"enemies":"2 Fungi Beasts","floor":8.0,"turns":4.0},{"damage":9.0,"enemies":"Looter","floor":11.0,"turns":3.0},{"damage":7.0,"enemies":"Exordium Wildlife","floor":13.0,"turns":5.0},{"damage":6.0,"enemies":"Lagavulin","floor":14.0,"turns":7.0},{"damage":1.0,"enemies":"Hexaghost","floor":16.0,"turns":8.0},{"damage":2.0,"enemies":"3 Byrds","floor":18.0,"turns":5.0},{"damage":2.0,"enemies":"2 Thieves","floor":21.0,"turns":5.0},{"damage":2.0,"enemies":"Shelled Parasite and Fungi","floor":22.0,"turns":6.0},{"damage":1.0,"enemies":"Centurion and Healer","floor":24.0,"turns":7.0},{"damage":1.0,"enemies":"Snake Plant","floor":27.0,"turns":5.0},{"damage":3.0,"enemies":"Shelled Parasite and Fungi","floor":28.0,"turns":10.0},{"damage":1.0,"enemies":"Snecko","floor":29.0,"turns":8.0},{"damage":0.0,"enemies":"Snake Plant","floor":31.0,"turns":5.0},{"damage":0.0,"enemies":"Automaton","floor":33.0,"turns":8.0},{"damage":0.0,"enemies":"3 Darklings","floor":35.0,"turns":5.0},{"damage":5.0,"enemies":"2 Orb Walkers","floor":37.0,"turns":3.0},{"damage":0.0,"enemies":"3 Shapes","floor":38.0,"turns":3.0},{"damage":0.0,"enemies":"3 Darklings","floor":39.0,"turns":5.0},{"damage":2.0,"enemies":"Transient","floor":41.0,"turns":5.0},{"damage":0.0,"enemies":"4 Shapes","floor":46.0,"turns":4.0},{"damage":0,"enemies":"Time Eater","floor":50,"turns":8}],"seed_played":"2237761102796520353","potions_obtained":[{"floor":1.0,"key":"Strength Potion"},{"floor":3.0,"key":"GhostInAJar"},{"floor":13.0,"key":"Weak Potion"},{"floor":14.0,"key":"Ancient Potion"},{"floor":16.0,"key":"PowerPotion"},{"floor":18.0,"key":"SpeedPotion"},{"floor":21.0,"key":"Block Potion"},{"floor":27.0,"key":"SkillPotion"},{"floor":31.0,"key":"SkillPotion"},{"floor":38.0,"key":"GhostInAJar"},{"floor":41.0,"key":"Strength Potion"}],"is_trial":false,"path_per_floor":["M","?","M","M","M","R","$","M","T","R","M","R","M","E","R","B",null,"M","?","?","M","M","R","M","$","T","M","M","M","R","M","R","B",null,"M","$","?","M","M","R","M","R","T","R","?","M","$","?","R","B"],"character_chosen":"THE_SILENT","items_purchased":["Noxious Fumes","Potion Belt","Corpse Explosion","GhostInAJar"],"campfire_rested":0,"item_purchase_floors":[7,7,36,47],"current_hp_per_floor":[57,46,46,46,32,32,32,29,29,29,20,20,13,7,7,6,63,61,61,61,59,57,57,56,56,56,55,52,51,51,51,51,51,63,63,63,58,58,58,58,56,56,56,56,56,56,56,56,56,56],"gold":174,"neow_bonus":"REMOVE_TWO","is_prod":false,"is_daily":false,"chose_seed":false,"campfire_upgraded":11,"win_rate":0,"timestamp":1541038592,"path_taken":["M","?","M","M","M","R","$","?","T","R","M","R","M","E","R","BOSS","M","?","?","?","M","R","M","$","T","M","M","M","R","?","R","BOSS","M","$","?","?","M","R","M","R","T","R","?","M","$","?","R","BOSS"],"build_version":"2018-10-25v2","purchased_purges":3,"victory":true,"max_hp_per_floor":[63,63,63,63,63,63,63,63,63,63,63,63,63,63,63,63,63,63,63,63,63,63,63,63,63,63,63,63,63,63,63,63,63,63,63,63,63,63,63,63,63,63,63,63,63,63,63,60,60,60],"card_choices":[{"not_picked":["Finisher","Dagger Spray","Prepared"],"picked":"SKIP","floor":1.0},{"not_picked":["Distraction","Escape Plan"],"picked":"Footwork","floor":3.0},{"not_picked":["Bane","Flying Knee","Dodge and Roll"],"picked":"SKIP","floor":4.0},{"not_picked":["Distraction","Masterful Stab"],"picked":"Dash","floor":5.0},{"not_picked":["Poisoned Stab","Heel Hook"],"picked":"Leg Sweep","floor":8.0},{"not_picked":["Concentrate","Blur"],"picked":"Noxious Fumes","floor":11.0},{"not_picked":["Blade Dance","Outmaneuver"],"picked":"Catalyst","floor":13.0},{"not_picked":["PiercingWail","Deflect"],"picked":"Backflip","floor":14.0},{"not_picked":["Choke+1","Noxious Fumes"],"picked":"Concentrate","floor":18.0},{"not_picked":["Riddle With Holes","Skewer"],"picked":"PiercingWail","floor":21.0},{"not_picked":["Dagger Spray","Acrobatics"],"picked":"Bane+1","floor":22.0},{"not_picked":["Flying Knee+1","Quick Slash+1","Flechettes"],"picked":"SKIP","floor":24.0},{"not_picked":["Sucker Punch","Crippling Poison"],"picked":"PiercingWail","floor":27.0},{"not_picked":["Dodge and Roll","Dagger Spray","Endless Agony"],"picked":"SKIP","floor":28.0},{"not_picked":["Backstab+1","Endless Agony+1"],"picked":"Die Die Die","floor":29.0},{"not_picked":["Dagger Throw","Terror","Heel Hook"],"picked":"SKIP","floor":31.0},{"not_picked":["Glass Knife","Tools of the Trade"],"picked":"Adrenaline","floor":33.0},{"not_picked":["Calculated Gamble+1","Deadly Poison"],"picked":"Prepared+1","floor":35.0},{"not_picked":["All Out Attack+1","PiercingWail"],"picked":"Noxious Fumes","floor":37.0},{"not_picked":["Poisoned Stab+1","Escape Plan","Cloak And Dagger+1"],"picked":"SKIP","floor":38.0},{"not_picked":["Slice","Quick Slash+1","Sucker Punch+1"],"picked":"SKIP","floor":39.0},{"not_picked":["Sucker Punch+1","Blade Dance","Well Laid Plans+1"],"picked":"SKIP","floor":41.0},{"not_picked":["Blur","Quick Slash"],"picked":"Leg Sweep","floor":46.0}],"player_experience":798601,"relics_obtained":[{"floor":9.0,"key":"Blue Candle"},{"floor":14.0,"key":"Ice Cream"},{"floor":26.0,"key":"Ancient Tea Set"},{"floor":37.0,"key":"Turnip"},{"floor":43.0,"key":"Ninja Scroll"}],"event_choices":[{"damage_healed":0.0,"max_hp_gain":0.0,"max_hp_loss":0.0,"gold_gain":75.0,"event_name":"World of Goop","player_choice":"Gather Gold","floor":2.0,"gold_loss":0.0,"damage_taken":11.0},{"damage_healed":0.0,"max_hp_gain":0.0,"max_hp_loss":0.0,"gold_gain":0.0,"event_name":"Vampires","player_choice":"Ignored","floor":19.0,"gold_loss":0.0,"damage_taken":0.0},{"damage_healed":0.0,"max_hp_gain":0.0,"max_hp_loss":0.0,"gold_gain":0.0,"event_name":"The Library","player_choice":"Read","floor":20.0,"gold_loss":0.0,"damage_taken":0.0,"cards_obtained":["Leg Sweep"]},{"damage_healed":0.0,"max_hp_gain":0.0,"max_hp_loss":0.0,"gold_gain":0.0,"event_name":"Mysterious Sphere","player_choice":"Fight","floor":37.0,"gold_loss":0.0,"damage_taken":0.0},{"damage_healed":0.0,"max_hp_gain":0.0,"max_hp_loss":0.0,"gold_gain":0.0,"event_name":"MindBloom","player_choice":"Upgrade","floor":45.0,"gold_loss":0.0,"damage_taken":0.0,"cards_upgraded":["Defend_G","Defend_G","Defend_G","Strike_G","Strike_G","Strike_G","Survivor","Dash","Backflip","Concentrate","PiercingWail","PiercingWail","Die Die Die"],"relics_obtained":["Mark of the Bloom"]},{"damage_healed":0.0,"max_hp_gain":0.0,"max_hp_loss":3.0,"gold_gain":0.0,"event_name":"Winding Halls","player_choice":"Max HP","floor":48.0,"gold_loss":0.0,"damage_taken":0.0}],"is_beta":false,"boss_relics":[{"not_picked":["Busted Crown","Snecko Eye"],"picked":"Runic Pyramid"},{"not_picked":["Ring of the Serpent","WristBlade"],"picked":"Lizard Tail"}],"items_purged_floors":[25,36,47],"is_endless":false,"potions_floor_spawned":[1,3,13,14,16,18,21,27,31,35,38,41],"ascension_level":0}