{"gold_per_floor":[13,26,38,38,51,51,109,109,109,120,120,120,135,165,165,239,239,254,269,119,119,41,41,70,82,105,105,121,121,136,136],"floor_reached":31,"playtime":1242,"items_purged":["Strike_B"],"score":634,"play_id":"92fa5467-5507-4af9-9f4d-0e5591c5b47e","local_time":"20190314220734","is_ascension_mode":true,"campfire_choices":[{"data":"Rip and Tear","floor":6.0,"key":"SMITH"},{"data":"Zap","floor":8.0,"key":"SMITH"},{"data":"Dualcast","floor":12.0,"key":"SMITH"},{"data":"Loop","floor":15.0,"key":"SMITH"},{"data":"Recycle","floor":23.0,"key":"SMITH"},{"data":"Hologram","floor":27,"key":"SMITH"},{"floor":29,"key":"REST"}],"neow_cost":"NO_GOLD","seed_source_timestamp":50010922920313,"circlet_count":0,"master_deck":["AscendersBane","Strike_B","Strike_B","Defend_B","Defend_B","Defend_B","Defend_B","Zap+1","Dualcast+1","Electrodynamics","Capacitor","White Noise","Rip and Tear+1","Conserve Battery","Recycle+1","Reboot","Turbo","Loop+1","Buffer+1","Go for the Eyes+1","Hologram+1","Undo","Reboot","White Noise","Glacier","Turbo+1"],"special_seed":0,"relics":["Cracked Core","Tiny Chest","Anchor","Frozen Egg 2","Sozu","PreservedInsect","Art of War"],"potions_floor_usage":[31],"damage_taken":[{"damage":0.0,"enemies":"Cultist","floor":1.0,"turns":3.0},{"damage":2.0,"enemies":"Jaw Worm","floor":2.0,"turns":3.0},{"damage":7.0,"enemies":"Small Slimes","floor":3.0,"turns":5.0},{"damage":7.0,"enemies":"Looter","floor":5.0,"turns":3.0},{"damage":15.0,"enemies":"3 Sentries","floor":7.0,"turns":4.0},{"damage":3.0,"enemies":"Blue Slaver","floor":10.0,"turns":3.0},{"damage":0.0,"enemies":"3 Louse","floor":13.0,"turns":3.0},{"damage":11.0,"enemies":"Gremlin Nob","floor":14.0,"turns":3.0},{"damage":0.0,"enemies":"Slime Boss","floor":16.0,"turns":6.0},{"damage":7.0,"enemies":"Chosen","floor":18.0,"turns":5.0},{"damage":11.0,"enemies":"3 Byrds","floor":19.0,"turns":4.0},{"damage":23,"enemies":"Book of Stabbing","floor":24,"turns":7},{"damage":0,"enemies":"Centurion and Healer","floor":25,"turns":5},{"damage":16,"enemies":"Shelled Parasite and Fungi","floor":28,"turns":7},{"damage":17,"enemies":"Snake Plant","floor":30,"turns":5},{"damage":12,"enemies":"Cultist and Chosen","floor":31,"turns":3}],"seed_played":"-4345080708519298149","potions_obtained":[{"floor":1.0,"key":"FearPotion"},{"floor":2.0,"key":"Ancient Potion"},{"floor":13.0,"key":"FocusPotion"},{"floor":16.0,"key":"AttackPotion"}],"is_trial":false,"path_per_floor":["M","M","M","?","M","R","E","R","T","M","?","R","M","E","R","B",null,"M","M","$","?","$","R","E","M","T","R","M","R","M","M"],"character_chosen":"DEFECT","items_purchased":["Undo","Glacier"],"campfire_rested":1,"item_purchase_floors":[20,22],"current_hp_per_floor":[64,62,55,55,48,48,33,33,33,30,30,30,30,19,19,19,58,51,40,40,40,40,40,17,17,17,17,1,22,5,0],"gold":136,"neow_bonus":"THREE_RARE_CARDS","is_prod":false,"is_daily":false,"chose_seed":false,"campfire_upgraded":6,"win_rate":0,"timestamp":1552572454,"path_taken":["M","M","M","?","M","R","E","R","T","M","?","R","M","E","R","BOSS","M","M","$","?","$","R","E","M","T","R","M","R","M","?"],"build_version":"2019-01-23","purchased_purges":1,"victory":false,"max_hp_per_floor":[71,71,71,71,71,71,71,71,71,71,71,71,71,71,71,71,71,71,71,71,71,71,71,71,71,71,71,71,71,71,71],"card_choices":[{"not_picked":["Multi-Cast","Hyperbeam"],"picked":"Electrodynamics","floor":0.0},{"not_picked":["Chill","Sweeping Beam"],"picked":"Capacitor","floor":1.0},{"not_picked":["Redo","FTL"],"picked":"White Noise","floor":2.0},{"not_picked":["Gash","Rip and Tear","Capacitor"],"picked":"SKIP","floor":3.0},{"not_picked":["Gash","Capacitor"],"picked":"Rip and Tear","floor":3.0},{"not_picked":["Reprogram","Sweeping Beam"],"picked":"Conserve Battery","floor":5.0},{"not_picked":["Go for the Eyes","Turbo"],"picked":"Recycle","floor":7.0},{"not_picked":["Melter","Streamline"],"picked":"Reboot","floor":10.0},{"not_picked":["Coolheaded","Force Field"],"picked":"Loop","floor":13.0},{"not_picked":["Barrage","Conserve Battery","Leap"],"picked":"SKIP","floor":14.0},{"not_picked":["Seek","Thunder Strike"],"picked":"Buffer+1","floor":16.0},{"not_picked":["Hello World+1","Aggregate"],"picked":"Go for the Eyes+1","floor":18.0},{"not_picked":["Stack","Steam"],"picked":"Hologram","floor":19.0},{"not_picked":["Fusion+1","Cold Snap+1"],"picked":"Turbo+1","floor":24},{"not_picked":["Hello World+1","Compile Driver","Static Discharge+1"],"picked":"SKIP","floor":25},{"not_picked":["BootSequence","Streamline","Barrage"],"picked":"SKIP","floor":28},{"not_picked":["Rebound+1","Steam Power+1","Hologram"],"picked":"SKIP","floor":30}],"player_experience":3598687,"relics_obtained":[{"floor":7.0,"key":"Tiny Chest"},{"floor":9.0,"key":"Anchor"},{"floor":14.0,"key":"Frozen Egg 2"},{"floor":24,"key":"PreservedInsect"},{"floor":26,"key":"Art of War"}],"event_choices":[{"damage_healed":0.0,"max_hp_gain":0.0,"max_hp_loss":0.0,"gold_gain":0.0,"event_name":"The Cleric","player_choice":"Leave","floor":4.0,"gold_loss":0.0,"damage_taken":0.0},{"damage_healed":0.0,"max_hp_gain":0.0,"max_hp_loss":0.0,"gold_gain":0.0,"cards_transformed":["Strike_B"],"event_name":"Living Wall","player_choice":"Change","floor":11.0,"gold_loss":0.0,"damage_taken":0.0,"cards_obtained":["Turbo"]},{"damage_healed":0.0,"max_hp_gain":0.0,"max_hp_loss":0.0,"gold_gain":0.0,"event_name":"Match and Keep!","player_choice":"2 cards matched","floor":21.0,"gold_loss":0.0,"damage_taken":0.0,"cards_obtained":["Reboot","White Noise"]}],"is_beta":false,"boss_relics":[{"not_picked":["Inserter","Black Star"],"picked":"Sozu"}],"items_purged_floors":[20],"is_endless":false,"potions_floor_spawned":[1,2,13,16,18,19,24,30],"killed_by":"Cultist and Chosen","ascension_level":20}