{"gold_per_floor":[109,33,46,57,75,75,103,114,189,189,206,131,131,31,31,136,136,148,23,23,35,35,35,47,47,47,47,47,62,62,62,62,162,162,180,180,30,42,42,67,79,91,128,156,168,180,115,131,131,131],"floor_reached":51,"playtime":1775,"items_purged":["Strike_G","Defend_G","Strike_G","Writhe"],"score":798,"play_id":"a54776ae-4236-463f-8848-260e4f185a15","local_time":"20181124095051","is_ascension_mode":false,"campfire_choices":[{"data":"Bouncing Flask","floor":6,"key":"SMITH"},{"data":"Neutralize","floor":10,"key":"SMITH"},{"data":"Catalyst","floor":15,"key":"SMITH"},{"data":"Malaise","floor":23,"key":"SMITH"},{"data":"Ghostly","floor":25,"key":"SMITH"},{"data":"Ghostly","floor":27,"key":"SMITH"},{"data":"Ghostly","floor":30,"key":"SMITH"},{"data":"Ghostly","floor":32,"key":"SMITH"},{"data":"Wraith Form v2","floor":41,"key":"SMITH"},{"data":"1","floor":42,"key":"LIFT"},{"data":"2","floor":46,"key":"LIFT"},{"data":"3","floor":49,"key":"LIFT"}],"neow_cost":"NONE","seed_source_timestamp":257367819884,"circlet_count":0,"master_deck":["Defend_G+1","Defend_G+1","Defend_G+1","Defend_G+1","Strike_G+1","Strike_G+1","Survivor+1","Neutralize+1","Calculated Gamble+1","Bouncing Flask+1","Leg Sweep+1","Adrenaline+1","Catalyst+1","Malaise+1","Ghostly+1","Ghostly+1","Ghostly+1","Ghostly+1","Ghostly+1","Well Laid Plans+1","Backflip+1","Malaise+1","Backflip+1","Wraith Form v2+1","Wraith Form v2+1","Catalyst+1"],"relics":["Ring of the Snake","Centennial Puzzle","Gremlin Horn","Girya","Sozu","Toxic Egg 2","WingedGreaves","Coffee Dripper","Mark of the Bloom","MawBank"],"potions_floor_usage":[],"damage_taken":[{"damage":0,"enemies":"Cultist","floor":1,"turns":6},{"damage":2,"enemies":"Jaw Worm","floor":3,"turns":5},{"damage":0,"enemies":"2 Louse","floor":4,"turns":2},{"damage":0,"enemies":"2 Fungi Beasts","floor":5,"turns":7},{"damage":28,"enemies":"3 Sentries","floor":7,"turns":13},{"damage":7,"enemies":"3 Louse","floor":8,"turns":3},{"damage":4,"enemies":"Blue Slaver","floor":11,"turns":2},{"damage":12,"enemies":"Hexaghost","floor":16,"turns":6},{"damage":0,"enemies":"Shell Parasite","floor":18,"turns":4},{"damage":0,"enemies":"Chosen","floor":21,"turns":4},{"damage":0,"enemies":"Centurion and Healer","floor":24,"turns":8},{"damage":0,"enemies":"Snake Plant","floor":29,"turns":3},{"damage":0,"enemies":"Automaton","floor":33,"turns":14},{"damage":0,"enemies":"3 Shapes","floor":35,"turns":6},{"damage":4,"enemies":"3 Darklings","floor":38,"turns":6},{"damage":0,"enemies":"Giant Head","floor":40,"turns":9},{"damage":0,"enemies":"Spire Growth","floor":44,"turns":5},{"damage":1,"enemies":"Sphere and 2 Shapes","floor":48,"turns":5},{"damage":3,"enemies":"Awakened One","floor":50,"turns":18}],"seed_played":"-6266816926905121478","potions_obtained":[{"floor":3,"key":"GhostInAJar"},{"floor":7,"key":"Weak Potion"},{"floor":16,"key":"EntropicBrew"}],"is_trial":false,"path_per_floor":["M","$","M","M","M","R","E","M","T","R","M","$","T","$","R","B",null,"M","$","?","M","?","R","M","R","T","R","?","M","R","$","R","B",null,"M","?","$","M","?","E","R","R","T","M","?","R","$","M","R","B",null],"character_chosen":"THE_SILENT","items_purchased":["Bouncing Flask","Catalyst+1"],"campfire_rested":0,"item_purchase_floors":[2,47],"current_hp_per_floor":[70,70,68,68,68,68,40,33,33,33,29,29,29,29,29,17,70,70,70,35,35,35,35,35,35,35,35,35,35,35,35,35,35,35,35,35,35,31,31,31,31,31,31,31,31,31,31,30,30,27],"gold":131,"neow_bonus":"REMOVE_CARD","is_prod":false,"is_daily":false,"chose_seed":false,"campfire_upgraded":9,"win_rate":0,"timestamp":1543024251,"path_taken":["M","$","M","M","M","R","E","M","T","R","M","$","?","?","R","BOSS","M","$","?","M","?","R","M","R","T","R","?","M","R","$","R","BOSS","M","?","$","M","?","E","R","R","T","?","?","R","?","M","R","BOSS"],"build_version":"2018-11-15","purchased_purges":4,"victory":true,"max_hp_per_floor":[70,70,70,70,70,70,70,70,70,70,70,70,70,70,70,70,70,70,70,35,35,35,35,35,35,35,35,35,35,35,35,35,35,35,35,35,35,35,35,35,35,35,35,35,35,35,35,35,35,35],"card_choices":[{"not_picked":["PiercingWail","Prepared"],"picked":"Calculated Gamble","floor":1},{"not_picked":["Caltrops","Flying Knee","Bane"],"picked":"SKIP","floor":3},{"not_picked":["Quick Slash","Flying Knee","Prepared"],"picked":"SKIP","floor":4},{"not_picked":["Sucker Punch","Blur"],"picked":"Leg Sweep","floor":5},{"not_picked":["Poisoned Stab","Acrobatics","Blur"],"picked":"SKIP","floor":7},{"not_picked":["Eviscerate","Poisoned Stab"],"picked":"Adrenaline","floor":8},{"not_picked":["Deflect","Flying Knee"],"picked":"Catalyst","floor":11},{"not_picked":["Venomology","Wraith Form v2"],"picked":"Malaise","floor":16},{"not_picked":["Outmaneuver+1","Flying Knee","Distraction"],"picked":"SKIP","floor":18},{"not_picked":["Terror","Expertise+1","Acrobatics+1"],"picked":"SKIP","floor":21},{"not_picked":["Concentrate","Dagger Throw+1"],"picked":"Well Laid Plans+1","floor":24},{"not_picked":["Cloak And Dagger+1","Dash"],"picked":"Backflip+1","floor":29},{"not_picked":["Glass Knife","Die Die Die"],"picked":"Malaise+1","floor":33},{"not_picked":["Dagger Spray","Underhanded Strike+1","Accuracy+1"],"picked":"SKIP","floor":35},{"not_picked":["Acrobatics+1","Heel Hook+1"],"picked":"Backflip+1","floor":38},{"not_picked":["Acrobatics+1","Riddle With Holes"],"picked":"Wraith Form v2","floor":40},{"not_picked":["Underhanded Strike+1","Flying Knee+1","Skewer+1"],"picked":"SKIP","floor":44},{"not_picked":["Slice","Sucker Punch","Poisoned Stab+1"],"picked":"SKIP","floor":48}],"player_experience":1130158,"relics_obtained":[{"floor":7,"key":"Centennial Puzzle"},{"floor":9,"key":"Gremlin Horn"},{"floor":13,"key":"Girya"},{"floor":26,"key":"Toxic Egg 2"},{"floor":40,"key":"MawBank"}],"event_choices":[{"damage_healed":0,"gold_gain":0,"player_choice":"Became a Ghost","damage_taken":0,"max_hp_gain":0,"max_hp_loss":35,"event_name":"Ghosts","floor":20,"gold_loss":0,"cards_obtained":["Ghostly","Ghostly","Ghostly","Ghostly","Ghostly"]},{"damage_healed":0,"gold_gain":0,"player_choice":"Opened","damage_taken":0,"relics_obtained":["WingedGreaves"],"max_hp_gain":0,"max_hp_loss":0,"event_name":"The Mausoleum","floor":28,"gold_loss":0,"cards_obtained":["Writhe"]},{"damage_healed":0,"gold_gain":0,"player_choice":"Ignored","damage_taken":0,"max_hp_gain":0,"max_hp_loss":0,"event_name":"Tomb of Lord Red Mask","floor":36,"gold_loss":0},{"damage_healed":0,"gold_gain":0,"player_choice":"Upgrade","damage_taken":0,"relics_obtained":["Mark of the Bloom"],"max_hp_gain":0,"max_hp_loss":0,"event_name":"MindBloom","floor":39,"gold_loss":0,"cards_upgraded":["Defend_G","Defend_G","Defend_G","Defend_G","Strike_G","Strike_G","Survivor","Calculated Gamble","Leg Sweep","Adrenaline","Ghostly"]},{"damage_healed":0,"gold_gain":0,"player_choice":"Copied","damage_taken":0,"max_hp_gain":0,"max_hp_loss":0,"event_name":"Duplicator","floor":45,"gold_loss":0,"cards_obtained":["Wraith Form v2"]}],"is_beta":false,"boss_relics":[{"not_picked":["Eternal Feather","Lizard Tail"],"picked":"Sozu"},{"not_picked":["Orrery","HoveringKite"],"picked":"Coffee Dripper"}],"items_purged_floors":[12,14,19,37],"is_endless":false,"potions_floor_spawned":[3,7,16,21,24,38,40,48],"ascension_level":0}