{"gold_per_floor":[111,122,142,142,159,159,159,159,206,219,219,219,219,252,252,345,345,363,363,386,215,234,234,234,234,234,234,254,277,277,293,293,382,382,401,401,425,425,758,758,793,396,396,396,425,237,250,250,250,250],"floor_reached":51,"playtime":2098,"items_purged":["Strike_B","Defend_B","Defend_B"],"score":1480,"play_id":"a8ae98eb-5281-4338-af32-a7e57aadd584","local_time":"20190322221356","is_ascension_mode":true,"campfire_choices":[{"data":"Coolheaded","floor":11.0,"key":"SMITH"},{"floor":13.0,"key":"REST"},{"data":"Dualcast","floor":15.0,"key":"SMITH"},{"data":"Recycle","floor":23.0,"key":"SMITH"},{"floor":25.0,"key":"REST"},{"data":"Turbo","floor":30.0,"key":"SMITH"},{"data":"Impatience","floor":32.0,"key":"SMITH"},{"data":"Skim","floor":40.0,"key":"SMITH"},{"data":"Heatsinks","floor":44.0,"key":"SMITH"},{"data":"Seek","floor":49,"key":"SMITH"}],"neow_cost":"PERCENT_DAMAGE","seed_source_timestamp":0,"circlet_count":0,"master_deck":["AscendersBane","Defend_B","Zap+1","Dualcast+1","Conserve Battery","Ball Lightning","Hologram","Defragment+1","Coolheaded+1","Echo Form","Recycle+1","BootSequence","Impatience+1","Turbo+1","Seek+1","Skim+1","Meteor Strike","Coolheaded+1","Secret Technique","Heatsinks+1","Amplify"],"special_seed":0,"relics":["Cracked Core","WingedGreaves","DataDisk","Pen Nib","Darkstone Periapt","Runic Pyramid","Pear","Empty Cage","Membership Card","Bottled Tornado","Vajra","Bottled Lightning"],"potions_floor_usage":[],"damage_taken":[{"damage":12.0,"enemies":"Jaw Worm","floor":1.0,"turns":3.0},{"damage":0.0,"enemies":"Cultist","floor":2.0,"turns":3.0},{"damage":0.0,"enemies":"Small Slimes","floor":3.0,"turns":3.0},{"damage":19.0,"enemies":"Exordium Wildlife","floor":5.0,"turns":6.0},{"damage":0.0,"enemies":"Looter","floor":10.0,"turns":3.0},{"damage":18.0,"enemies":"Gremlin Nob","floor":14.0,"turns":3.0},{"damage":0.0,"enemies":"Hexaghost","floor":16.0,"turns":9.0},{"damage":19.0,"enemies":"2 Thieves","floor":18.0,"turns":4.0},{"damage":8.0,"enemies":"Shell Parasite","floor":20.0,"turns":6.0},{"damage":1.0,"enemies":"Snecko","floor":22.0,"turns":5.0},{"damage":18.0,"enemies":"Colosseum Slavers","floor":24.0,"turns":4.0},{"damage":0.0,"enemies":"3 Cultists","floor":28.0,"turns":4.0},{"damage":15.0,"enemies":"Snake Plant","floor":29.0,"turns":4.0},{"damage":0.0,"enemies":"Chosen and Byrds","floor":31.0,"turns":6.0},{"damage":23.0,"enemies":"Champ","floor":33.0,"turns":4.0},{"damage":0.0,"enemies":"3 Darklings","floor":35.0,"turns":3.0},{"damage":4.0,"enemies":"Orb Walker","floor":37.0,"turns":3.0},{"damage":0.0,"enemies":"Nemesis","floor":41.0,"turns":3.0},{"damage":4.0,"enemies":"Giant Head","floor":45.0,"turns":3.0},{"damage":19.0,"enemies":"Writhing Mass","floor":47.0,"turns":2.0},{"damage":0,"enemies":"Awakened One","floor":50,"turns":3}],"seed_played":"7303898071116160411","potions_obtained":[{"floor":1.0,"key":"SneckoOil"},{"floor":3.0,"key":"EssenceOfSteel"},{"floor":20.0,"key":"Swift Potion"},{"floor":27.0,"key":"Ancient Potion"},{"floor":28.0,"key":"Regen Potion"},{"floor":29.0,"key":"Swift Potion"}],"is_trial":false,"path_per_floor":["M","M","M","?","M","?","T","?","T","M","R","?","R","E","R","B",null,"M","?","M","$","M","R","?","R","T","?","M","M","R","M","R","B",null,"M","?","M","?","?","R","E","$","T","R","E","$","M","?","R","B",null],"character_chosen":"DEFECT","items_purchased":["Impatience","Membership Card","Secret Technique","Heatsinks","Bottled Lightning"],"campfire_rested":2,"item_purchase_floors":[21,42,42,42,46],"current_hp_per_floor":[34,34,34,34,15,38,38,38,38,38,38,19,38,20,20,20,53,34,34,26,26,25,25,7,26,36,36,36,30,30,30,30,7,57,57,57,53,53,53,53,53,53,53,53,49,49,30,30,30,30],"gold":250,"neow_bonus":"ONE_RARE_RELIC","is_prod":false,"is_daily":false,"chose_seed":true,"campfire_upgraded":8,"win_rate":0,"timestamp":1553264036,"path_taken":["M","M","M","?","?","?","?","?","T","M","R","?","R","E","R","BOSS","M","?","M","?","?","R","?","R","T","?","?","?","R","M","R","BOSS","M","?","?","?","?","R","E","?","T","R","E","$","?","?","R","BOSS"],"build_version":"2019-01-23","purchased_purges":3,"victory":true,"max_hp_per_floor":[71,71,71,71,71,71,71,64,64,64,64,64,64,64,64,64,64,64,64,64,64,64,64,64,64,74,74,74,74,74,74,74,74,74,74,74,74,74,74,74,74,74,74,74,74,74,74,74,74,74],"card_choices":[{"not_picked":["Reprogram","Steam"],"picked":"Conserve Battery","floor":1.0},{"not_picked":["Stack","Compile Driver"],"picked":"Ball Lightning","floor":2.0},{"not_picked":["Sweeping Beam","Leap"],"picked":"Hologram","floor":3.0},{"not_picked":["Barrage","Steam"],"picked":"Defragment","floor":5.0},{"not_picked":["Heatsinks","Doom and Gloom"],"picked":"Coolheaded","floor":10.0},{"not_picked":["Force Field","Auto Shields","Hologram"],"picked":"SKIP","floor":14.0},{"not_picked":["Force Field","Auto Shields","Hologram"],"picked":"SKIP","floor":14.0},{"not_picked":["Amplify","Multi-Cast"],"picked":"Echo Form","floor":16.0},{"not_picked":["Hologram","Hello World"],"picked":"Recycle","floor":18.0},{"not_picked":["Storm","Redo"],"picked":"BootSequence","floor":20.0},{"not_picked":["Streamline","Compile Driver","Ball Lightning"],"picked":"SKIP","floor":22.0},{"not_picked":["Stack+1","Cold Snap"],"picked":"Turbo","floor":28.0},{"not_picked":["Turbo+1","Barrage"],"picked":"Seek","floor":29.0},{"not_picked":["Stack","Cold Snap"],"picked":"Skim","floor":31.0},{"not_picked":["Fission","Core Surge"],"picked":"Meteor Strike","floor":33.0},{"not_picked":["Darkness+1","Redo","Barrage+1"],"picked":"SKIP","floor":35.0},{"not_picked":["Undo+1","Darkness","Stack"],"picked":"SKIP","floor":37.0},{"not_picked":["Turbo","Coolheaded","Rainbow"],"picked":"SKIP","floor":41.0},{"not_picked":["Turbo","Coolheaded","Rainbow"],"picked":"SKIP","floor":41.0},{"not_picked":["Compile Driver","Leap"],"picked":"Amplify","floor":45.0},{"not_picked":["Turbo+1","Coolheaded","Stack"],"picked":"SKIP","floor":47.0}],"player_experience":1240637,"relics_obtained":[{"floor":7.0,"key":"DataDisk"},{"floor":9.0,"key":"Pen Nib"},{"floor":14.0,"key":"Darkstone Periapt"},{"floor":26.0,"key":"Pear"},{"floor":43.0,"key":"Bottled Tornado"},{"floor":45.0,"key":"Vajra"}],"event_choices":[{"cards_removed":["Strike_B"],"damage_healed":0.0,"max_hp_gain":0.0,"max_hp_loss":0.0,"gold_gain":0.0,"event_name":"Purifier","player_choice":"Purged","floor":4.0,"gold_loss":0.0,"damage_taken":0.0},{"damage_healed":23.0,"max_hp_gain":0.0,"max_hp_loss":0.0,"gold_gain":0.0,"event_name":"Big Fish","player_choice":"Banana","floor":6.0,"gold_loss":0.0,"damage_taken":0.0},{"damage_healed":0.0,"max_hp_gain":0.0,"max_hp_loss":7.0,"gold_gain":0.0,"event_name":"Golden Idol","player_choice":"Lose Max HP","floor":8.0,"gold_loss":0.0,"damage_taken":0.0,"relics_obtained":["Golden Idol"]},{"damage_healed":0.0,"max_hp_gain":0.0,"max_hp_loss":0.0,"gold_gain":0.0,"event_name":"Shining Light","player_choice":"Entered Light","floor":12.0,"gold_loss":0.0,"damage_taken":19.0,"cards_upgraded":["Zap","Defragment"]},{"cards_removed":["Strike_B"],"damage_healed":0.0,"max_hp_gain":0.0,"max_hp_loss":0.0,"gold_gain":0.0,"event_name":"Bonfire Elementals","player_choice":"Offered Basic","floor":19.0,"gold_loss":0.0,"damage_taken":0.0},{"damage_healed":0.0,"max_hp_gain":0.0,"max_hp_loss":0.0,"gold_gain":0.0,"event_name":"Colosseum","player_choice":"Fight","floor":24.0,"gold_loss":0.0,"damage_taken":0.0},{"damage_healed":0.0,"max_hp_gain":0.0,"max_hp_loss":0.0,"gold_gain":0.0,"event_name":"Colosseum","player_choice":"Fled From Nobs","floor":24.0,"gold_loss":0.0,"damage_taken":0.0},{"damage_healed":0.0,"max_hp_gain":0.0,"max_hp_loss":0.0,"gold_gain":0.0,"event_name":"Lab","player_choice":"Got Potions","floor":27.0,"gold_loss":0.0,"damage_taken":0.0},{"damage_healed":0.0,"max_hp_gain":0.0,"max_hp_loss":0.0,"gold_gain":0.0,"event_name":"Duplicator","player_choice":"Copied","floor":36.0,"gold_loss":0.0,"damage_taken":0.0,"cards_obtained":["Coolheaded"]},{"damage_healed":0.0,"max_hp_gain":0.0,"max_hp_loss":0.0,"gold_gain":0.0,"event_name":"Tomb of Lord Red Mask","player_choice":"Ignored","floor":38.0,"gold_loss":0.0,"damage_taken":0.0},{"damage_healed":0.0,"max_hp_gain":0.0,"max_hp_loss":0.0,"gold_gain":333.0,"event_name":"The Moai Head","player_choice":"Gave Idol","floor":39.0,"relics_lost":["Golden Idol"],"gold_loss":0.0,"damage_taken":0.0},{"damage_healed":0,"gold_gain":0,"player_choice":"Ignored","damage_taken":0,"max_hp_gain":0,"max_hp_loss":0,"event_name":"Mysterious Sphere","floor":48,"gold_loss":0}],"is_beta":false,"boss_relics":[{"not_picked":["Cursed Key","Fusion Hammer"],"picked":"Runic Pyramid"},{"not_picked":["Philosopher\u0027s Stone","FrozenCore"],"picked":"Empty Cage"}],"items_purged_floors":[21,42,46],"is_endless":false,"potions_floor_spawned":[1,3,20,28,29,31,47],"ascension_level":15}