{"gold_per_floor":[112,131,111,123,48,48,78,78,78,105,105,125,125,50,50,50],"floor_reached":16,"playtime":230,"items_purged":["Strike_G"],"score":196,"play_id":"eb10a9c7-f1ba-4ede-9ef7-e745b6e8fb1e","local_time":"20190107163650","is_ascension_mode":true,"campfire_choices":[{"data":"Deadly Poison","floor":6,"key":"SMITH"},{"data":"Neutralize","floor":11,"key":"SMITH"},{"floor":13,"key":"REST"},{"data":"Burst","floor":15,"key":"SMITH"}],"neow_cost":"NONE","seed_source_timestamp":16682600308095,"circlet_count":0,"master_deck":["AscendersBane","Defend_G","Defend_G","Defend_G","Defend_G","Defend_G","Strike_G","Strike_G","Strike_G","Strike_G+1","Survivor+1","Neutralize+1","Deadly Poison+1","Burst+1"],"relics":["Ring of the Snake","NeowsBlessing","Oddly Smooth Stone","PreservedInsect","Singing Bowl"],"potions_floor_usage":[10,16],"damage_taken":[{"damage":0,"enemies":"2 Louse","floor":1,"turns":1},{"damage":0,"enemies":"Cultist","floor":2,"turns":1},{"damage":0,"enemies":"Small Slimes","floor":4,"turns":1},{"damage":14,"enemies":"3 Sentries","floor":10,"turns":6},{"damage":4,"enemies":"2 Fungi Beasts","floor":12,"turns":3},{"damage":25,"enemies":"Slime Boss","floor":16,"turns":7}],"seed_played":"-2961057229169808316","potions_obtained":[{"floor":2,"key":"GhostInAJar"},{"floor":3,"key":"Explosive Potion"}],"is_trial":false,"path_per_floor":["M","M","?","M","$","R","?","?","T","E","R","M","R","$","R","B"],"character_chosen":"THE_SILENT","items_purchased":["Burst"],"campfire_rested":1,"item_purchase_floors":[14],"current_hp_per_floor":[59,59,59,59,59,59,59,39,39,27,27,25,46,46,46,21],"gold":50,"neow_bonus":"THREE_ENEMY_KILL","is_prod":false,"is_daily":false,"chose_seed":false,"campfire_upgraded":3,"win_rate":0,"timestamp":1546850210,"path_taken":["M","M","?","?","?","R","?","?","T","E","R","M","R","?","R","BOSS"],"build_version":"2019-01-03v4","purchased_purges":1,"victory":false,"max_hp_per_floor":[66,66,66,66,66,66,66,66,66,68,68,70,70,70,70,70],"card_choices":[{"not_picked":["Acrobatics","Dodge and Roll"],"picked":"Deadly Poison","floor":1},{"not_picked":["Bane","Dagger Throw","PiercingWail"],"picked":"SKIP","floor":2},{"not_picked":["Flying Knee","Blade Dance","Deflect"],"picked":"SKIP","floor":4},{"not_picked":["Predator","Die Die Die","Calculated Gamble"],"picked":"Singing Bowl","floor":10},{"not_picked":["Outmaneuver","Deflect","Dagger Throw"],"picked":"Singing Bowl","floor":12}],"player_experience":1817930,"relics_obtained":[{"floor":9,"key":"PreservedInsect"},{"floor":10,"key":"Singing Bowl"}],"event_choices":[{"damage_healed":0,"gold_gain":0,"player_choice":"Bought 1 Potion","damage_taken":0,"max_hp_gain":0,"max_hp_loss":0,"event_name":"The Woman in Blue","floor":3,"gold_loss":0},{"damage_healed":0,"gold_gain":30,"player_choice":"Searched \u00272\u0027 times","damage_taken":0,"relics_obtained":["Oddly Smooth Stone"],"max_hp_gain":0,"max_hp_loss":0,"event_name":"Dead Adventurer","floor":7,"gold_loss":0},{"damage_healed":0,"gold_gain":0,"player_choice":"Entered Light","damage_taken":20,"max_hp_gain":0,"max_hp_loss":0,"event_name":"Shining Light","floor":8,"gold_loss":0,"cards_upgraded":["Survivor","Strike_G"]}],"is_beta":false,"boss_relics":[],"items_purged_floors":[5],"is_endless":false,"potions_floor_spawned":[2],"killed_by":"Slime Boss","ascension_level":20}