{"gold_per_floor":[16,16,26,45,45,45,62,62,62,81,94,94,94,108,108,229,229,243,158,158,49,49,49,64,102,125,153,165,202,229,254,266,397,409,445,679,691,728,1073,1085,301,320,320,101,119,119,119,129,129,129],"floor_reached":51,"playtime":10044,"items_purged":["Strike_G","Strike_G","Sucker Punch"],"score":689,"play_id":"8a11f6ac-ecfe-4276-b466-f16244da8678","local_time":"20190719215140","is_ascension_mode":false,"campfire_choices":[{"data":"Masterful Stab","floor":6,"key":"SMITH"},{"data":"Unload","floor":8,"key":"SMITH"},{"data":"Deadly Poison","floor":13,"key":"SMITH"},{"data":"Well Laid Plans","floor":15,"key":"SMITH"},{"data":"Noxious Fumes","floor":23,"key":"SMITH"},{"data":"Catalyst","floor":28,"key":"SMITH"},{"data":"A Thousand Cuts","floor":32,"key":"SMITH"},{"data":"Well Laid Plans","floor":40,"key":"SMITH"},{"data":"Impatience","floor":46,"key":"SMITH"},{"data":"Neutralize","floor":49,"key":"SMITH"}],"neow_cost":"NO_GOLD","seed_source_timestamp":4169858818703,"circlet_count":0,"master_deck":["Defend_G","Defend_G","Defend_G","Defend_G","Survivor","Neutralize+1","Unload+1","Masterful Stab+1","Deadly Poison+1","Well Laid Plans+1","A Thousand Cuts+1","Noxious Fumes+1","Catalyst+1","Well Laid Plans+1","Footwork","Infinite Blades","Corpse Explosion","Backflip+1","Footwork","Backflip","Impatience+1","BootSequence+1"],"relics":["Ring of the Snake","Torii","Bird Faced Urn","Empty Cage","Omamori","Blue Candle","Red Mask","MawBank","Runic Dome","Anchor","Bag of Preparation","PrismaticShard","Mummified Hand","Mercury Hourglass","Darkstone Periapt"],"potions_floor_usage":[30,50,50],"damage_taken":[{"damage":0,"enemies":"Jaw Worm","floor":1,"turns":3},{"damage":0,"enemies":"Cultist","floor":3,"turns":3},{"damage":0,"enemies":"Small Slimes","floor":4,"turns":2},{"damage":0,"enemies":"Exordium Thugs","floor":7,"turns":4},{"damage":1,"enemies":"Large Slime","floor":10,"turns":3},{"damage":0,"enemies":"Looter","floor":11,"turns":2},{"damage":0,"enemies":"Exordium Wildlife","floor":14,"turns":1},{"damage":16,"enemies":"The Guardian","floor":16,"turns":11},{"damage":2,"enemies":"Shell Parasite","floor":18,"turns":5},{"damage":2,"enemies":"Chosen","floor":24,"turns":3},{"damage":11,"enemies":"Masked Bandits","floor":25,"turns":5},{"damage":21,"enemies":"Sentry and Sphere","floor":27,"turns":4},{"damage":2,"enemies":"Snecko","floor":29,"turns":5},{"damage":13,"enemies":"Shelled Parasite and Fungi","floor":30,"turns":5},{"damage":7,"enemies":"Cultist and Chosen","floor":31,"turns":6},{"damage":46,"enemies":"Automaton","floor":33,"turns":11},{"damage":7,"enemies":"3 Darklings","floor":35,"turns":2},{"damage":0,"enemies":"Orb Walker","floor":42,"turns":2},{"damage":0,"enemies":"3 Darklings","floor":45,"turns":2},{"damage":0,"enemies":"Jaw Worm Horde","floor":48,"turns":2},{"damage":0,"enemies":"Donu and Deca","floor":50,"turns":6}],"seed_played":"-5449320876289046583","potions_obtained":[{"floor":1,"key":"GhostInAJar"},{"floor":7,"key":"Dexterity Potion"},{"floor":10,"key":"Fire Potion"},{"floor":24,"key":"GhostInAJar"},{"floor":30,"key":"FearPotion"},{"floor":35,"key":"GamblersBrew"}],"is_trial":false,"path_per_floor":["M","?","M","M","$","R","M","R","T","M","M","?","R","M","R","B",null,"M","?","?","$","?","R","M","?","T","M","R","M","M","M","R","B",null,"M","?","?","T","?","R","$","M","T","$","M","R","?","M","R","B",null],"character_chosen":"THE_SILENT","items_purchased":["Noxious Fumes","Bag of Preparation","Footwork","Backflip","PrismaticShard","Mummified Hand","Impatience"],"campfire_rested":0,"item_purchase_floors":[21,41,41,41,41,41,44],"current_hp_per_floor":[70,70,70,70,70,70,70,70,70,69,69,52,52,52,52,38,70,68,68,68,68,68,68,70,63,63,52,52,58,53,56,56,22,70,67,67,66,66,66,66,66,66,66,66,66,66,66,66,66,66],"gold":129,"neow_bonus":"TRANSFORM_TWO_CARDS","is_prod":false,"is_daily":false,"chose_seed":false,"campfire_upgraded":10,"win_rate":0,"timestamp":1563544300,"path_taken":["M","?","M","M","$","R","M","R","T","M","?","?","R","M","R","BOSS","M","?","?","$","?","R","M","?","T","M","R","M","?","M","R","BOSS","M","?","?","?","?","R","$","M","T","$","M","R","?","M","R","BOSS"],"build_version":"2019-07-17","purchased_purges":3,"victory":true,"max_hp_per_floor":[70,70,70,70,70,70,70,70,70,70,70,70,70,70,70,70,70,70,70,70,70,70,70,70,70,70,70,70,70,70,70,70,70,70,70,70,66,66,66,66,66,66,66,66,66,66,66,66,66,66],"card_choices":[{"not_picked":["Dash","Dodge and Roll","Cloak And Dagger"],"picked":"SKIP","floor":1},{"not_picked":["Dagger Throw","PiercingWail","Bane"],"picked":"SKIP","floor":3},{"not_picked":["Sucker Punch","Distraction"],"picked":"Masterful Stab","floor":4},{"not_picked":["PiercingWail","Bane"],"picked":"Backstab","floor":7},{"not_picked":["Deflect","Masterful Stab"],"picked":"Deadly Poison","floor":10},{"not_picked":["Bane","PiercingWail","Slice"],"picked":"SKIP","floor":11},{"not_picked":["Bouncing Flask","Sucker Punch"],"picked":"Well Laid Plans","floor":14},{"not_picked":["Storm of Steel","Bullet Time"],"picked":"A Thousand Cuts","floor":16},{"not_picked":["PiercingWail","Accuracy","Dagger Spray+1"],"picked":"SKIP","floor":18},{"not_picked":["Dagger Throw","Bane"],"picked":"Well Laid Plans","floor":24},{"not_picked":["Sucker Punch","Dagger Throw"],"picked":"Footwork","floor":25},{"not_picked":["Dash+1","All Out Attack+1","Sucker Punch"],"picked":"SKIP","floor":27},{"not_picked":["Cloak And Dagger","Flechettes","Deflect"],"picked":"SKIP","floor":29},{"not_picked":["Flying Knee","Poisoned Stab","Deflect"],"picked":"SKIP","floor":30},{"not_picked":["Dagger Spray+1","Infinite Blades","Bane"],"picked":"SKIP","floor":31},{"not_picked":["Dagger Spray+1","Bane"],"picked":"Infinite Blades","floor":31},{"not_picked":["Bullet Time","Unload"],"picked":"Corpse Explosion","floor":33},{"not_picked":["Heel Hook","Poisoned Stab+1"],"picked":"Backflip+1","floor":35},{"not_picked":["Shockwave","Darkness","Leg Sweep"],"picked":"SKIP","floor":42},{"not_picked":["Flex","Cleave"],"picked":"BootSequence+1","floor":45},{"not_picked":["Compile Driver+1","Outmaneuver","Chaos"],"picked":"SKIP","floor":48}],"player_experience":5797250,"relics_obtained":[{"floor":2,"key":"Torii"},{"floor":9,"key":"Bird Faced Urn"},{"floor":25,"key":"Red Mask"},{"floor":26,"key":"MawBank"},{"floor":38,"key":"Anchor"},{"floor":43,"key":"Mercury Hourglass"}],"event_choices":[{"damage_healed":0,"gold_gain":0,"player_choice":"Relic","damage_taken":0,"max_hp_gain":0,"max_hp_loss":0,"event_name":"Wheel of Change","floor":2,"gold_loss":0},{"damage_healed":0,"gold_gain":0,"player_choice":"Take Damage","damage_taken":17,"relics_obtained":["Golden Idol"],"max_hp_gain":0,"max_hp_loss":0,"event_name":"Golden Idol","floor":12,"gold_loss":0},{"damage_healed":0,"gold_gain":0,"player_choice":"Obtained Relic","damage_taken":0,"relics_obtained":["Omamori"],"max_hp_gain":0,"max_hp_loss":0,"event_name":"Addict","floor":19,"gold_loss":85},{"damage_healed":0,"gold_gain":0,"player_choice":"Opened","damage_taken":0,"relics_obtained":["Blue Candle"],"max_hp_gain":0,"max_hp_loss":0,"event_name":"The Mausoleum","floor":20,"gold_loss":0,"cards_obtained":["Writhe"]},{"damage_healed":0,"gold_gain":0,"player_choice":"Read","damage_taken":0,"max_hp_gain":0,"max_hp_loss":0,"event_name":"The Library","floor":22,"gold_loss":0,"cards_obtained":["Catalyst"]},{"damage_healed":0,"gold_gain":0,"player_choice":"Fought Bandits","damage_taken":0,"max_hp_gain":0,"max_hp_loss":0,"event_name":"Masked Bandits","floor":25,"gold_loss":0},{"damage_healed":0,"gold_gain":222,"player_choice":"Wore Mask","damage_taken":0,"max_hp_gain":0,"max_hp_loss":0,"event_name":"Tomb of Lord Red Mask","floor":36,"gold_loss":0},{"damage_healed":0,"gold_gain":0,"player_choice":"Max HP","damage_taken":0,"max_hp_gain":0,"max_hp_loss":4,"event_name":"Winding Halls","floor":37,"gold_loss":0},{"damage_healed":0,"gold_gain":333,"player_choice":"Gave Idol","damage_taken":0,"max_hp_gain":0,"max_hp_loss":0,"event_name":"The Moai Head","floor":39,"relics_lost":["Golden Idol"],"gold_loss":0},{"cards_removed":["Backstab"],"damage_healed":0,"gold_gain":0,"player_choice":"Gave Card","damage_taken":0,"relics_obtained":["Darkstone Periapt"],"max_hp_gain":0,"max_hp_loss":0,"event_name":"WeMeetAgain","floor":47,"gold_loss":0}],"is_beta":false,"boss_relics":[{"not_picked":["Eternal Feather","HoveringKite"],"picked":"Empty Cage"},{"not_picked":["Black Star","Philosopher\u0027s Stone"],"picked":"Runic Dome"}],"items_purged_floors":[21,41,44],"is_endless":false,"potions_floor_spawned":[1,7,10,24,30,31,35],"ascension_level":0}