{"gold_per_floor":[111,161,178,178,21,54,54,71,71,71,84,109,109,123,123,197,197,217,231,231,11,11,39,39,89,89,124,39,80,92,130,142,228,240,268,280,303,41,51,51,51,71,71,71,85,85,65,80,80,80,80,80,80,30,30],"floor_reached":55,"playtime":2407,"items_purged":["Barrage","Gash"],"score":2427,"play_id":"65f1edfe-35d1-4260-af88-7c36dfec2d78","local_time":"20190324112228","is_ascension_mode":true,"campfire_choices":[{"data":"Zap","floor":7.0,"key":"SMITH"},{"data":"Dualcast","floor":10.0,"key":"SMITH"},{"data":"Turbo","floor":13.0,"key":"SMITH"},{"data":"Sunder","floor":15.0,"key":"SMITH"},{"data":"Chaos","floor":24.0,"key":"SMITH"},{"data":"Biased Cognition","floor":30.0,"key":"SMITH"},{"data":"Seek","floor":32.0,"key":"SMITH"},{"floor":40.0,"key":"REST"},{"floor":46.0,"key":"RECALL"},{"floor":49.0,"key":"REST"},{"floor":53.0,"key":"REST"}],"neow_cost":"NONE","seed_source_timestamp":645972511572,"circlet_count":0,"master_deck":["AscendersBane","Zap+1","Dualcast+1","Glacier","Turbo+1","FTL","Echo Form","Sunder+1","Biased Cognition+1","BootSequence","Multi-Cast","Seek+1","Chaos+1","White Noise","Ghostly","Ghostly","Ghostly","Undo","Creative AI","Discovery","Magnetism","Enlightenment","Ghostly","Chill","Self Repair+1","Defragment"],"special_seed":0,"relics":["Cracked Core","NeowsBlessing","Anchor","PreservedInsect","Vajra","Kunai","Bottled Lightning","Pandora\u0027s Box","Regal Pillow","Medical Kit","Omamori","Gremlin Horn","MawBank","Ice Cream","Smiling Mask","Fusion Hammer","DollysMirror","Dream Catcher"],"potions_floor_usage":[],"damage_taken":[{"damage":0.0,"enemies":"Small Slimes","floor":1.0,"turns":1.0},{"damage":0.0,"enemies":"Cultist","floor":3.0,"turns":1.0},{"damage":0.0,"enemies":"3 Sentries","floor":6.0,"turns":1.0},{"damage":0.0,"enemies":"2 Louse","floor":8.0,"turns":2.0},{"damage":24.0,"enemies":"Exordium Thugs","floor":11.0,"turns":7.0},{"damage":10.0,"enemies":"Lagavulin","floor":12.0,"turns":8.0},{"damage":0.0,"enemies":"2 Fungi Beasts","floor":14.0,"turns":4.0},{"damage":0.0,"enemies":"Hexaghost","floor":16.0,"turns":9.0},{"damage":6.0,"enemies":"2 Thieves","floor":18.0,"turns":3.0},{"damage":0.0,"enemies":"Chosen","floor":19.0,"turns":2.0},{"damage":16.0,"enemies":"Book of Stabbing","floor":23.0,"turns":4.0},{"damage":0.0,"enemies":"Gremlin Leader","floor":27.0,"turns":5.0},{"damage":0.0,"enemies":"Slavers","floor":29.0,"turns":4.0},{"damage":0.0,"enemies":"Book of Stabbing","floor":31.0,"turns":5.0},{"damage":1.0,"enemies":"Collector","floor":33.0,"turns":6.0},{"damage":0.0,"enemies":"Orb Walker","floor":35.0,"turns":4.0},{"damage":8.0,"enemies":"3 Shapes","floor":37.0,"turns":4.0},{"damage":0.0,"enemies":"Maw","floor":39.0,"turns":8.0},{"damage":0.0,"enemies":"Sphere and 2 Shapes","floor":42.0,"turns":4.0},{"damage":0.0,"enemies":"Writhing Mass","floor":45.0,"turns":7.0},{"damage":0.0,"enemies":"Transient","floor":48.0,"turns":6.0},{"damage":0.0,"enemies":"Donu and Deca","floor":50.0,"turns":10.0},{"damage":0.0,"enemies":"Awakened One","floor":51.0,"turns":8.0},{"damage":63,"enemies":"Shield and Spear","floor":55,"turns":3}],"seed_played":"4936727644414025129","potions_obtained":[{"floor":1.0,"key":"FocusPotion"},{"floor":8.0,"key":"GamblersBrew"},{"floor":11.0,"key":"Ancient Potion"},{"floor":12.0,"key":"FocusPotion"},{"floor":18.0,"key":"Weak Potion"},{"floor":23.0,"key":"Ancient Potion"},{"floor":33.0,"key":"Swift Potion"},{"floor":37.0,"key":"SkillPotion"},{"floor":48.0,"key":"LiquidBronze"}],"is_trial":false,"path_per_floor":["M","?","M","T","$","E","R","M","T","R","M","E","R","M","R","B",null,"M","M","?","$","?","E","R","?","T","E","?","E","R","E","R","B",null,"M","?","M","$","M","R","?","M","T","?","M","R","?","M","R","B","B",null,"R","$","E"],"character_chosen":"DEFECT","items_purchased":["PreservedInsect","Medical Kit","DollysMirror"],"campfire_rested":3,"item_purchase_floors":[5,21,38],"current_hp_per_floor":[64,57,57,57,57,57,57,57,57,57,33,23,23,23,23,23,59,53,53,53,53,35,19,19,19,19,19,19,19,19,19,19,18,31,31,21,13,13,13,35,35,35,35,35,35,35,35,35,35,35,35,35,35,35,0],"gold":30,"neow_bonus":"THREE_ENEMY_KILL","is_prod":false,"is_daily":false,"chose_seed":false,"campfire_upgraded":7,"win_rate":0,"timestamp":1553397748,"path_taken":["M","?","?","?","$","E","R","M","T","R","M","E","R","M","R","BOSS","M","M","?","?","?","E","R","?","T","E","?","E","R","E","R","BOSS","M","?","M","$","M","R","?","M","T","?","?","R","?","?","R","BOSS","BOSS","R","$","E"],"build_version":"2019-01-23","purchased_purges":2,"victory":false,"max_hp_per_floor":[71,71,71,71,71,71,71,71,71,71,71,71,71,71,71,71,71,71,71,71,71,35,35,35,35,35,35,35,35,35,35,35,35,35,35,35,35,35,35,35,35,35,35,35,35,35,35,35,35,35,35,35,35,35,35],"card_choices":[{"not_picked":["Heatsinks","Gash"],"picked":"Glacier","floor":1.0},{"not_picked":["Redo","Sweeping Beam"],"picked":"Turbo","floor":3.0},{"not_picked":["Sweeping Beam","Go for the Eyes","Rebound"],"picked":"SKIP","floor":6.0},{"not_picked":["Sweeping Beam","Leap","Scrape"],"picked":"SKIP","floor":8.0},{"not_picked":["Barrage","Self Repair"],"picked":"FTL","floor":11.0},{"not_picked":["Loop","Electrodynamics"],"picked":"Echo Form","floor":12.0},{"not_picked":["Conserve Battery","Barrage"],"picked":"Sunder","floor":14.0},{"not_picked":["Thunder Strike","Echo Form"],"picked":"Biased Cognition","floor":16.0},{"not_picked":["Consume","Scrape","Lockon"],"picked":"SKIP","floor":18.0},{"not_picked":["Stack+1","Go for the Eyes"],"picked":"White Noise","floor":19.0},{"not_picked":["Sunder","Barrage"],"picked":"Undo","floor":23.0},{"not_picked":["Fusion","Streamline","Gash"],"picked":"SKIP","floor":27.0},{"not_picked":["Streamline","Heatsinks","Leap+1"],"picked":"SKIP","floor":29.0},{"not_picked":["Conserve Battery","Cold Snap","Rainbow"],"picked":"SKIP","floor":31.0},{"not_picked":["Hyperbeam","All For One"],"picked":"Creative AI","floor":33.0},{"not_picked":["Stack+1","Reprogram","Conserve Battery"],"picked":"SKIP","floor":35.0},{"not_picked":["PanicButton","Deep Breath"],"picked":"Discovery","floor":36.0},{"not_picked":["Forethought","Secret Weapon"],"picked":"Magnetism","floor":36.0},{"not_picked":["Impatience","Violence"],"picked":"Enlightenment","floor":36.0},{"not_picked":["Melter","Go for the Eyes","Cold Snap"],"picked":"SKIP","floor":37.0},{"not_picked":["Streamline","Beam Cell","Steam+1"],"picked":"SKIP","floor":39.0},{"not_picked":["Ball Lightning","Steam","Lockon"],"picked":"SKIP","floor":42.0},{"not_picked":["Sweeping Beam","Compile Driver","Redo"],"picked":"SKIP","floor":45.0},{"not_picked":["Streamline","Beam Cell"],"picked":"Chill","floor":48.0},{"not_picked":["Consume","BootSequence"],"picked":"Self Repair+1","floor":49.0},{"not_picked":["Go for the Eyes","Chill"],"picked":"Defragment","floor":53.0}],"player_experience":3832017,"relics_obtained":[{"floor":4.0,"key":"Anchor"},{"floor":6.0,"key":"Vajra"},{"floor":9.0,"key":"Kunai"},{"floor":12.0,"key":"Bottled Lightning"},{"floor":23.0,"key":"Omamori"},{"floor":27.0,"key":"Gremlin Horn"},{"floor":29.0,"key":"Ice Cream"},{"floor":31.0,"key":"Smiling Mask"},{"floor":43.0,"key":"Dream Catcher"}],"event_choices":[{"damage_healed":0.0,"max_hp_gain":0.0,"max_hp_loss":0.0,"gold_gain":50.0,"event_name":"FaceTrader","player_choice":"Touch","floor":2.0,"gold_loss":0.0,"damage_taken":7.0},{"cards_removed":["Compile Driver"],"damage_healed":0.0,"max_hp_gain":0.0,"max_hp_loss":0.0,"gold_gain":0.0,"event_name":"WeMeetAgain","player_choice":"Gave Card","floor":20.0,"gold_loss":0.0,"damage_taken":0.0,"relics_obtained":["Regal Pillow"]},{"damage_healed":0.0,"max_hp_gain":0.0,"max_hp_loss":36.0,"gold_gain":0.0,"event_name":"Ghosts","player_choice":"Became a Ghost","floor":22.0,"gold_loss":0.0,"damage_taken":0.0,"cards_obtained":["Ghostly","Ghostly","Ghostly"]},{"damage_healed":0.0,"max_hp_gain":0.0,"max_hp_loss":0.0,"gold_gain":50.0,"event_name":"Nest","player_choice":"Stole From Cult","floor":25.0,"gold_loss":0.0,"damage_taken":0.0},{"damage_healed":0.0,"max_hp_gain":0.0,"max_hp_loss":0.0,"gold_gain":0.0,"event_name":"Addict","player_choice":"Obtained Relic","floor":28.0,"gold_loss":85.0,"damage_taken":0.0,"relics_obtained":["MawBank"]},{"damage_healed":0.0,"max_hp_gain":0.0,"max_hp_loss":0.0,"gold_gain":0.0,"event_name":"SensoryStone","player_choice":"Memory 3","floor":36.0,"gold_loss":0.0,"damage_taken":10.0},{"cards_removed":["Melter"],"damage_healed":0.0,"max_hp_gain":0.0,"max_hp_loss":0.0,"gold_gain":0.0,"event_name":"Falling","player_choice":"Removed Attack","floor":41.0,"gold_loss":0.0,"damage_taken":0.0},{"damage_healed":0.0,"max_hp_gain":0.0,"max_hp_loss":0.0,"gold_gain":0.0,"event_name":"SecretPortal","player_choice":"Ignored","floor":44.0,"gold_loss":0.0,"damage_taken":0.0},{"damage_healed":0.0,"max_hp_gain":0.0,"max_hp_loss":0.0,"gold_gain":0.0,"event_name":"The Woman in Blue","player_choice":"Bought 1 Potion","floor":47.0,"gold_loss":0.0,"damage_taken":0.0}],"is_beta":false,"boss_relics":[{"not_picked":["Inserter","Coffee Dripper"],"picked":"Pandora\u0027s Box"},{"not_picked":["Orrery","Snecko Eye"],"picked":"Fusion Hammer"}],"items_purged_floors":[38,54],"is_endless":false,"potions_floor_spawned":[1,8,11,12,14,18,23,33,37,48],"killed_by":"Shield and Spear","ascension_level":20}