{"gold_per_floor":[118,130,110,12,29,29,41,64,64,64,90,90,165,179,179,274,274,290,290,305,305,322,352,352,352,378,9,9],"floor_reached":28,"playtime":704,"items_purged":["Strike_G+1"],"score":236,"play_id":"d52742c3-a706-4827-beeb-4e0008114682","local_time":"20181119205658","is_ascension_mode":false,"campfire_choices":[{"data":"Deadly Poison","floor":6,"key":"SMITH"},{"data":"Well Laid Plans","floor":15,"key":"SMITH"}],"neow_cost":"NONE","seed_source_timestamp":7979896758133,"circlet_count":0,"master_deck":["Defend_G+1","Defend_G+1","Defend_G+1","Defend_G+1","Defend_G+1","Strike_G+1","Strike_G+1","Strike_G+1","Survivor","Neutralize","Backstab","Masterful Stab","Well Laid Plans+1","Deadly Poison+1","Acrobatics","Reflex","Footwork","Corpse Explosion","Catalyst","Deadly Poison"],"relics":["Runic Dome","Juzu Bracelet","Pocketwatch","Ancient Tea Set","Coffee Dripper","Frozen Egg 2","Pen Nib","The Specimen"],"potions_floor_usage":[16,23,28],"damage_taken":[{"damage":1,"enemies":"2 Louse","floor":1,"turns":3},{"damage":0,"enemies":"Cultist","floor":2,"turns":4},{"damage":1,"enemies":"Jaw Worm","floor":5,"turns":3},{"damage":3,"enemies":"Large Slime","floor":7,"turns":4},{"damage":3,"enemies":"3 Sentries","floor":11,"turns":9},{"damage":0,"enemies":"2 Fungi Beasts","floor":14,"turns":3},{"damage":7,"enemies":"Hexaghost","floor":16,"turns":10},{"damage":0,"enemies":"Spheric Guardian","floor":18,"turns":6},{"damage":4,"enemies":"Shell Parasite","floor":20,"turns":6},{"damage":16,"enemies":"Snecko","floor":22,"turns":5},{"damage":23,"enemies":"Slavers","floor":23,"turns":4},{"damage":17,"enemies":"Colosseum Slavers","floor":28,"turns":3},{"damage":12,"enemies":"Colosseum Nobs","floor":28,"turns":2}],"seed_played":"105467057751265505","potions_obtained":[{"floor":2,"key":"SneckoOil"},{"floor":3,"key":"Poison Potion"},{"floor":7,"key":"GhostInAJar"},{"floor":11,"key":"SteroidPotion"},{"floor":16,"key":"Fire Potion"},{"floor":23,"key":"Poison Potion"}],"is_trial":false,"path_per_floor":["M","M","?","$","M","R","M","T","T","?","E","?","?","M","R","B",null,"M","?","M","?","M","E","?","?","T","$","?"],"character_chosen":"THE_SILENT","items_purchased":["Well Laid Plans","Deadly Poison","The Specimen"],"campfire_rested":0,"item_purchase_floors":[4,4,27],"current_hp_per_floor":[69,69,69,69,68,68,65,65,65,51,48,48,37,37,37,30,70,70,70,66,66,50,27,27,27,27,27,0],"gold":9,"neow_bonus":"BOSS_RELIC","is_prod":false,"is_daily":false,"chose_seed":false,"campfire_upgraded":2,"win_rate":0,"timestamp":1542632218,"path_taken":["M","M","?","$","?","R","?","?","T","?","E","?","?","M","R","BOSS","M","?","M","?","M","E","?","?","T","$","?"],"build_version":"2018-11-15","purchased_purges":1,"victory":false,"max_hp_per_floor":[70,70,70,70,70,70,70,70,70,70,70,70,70,70,70,70,70,70,70,70,70,70,70,70,70,70,70,70],"card_choices":[{"not_picked":["Deflect","Flying Knee"],"picked":"Backstab","floor":1},{"not_picked":["Underhanded Strike","Terror"],"picked":"Masterful Stab","floor":2},{"not_picked":["Slice","Reflex"],"picked":"Acrobatics","floor":5},{"not_picked":["Terror","Skewer","Underhanded Strike"],"picked":"SKIP","floor":7},{"not_picked":["Cloak And Dagger","Well Laid Plans"],"picked":"Reflex","floor":11},{"not_picked":["Slice","Blade Dance"],"picked":"Footwork","floor":14},{"not_picked":["Storm of Steel","Burst"],"picked":"Corpse Explosion","floor":16},{"not_picked":["Cloak And Dagger","Deflect","Setup"],"picked":"SKIP","floor":18},{"not_picked":["Predator+1","Bane","Outmaneuver"],"picked":"SKIP","floor":20},{"not_picked":["Cloak And Dagger","Bouncing Flask+1"],"picked":"Catalyst","floor":22},{"not_picked":["Flying Knee","Finisher"],"picked":"Deadly Poison","floor":23}],"player_experience":1104555,"relics_obtained":[{"floor":8,"key":"Juzu Bracelet"},{"floor":9,"key":"Pocketwatch"},{"floor":11,"key":"Ancient Tea Set"},{"floor":23,"key":"Frozen Egg 2"},{"floor":26,"key":"Pen Nib"}],"event_choices":[{"damage_healed":0,"gold_gain":0,"player_choice":"Bought 1 Potion","damage_taken":0,"max_hp_gain":0,"max_hp_loss":0,"event_name":"The Woman in Blue","floor":3,"gold_loss":0},{"damage_healed":0,"gold_gain":0,"player_choice":"Entered Light","damage_taken":14,"max_hp_gain":0,"max_hp_loss":0,"event_name":"Shining Light","floor":10,"gold_loss":0,"cards_upgraded":["Defend_G","Defend_G"]},{"damage_healed":0,"gold_gain":0,"player_choice":"0 cards matched","damage_taken":0,"max_hp_gain":0,"max_hp_loss":0,"event_name":"Match and Keep!","floor":12,"gold_loss":0,"cards_obtained":[]},{"damage_healed":0,"gold_gain":75,"player_choice":"Gather Gold","damage_taken":11,"max_hp_gain":0,"max_hp_loss":0,"event_name":"World of Goop","floor":13,"gold_loss":0},{"damage_healed":0,"gold_gain":0,"player_choice":"Ignored","damage_taken":0,"max_hp_gain":0,"max_hp_loss":0,"event_name":"Vampires","floor":19,"gold_loss":0},{"damage_healed":0,"gold_gain":0,"player_choice":"Simplicity","damage_taken":0,"max_hp_gain":0,"max_hp_loss":0,"event_name":"Back to Basics","floor":21,"gold_loss":0,"cards_upgraded":["Defend_G","Defend_G","Defend_G","Strike_G","Strike_G","Strike_G","Strike_G","Strike_G"]},{"damage_healed":0,"gold_gain":0,"player_choice":"Ignored","damage_taken":0,"max_hp_gain":0,"max_hp_loss":0,"event_name":"Ghosts","floor":24,"gold_loss":0},{"cards_removed":["Strike_G"],"damage_healed":0,"gold_gain":0,"player_choice":"Card Removal","damage_taken":0,"max_hp_gain":0,"max_hp_loss":0,"event_name":"Wheel of Change","floor":25,"gold_loss":0},{"damage_healed":0,"gold_gain":0,"player_choice":"Fight","damage_taken":0,"max_hp_gain":0,"max_hp_loss":0,"event_name":"Colosseum","floor":28,"gold_loss":0},{"damage_healed":0,"gold_gain":0,"player_choice":"Fought Nobs","damage_taken":0,"max_hp_gain":0,"max_hp_loss":0,"event_name":"Colosseum","floor":28,"gold_loss":0}],"is_beta":true,"boss_relics":[{"not_picked":["Busted Crown","Orrery"],"picked":"Coffee Dripper"}],"items_purged_floors":[27],"is_endless":false,"potions_floor_spawned":[2,7,11,16,22,23,28],"killed_by":"Colosseum Nobs","ascension_level":0}