{"gold_per_floor":[112,33,43,43,53,53,53,53,76,107,107,145,145],"floor_reached":13,"playtime":313,"items_purged":[],"score":182,"play_id":"13dfd606-a00d-4066-9325-647d6b1c9706","local_time":"20190627114310","is_ascension_mode":true,"campfire_choices":[{"data":"Noxious Fumes","floor":6.0,"key":"SMITH"},{"data":"Noxious Fumes","floor":8.0,"key":"SMITH"},{"data":"Bouncing Flask","floor":11,"key":"SMITH"}],"neow_cost":"NONE","seed_source_timestamp":4927160126261,"circlet_count":0,"master_deck":["AscendersBane","Defend_G","Defend_G","Defend_G","Defend_G","Defend_G","Strike_G","Strike_G","Strike_G","Strike_G","Survivor","Neutralize","Bouncing Flask+1","Noxious Fumes+1","Noxious Fumes+1"],"special_seed":0,"relics":["Ring of the Snake","Golden Idol","Art of War","Unceasing Top"],"potions_floor_usage":[10],"damage_taken":[{"damage":0.0,"enemies":"2 Louse","floor":1.0,"turns":2.0},{"damage":0.0,"enemies":"Small Slimes","floor":3.0,"turns":4.0},{"damage":0.0,"enemies":"Jaw Worm","floor":5.0,"turns":5.0},{"damage":41,"enemies":"Gremlin Nob","floor":10,"turns":5},{"damage":12,"enemies":"Lagavulin","floor":12,"turns":5},{"damage":0,"enemies":"Gremlin Gang","floor":13,"turns":1}],"seed_played":"-305626088981969340","potions_obtained":[{"floor":3.0,"key":"SpeedPotion"},{"floor":10,"key":"GamblersBrew"}],"is_trial":false,"path_per_floor":["M","$","M","?","M","R","?","R","T","E","R","E","M"],"character_chosen":"THE_SILENT","items_purchased":["Noxious Fumes"],"campfire_rested":0,"item_purchase_floors":[2],"current_hp_per_floor":[65,65,65,58,58,58,58,58,58,17,17,5,5],"gold":145,"neow_bonus":"TEN_PERCENT_HP_BONUS","is_prod":false,"is_daily":false,"chose_seed":false,"campfire_upgraded":3,"win_rate":0,"timestamp":1561606990,"path_taken":["M","$","M","?","M","R","?","R","T","E","R","E","?"],"build_version":"2019-01-23","purchased_purges":0,"victory":false,"max_hp_per_floor":[72,72,72,72,72,72,65,65,65,65,65,65,65],"card_choices":[{"not_picked":["Sucker Punch","Riddle With Holes"],"picked":"Bouncing Flask","floor":1.0},{"not_picked":["Acrobatics","Flechettes"],"picked":"Noxious Fumes","floor":3.0},{"not_picked":["Bane","Reflex","Slice"],"picked":"SKIP","floor":5.0},{"not_picked":["Deflect","Sucker Punch","Poisoned Stab"],"picked":"SKIP","floor":10},{"not_picked":["Caltrops","Setup","Reflex"],"picked":"SKIP","floor":12}],"player_experience":5538008,"relics_obtained":[{"floor":10,"key":"Art of War"},{"floor":12,"key":"Unceasing Top"}],"event_choices":[{"cards_removed":["Strike_G"],"damage_healed":0.0,"max_hp_gain":0.0,"max_hp_loss":0.0,"gold_gain":0.0,"event_name":"Golden Wing","player_choice":"Card Removal","floor":4.0,"gold_loss":0.0,"damage_taken":7.0},{"damage_healed":0.0,"max_hp_gain":0.0,"max_hp_loss":7.0,"gold_gain":0.0,"event_name":"Golden Idol","player_choice":"Lose Max HP","floor":7.0,"gold_loss":0.0,"damage_taken":0.0,"relics_obtained":["Golden Idol"]}],"is_beta":false,"boss_relics":[],"items_purged_floors":[],"is_endless":false,"potions_floor_spawned":[3,10],"killed_by":"Gremlin Gang","ascension_level":20}