{"gold_per_floor":[112,138,151,76,76,104,124,124,202,222,122,122,160,123,123,217,217,231,59,83,83,83,117,117,135,135,160,172,242,272,299,311,395,407,439,462,349,349,361,361,389,399,448,448,476,476,476,326,326,326,326,326,326,7,37,37],"floor_reached":57,"playtime":2346,"items_purged":["Strike_G","Defend_G","Defend_G","Predator+1"],"score":3552,"play_id":"ba9cc846-756e-4a21-95a4-9c2d100d1be3","local_time":"20190306144805","is_ascension_mode":true,"campfire_choices":[{"data":"Predator","floor":8.0,"key":"SMITH"},{"data":"Caltrops","floor":15.0,"key":"SMITH"},{"data":"Reflex","floor":24.0,"key":"SMITH"},{"data":"Well Laid Plans","floor":28.0,"key":"SMITH"},{"data":"Neutralize","floor":32.0,"key":"SMITH"},{"data":"Acrobatics","floor":40,"key":"SMITH"},{"data":"Expertise","floor":44,"key":"SMITH"},{"floor":47,"key":"RECALL"},{"data":"Grand Finale","floor":49,"key":"SMITH"},{"data":"Backflip","floor":53,"key":"SMITH"}],"neow_cost":"NONE","seed_source_timestamp":18766306341933,"circlet_count":0,"master_deck":["AscendersBane","Survivor+1","Neutralize+1","Concentrate+1","Well Laid Plans+1","Caltrops+1","Footwork","Venomology","Doppelganger+1","Distraction+1","Endless Agony+1","Reflex+1","Backflip+1","Grand Finale+1","Expertise+1","Acrobatics+1","Calculated Gamble","Purity","Finesse"],"special_seed":0,"relics":["Ring of the Snake","NeowsBlessing","Whetstone","Anchor","Shuriken","Bloody Idol","Oddly Smooth Stone","Astrolabe","War Paint","Gambling Chip","Torii","MawBank","Tiny Chest","Empty Cage","Mercury Hourglass","Potion Belt","Medical Kit","Bag of Marbles"],"potions_floor_usage":[41,42,45,55,56,56,56,56,56,56,56,56,56],"damage_taken":[{"damage":0.0,"enemies":"Cultist","floor":1.0,"turns":1.0},{"damage":0.0,"enemies":"2 Louse","floor":3.0,"turns":1.0},{"damage":0.0,"enemies":"Gremlin Nob","floor":6.0,"turns":1.0},{"damage":0.0,"enemies":"Jaw Worm","floor":7.0,"turns":4.0},{"damage":0.0,"enemies":"Red Slaver","floor":10.0,"turns":4.0},{"damage":26.0,"enemies":"Lagavulin","floor":13.0,"turns":6.0},{"damage":19.0,"enemies":"Hexaghost","floor":16.0,"turns":10.0},{"damage":4.0,"enemies":"Shell Parasite","floor":18.0,"turns":6.0},{"damage":2.0,"enemies":"3 Byrds","floor":20.0,"turns":4.0},{"damage":0.0,"enemies":"Book of Stabbing","floor":23.0,"turns":5.0},{"damage":0.0,"enemies":"Centurion and Healer","floor":25.0,"turns":4.0},{"damage":11.0,"enemies":"Slavers","floor":27.0,"turns":6.0},{"damage":0.0,"enemies":"Gremlin Leader","floor":29.0,"turns":5.0},{"damage":0.0,"enemies":"Sentry and Sphere","floor":30.0,"turns":4.0},{"damage":36.0,"enemies":"Cultist and Chosen","floor":31.0,"turns":6.0},{"damage":9.0,"enemies":"Automaton","floor":33.0,"turns":8.0},{"damage":4.0,"enemies":"3 Shapes","floor":35.0,"turns":1.0},{"damage":1.0,"enemies":"3 Darklings","floor":36.0,"turns":2.0},{"damage":0,"enemies":"Jaw Worm Horde","floor":39,"turns":1},{"damage":0,"enemies":"Reptomancer","floor":41,"turns":3},{"damage":6,"enemies":"4 Shapes","floor":42,"turns":4},{"damage":0,"enemies":"Nemesis","floor":45,"turns":3},{"damage":0,"enemies":"Donu and Deca","floor":50,"turns":2},{"damage":0,"enemies":"Awakened One","floor":51,"turns":3},{"damage":0,"enemies":"Shield and Spear","floor":55,"turns":2},{"damage":0,"enemies":"The Heart","floor":56,"turns":4}],"seed_played":"4702070546023687138","potions_obtained":[{"floor":3.0,"key":"Strength Potion"},{"floor":7.0,"key":"Ancient Potion"},{"floor":18.0,"key":"Strength Potion"},{"floor":20.0,"key":"GhostInAJar"},{"floor":23.0,"key":"Fruit Juice"},{"floor":39,"key":"EntropicBrew"},{"floor":45,"key":"Weak Potion"},{"floor":55,"key":"SpeedPotion"}],"is_trial":false,"path_per_floor":["M","T","M","$","?","E","M","R","T","M","$","?","E","$","R","B",null,"M","$","M","$","?","E","R","M","T","E","R","E","M","M","R","B",null,"M","M","$","?","M","R","E","M","T","R","E","?","R","$","R","B","B",null,"R","$","E","B",null],"character_chosen":"THE_SILENT","items_purchased":["Footwork","War Paint","Medical Kit","Finesse"],"campfire_rested":0,"item_purchase_floors":[14,19,54,54],"current_hp_per_floor":[59,59,59,59,59,59,59,59,59,59,59,59,33,33,33,14,49,45,45,43,43,43,48,48,58,58,52,57,65,65,34,39,55,64,65,65,65,65,65,65,65,64,65,65,65,55,55,55,55,55,55,63,63,63,65,65],"gold":37,"neow_bonus":"THREE_ENEMY_KILL","is_prod":false,"is_daily":false,"chose_seed":false,"campfire_upgraded":9,"win_rate":0,"timestamp":1551854885,"path_taken":["M","?","M","$","?","E","M","R","T","?","$","?","E","$","R","BOSS","M","$","M","$","?","E","R","M","T","E","R","E","M","M","R","BOSS","M","M","$","?","?","R","E","M","T","R","E","?","R","$","R","BOSS","BOSS","R","$","E","BOSS"],"build_version":"2019-01-23","purchased_purges":4,"victory":true,"max_hp_per_floor":[66,66,66,66,66,66,66,66,66,66,66,60,60,60,60,60,60,60,60,60,60,60,60,60,65,65,65,65,65,65,65,65,65,65,65,65,65,65,65,65,65,65,65,65,65,65,65,65,65,65,65,65,65,65,65,65],"card_choices":[{"not_picked":["Bane","Calculated Gamble"],"picked":"Concentrate","floor":1.0},{"not_picked":["Leg Sweep","Endless Agony"],"picked":"Predator","floor":3.0},{"not_picked":["Choke","Finisher","Cloak And Dagger"],"picked":"SKIP","floor":6.0},{"not_picked":["Backflip","Predator"],"picked":"Well Laid Plans","floor":7.0},{"not_picked":["Quick Slash","Choke"],"picked":"Caltrops","floor":10.0},{"not_picked":["Crippling Poison","Tactician","Heel Hook"],"picked":"SKIP","floor":13.0},{"not_picked":["Storm of Steel","Unload"],"picked":"Venomology","floor":16.0},{"not_picked":["Quick Slash","Riddle With Holes+1","Blade Dance"],"picked":"SKIP","floor":18.0},{"not_picked":["Poisoned Stab","Dagger Throw","Endless Agony+1"],"picked":"SKIP","floor":20.0},{"not_picked":["Quick Slash","Sucker Punch"],"picked":"Reflex","floor":23.0},{"not_picked":["Slice","Quick Slash"],"picked":"Backflip","floor":25.0},{"not_picked":["Riddle With Holes","Infinite Blades","Setup"],"picked":"SKIP","floor":27.0},{"not_picked":["Riddle With Holes","Infinite Blades","Setup"],"picked":"SKIP","floor":27.0},{"not_picked":["Poisoned Stab","Deflect","Backflip"],"picked":"SKIP","floor":29.0},{"not_picked":["Dagger Throw","Infinite Blades+1","Slice"],"picked":"SKIP","floor":30.0},{"not_picked":["Riddle With Holes+1","Finisher","Outmaneuver"],"picked":"SKIP","floor":31.0},{"not_picked":["Unload","Night Terror"],"picked":"Grand Finale","floor":33.0},{"not_picked":["Concentrate","Prepared"],"picked":"Expertise","floor":35.0},{"not_picked":["Choke","Skewer"],"picked":"Acrobatics","floor":36.0},{"not_picked":["Footwork+1","Dagger Spray","Corpse Explosion"],"picked":"SKIP","floor":39},{"not_picked":["Footwork+1","Dagger Spray","Corpse Explosion"],"picked":"SKIP","floor":39},{"not_picked":["Dagger Throw+1","Deadly Poison+1","Acrobatics"],"picked":"SKIP","floor":41},{"not_picked":["Prepared","Bane+1","Dodge and Roll"],"picked":"SKIP","floor":42},{"not_picked":["Blade Dance+1","Dagger Throw","Backflip"],"picked":"SKIP","floor":45},{"not_picked":["Secret Weapon","Sadistic Nature"],"picked":"Purity","floor":46},{"not_picked":["Dodge and Roll+1","Deflect","Flying Knee+1"],"picked":"SKIP","floor":55}],"player_experience":3356901,"relics_obtained":[{"floor":2.0,"key":"Whetstone"},{"floor":6.0,"key":"Anchor"},{"floor":9.0,"key":"Shuriken"},{"floor":13.0,"key":"Oddly Smooth Stone"},{"floor":23.0,"key":"Gambling Chip"},{"floor":26.0,"key":"Torii"},{"floor":27.0,"key":"MawBank"},{"floor":29.0,"key":"Tiny Chest"},{"floor":41,"key":"Mercury Hourglass"},{"floor":45,"key":"Potion Belt"},{"floor":55,"key":"Bag of Marbles"}],"event_choices":[{"cards_removed":["Strike_G"],"damage_healed":0.0,"max_hp_gain":0.0,"max_hp_loss":0.0,"gold_gain":0.0,"event_name":"Purifier","player_choice":"Purged","floor":5.0,"gold_loss":0.0,"damage_taken":0.0},{"damage_healed":0.0,"max_hp_gain":0.0,"max_hp_loss":6.0,"gold_gain":0.0,"event_name":"Golden Idol","player_choice":"Lose Max HP","floor":12.0,"gold_loss":0.0,"damage_taken":0.0,"relics_obtained":["Golden Idol"]},{"damage_healed":0.0,"max_hp_gain":0.0,"max_hp_loss":0.0,"gold_gain":0.0,"event_name":"Forgotten Altar","player_choice":"Gave Idol","floor":22.0,"relics_lost":["Golden Idol"],"gold_loss":0.0,"damage_taken":0.0,"relics_obtained":["Bloody Idol"]},{"damage_healed":0,"gold_gain":0,"cards_transformed":["Defend_G"],"player_choice":"Transformed","damage_taken":0,"max_hp_gain":0,"max_hp_loss":0,"event_name":"Transmorgrifier","floor":38,"gold_loss":0,"cards_obtained":["Calculated Gamble"]},{"damage_healed":0,"gold_gain":0,"player_choice":"Memory 3","damage_taken":10,"max_hp_gain":0,"max_hp_loss":0,"event_name":"SensoryStone","floor":46,"gold_loss":0}],"is_beta":false,"boss_relics":[{"not_picked":["Runic Dome","Velvet Choker"],"picked":"Astrolabe"},{"not_picked":["HoveringKite","WristBlade"],"picked":"Empty Cage"}],"items_purged_floors":[4,11,37,48],"is_endless":false,"potions_floor_spawned":[3,7,18,20,23,36,39,45,55],"ascension_level":20}