{"gold_per_floor":[216,52,52,52,66,66,95,95,95,115,115,134,175,201,213,225],"floor_reached":16,"playtime":370,"items_purged":["Strike_R"],"score":200,"play_id":"59a915da-a6d1-4907-81ed-df2da9865f5c","local_time":"20190311125132","is_ascension_mode":true,"campfire_choices":[{"data":"Limit Break","floor":6,"key":"SMITH"},{"data":"Bash","floor":8,"key":"SMITH"},{"data":"Double Tap","floor":11,"key":"SMITH"},{"data":"Rampage","floor":15,"key":"SMITH"}],"neow_cost":"NONE","seed_source_timestamp":6210303362431,"circlet_count":0,"master_deck":["AscendersBane","Strike_R","Strike_R","Strike_R","Strike_R","Defend_R","Defend_R","Defend_R","Defend_R","Bash+1","Ghostly Armor","Limit Break+1","Double Tap+1","Rampage+1"],"special_seed":0,"relics":["Burning Blood","Golden Idol","Odd Mushroom","FossilizedHelix","MawBank"],"potions_floor_usage":[13],"damage_taken":[{"damage":7.0,"enemies":"Jaw Worm","floor":1.0,"turns":4.0},{"damage":2,"enemies":"2 Louse","floor":5,"turns":4},{"damage":32,"enemies":"The Mushroom Lair","floor":7,"turns":7},{"damage":0,"enemies":"Small Slimes","floor":10,"turns":4},{"damage":0,"enemies":"2 Fungi Beasts","floor":12,"turns":4},{"damage":20,"enemies":"Gremlin Nob","floor":13,"turns":4},{"damage":0,"enemies":"Looter","floor":14,"turns":2},{"damage":34,"enemies":"Hexaghost","floor":16,"turns":9}],"seed_played":"-5941226518491098455","potions_obtained":[{"floor":5,"key":"Poison Potion"},{"floor":13,"key":"Ancient Potion"},{"floor":14,"key":"GamblersBrew"}],"is_trial":false,"path_per_floor":["M","$","?","?","M","R","?","R","T","M","R","M","E","M","R","B"],"character_chosen":"IRONCLAD","items_purchased":["Limit Break"],"campfire_rested":0,"item_purchase_floors":[2],"current_hp_per_floor":[67,67,67,67,68,68,42,42,42,48,48,54,40,46,46,12],"gold":225,"neow_bonus":"HUNDRED_GOLD","is_prod":false,"is_daily":false,"chose_seed":false,"campfire_upgraded":4,"win_rate":0,"timestamp":1552279892,"path_taken":["M","$","?","?","M","R","?","R","T","M","R","M","E","M","R","BOSS"],"build_version":"2019-01-23","purchased_purges":1,"victory":false,"max_hp_per_floor":[75,75,68,68,68,68,68,68,68,68,68,68,68,68,68,68],"card_choices":[{"not_picked":["Iron Wave","Pommel Strike"],"picked":"Ghostly Armor","floor":1.0},{"not_picked":["Iron Wave","Thunderclap","Bloodletting"],"picked":"SKIP","floor":5},{"not_picked":["Sword Boomerang","Wild Strike"],"picked":"Double Tap","floor":10},{"not_picked":["Thunderclap","Combust","Bloodletting"],"picked":"SKIP","floor":12},{"not_picked":["Thunderclap","Iron Wave"],"picked":"Rampage","floor":13},{"not_picked":["Wild Strike","Clothesline","Combust"],"picked":"SKIP","floor":14}],"player_experience":3475822,"relics_obtained":[{"floor":7,"key":"Odd Mushroom"},{"floor":9,"key":"FossilizedHelix"},{"floor":13,"key":"MawBank"}],"event_choices":[{"damage_healed":0.0,"max_hp_gain":0.0,"max_hp_loss":7.0,"gold_gain":0.0,"event_name":"Golden Idol","player_choice":"Lose Max HP","floor":3.0,"gold_loss":0.0,"damage_taken":0.0,"relics_obtained":["Golden Idol"]},{"damage_healed":0,"gold_gain":0,"player_choice":"Fled","damage_taken":0,"max_hp_gain":0,"max_hp_loss":0,"event_name":"Scrap Ooze","floor":4,"gold_loss":0},{"damage_healed":0,"gold_gain":0,"player_choice":"Fought Mushrooms","damage_taken":0,"max_hp_gain":0,"max_hp_loss":0,"event_name":"Mushrooms","floor":7,"gold_loss":0}],"is_beta":false,"boss_relics":[],"items_purged_floors":[2],"is_endless":false,"potions_floor_spawned":[5,13,14],"killed_by":"Hexaghost","ascension_level":20}