{"gold_per_floor":[110,110,110,110,73,116,41,80,80,80,99,119,119,163,163,259,259,239,264,4,29,47,47,47],"floor_reached":24,"playtime":843,"items_purged":["Strike_G","Strike_G"],"score":628,"play_id":"349e1736-57a6-47d8-843e-46fda3800191","local_time":"20190219212524","is_ascension_mode":true,"campfire_choices":[{"data":"Noxious Fumes","floor":10.0,"key":"SMITH"},{"data":"Deadly Poison","floor":13.0,"key":"SMITH"},{"data":"Neutralize","floor":15.0,"key":"SMITH"},{"data":"Malaise","floor":23,"key":"SMITH"}],"neow_cost":"NONE","seed_source_timestamp":46975048830842,"circlet_count":0,"master_deck":["AscendersBane","Defend_G","Defend_G","Defend_G","Defend_G","Defend_G","Strike_G","Strike_G","Survivor","Neutralize+1","Reflex","Noxious Fumes+1","Deadly Poison+1","Acrobatics","Malaise+1","Escape Plan"],"special_seed":0,"relics":["Ring of the Snake","NeowsBlessing","Golden Idol","Paper Crane","Thread and Needle","Frozen Egg 2","Dream Catcher","Runic Pyramid","Membership Card"],"potions_floor_usage":[22,24],"damage_taken":[{"damage":0.0,"enemies":"2 Louse","floor":1.0,"turns":1.0},{"damage":0.0,"enemies":"3 Sentries","floor":6.0,"turns":2.0},{"damage":0.0,"enemies":"Lagavulin","floor":8.0,"turns":1.0},{"damage":8.0,"enemies":"Small Slimes","floor":11.0,"turns":6.0},{"damage":3.0,"enemies":"Jaw Worm","floor":12.0,"turns":5.0},{"damage":23.0,"enemies":"Gremlin Nob","floor":14.0,"turns":4.0},{"damage":0.0,"enemies":"The Guardian","floor":16.0,"turns":9.0},{"damage":0.0,"enemies":"2 Thieves","floor":18.0,"turns":4.0},{"damage":0.0,"enemies":"Shell Parasite","floor":19.0,"turns":7.0},{"damage":4.0,"enemies":"Snecko","floor":21.0,"turns":7.0},{"damage":1,"enemies":"Cultist and Chosen","floor":22,"turns":7},{"damage":49,"enemies":"Slavers","floor":24,"turns":4}],"seed_played":"-4887589022970787550","potions_obtained":[{"floor":1.0,"key":"Dexterity Potion"},{"floor":12.0,"key":"EssenceOfSteel"},{"floor":14.0,"key":"Fire Potion"},{"floor":19.0,"key":"Explosive Potion"}],"is_trial":false,"path_per_floor":["M","?","?","?","$","E","$","E","T","R","M","M","R","E","R","B",null,"M","M","$","M","M","R","E"],"character_chosen":"THE_SILENT","items_purchased":["Noxious Fumes","Membership Card"],"campfire_rested":0,"item_purchase_floors":[5,20],"current_hp_per_floor":[59,64,64,57,57,57,57,57,57,57,49,46,46,23,23,23,54,54,54,54,50,49,49,0],"gold":47,"neow_bonus":"THREE_ENEMY_KILL","is_prod":false,"is_daily":false,"chose_seed":false,"campfire_upgraded":4,"win_rate":0,"timestamp":1550582724,"path_taken":["M","?","?","?","?","E","$","E","T","R","?","M","R","E","R","BOSS","M","M","$","M","M","R","E"],"build_version":"2019-01-23","purchased_purges":2,"victory":false,"max_hp_per_floor":[66,71,64,64,64,64,64,64,64,64,64,64,64,64,64,64,64,64,64,64,64,64,64,64],"card_choices":[{"not_picked":["Flying Knee","Dagger Spray"],"picked":"Reflex","floor":1.0},{"not_picked":["Bullet Time","Outmaneuver","Slice"],"picked":"SKIP","floor":6.0},{"not_picked":["Underhanded Strike","Blur","Bane"],"picked":"SKIP","floor":8.0},{"not_picked":["Poisoned Stab","Deflect"],"picked":"Deadly Poison","floor":11.0},{"not_picked":["Outmaneuver","Accuracy+1"],"picked":"Acrobatics","floor":12.0},{"not_picked":["Quick Slash","Eviscerate","Underhanded Strike"],"picked":"SKIP","floor":14.0},{"not_picked":["Corpse Explosion","Night Terror"],"picked":"Malaise","floor":16.0},{"not_picked":["Dagger Spray","Well Laid Plans+1","Acrobatics"],"picked":"SKIP","floor":18.0},{"not_picked":["Acrobatics","Bane","Dodge and Roll"],"picked":"SKIP","floor":19.0},{"not_picked":["PiercingWail","Masterful Stab","Dagger Spray"],"picked":"SKIP","floor":21.0},{"not_picked":["Terror","Riddle With Holes"],"picked":"Escape Plan","floor":22}],"player_experience":2971941,"relics_obtained":[{"floor":6.0,"key":"Paper Crane"},{"floor":8.0,"key":"Thread and Needle"},{"floor":9.0,"key":"Frozen Egg 2"},{"floor":14.0,"key":"Dream Catcher"}],"event_choices":[{"damage_healed":0.0,"max_hp_gain":5.0,"max_hp_loss":0.0,"gold_gain":0.0,"event_name":"Big Fish","player_choice":"Donut","floor":2.0,"gold_loss":0.0,"damage_taken":0.0},{"damage_healed":0.0,"max_hp_gain":0.0,"max_hp_loss":7.0,"gold_gain":0.0,"event_name":"Golden Idol","player_choice":"Lose Max HP","floor":3.0,"gold_loss":0.0,"damage_taken":0.0,"relics_obtained":["Golden Idol"]},{"cards_removed":["Strike_G"],"damage_healed":0.0,"max_hp_gain":0.0,"max_hp_loss":0.0,"gold_gain":0.0,"event_name":"Golden Wing","player_choice":"Card Removal","floor":4.0,"gold_loss":0.0,"damage_taken":7.0}],"is_beta":false,"boss_relics":[{"not_picked":["Velvet Choker","Runic Dome"],"picked":"Runic Pyramid"}],"items_purged_floors":[7,20],"is_endless":false,"potions_floor_spawned":[1,12,14,19],"killed_by":"Slavers","ascension_level":20}