{"gold_per_floor":[118,7,17,92,13,13,43,43,43,43,72,83,100,131,131,210,210,226,226,126,138,155,181,191,219,219,219,219,252,127,127,127,198,198,211,311,323,323,173,206,225,225,225,239,268,268,93,106,106,106,106,106,106,20,53,53],"floor_reached":57,"playtime":2537,"items_purged":["Strike_R","Strike_R","Rupture","Defend_R","Defend_R"],"score":3557,"play_id":"b2e5f4c1-ecda-4e4a-b4b0-30092b2872d2","local_time":"20181115223617","is_ascension_mode":true,"campfire_choices":[{"data":"Power Through","floor":6.0,"key":"SMITH"},{"data":"Feel No Pain","floor":8.0,"key":"SMITH"},{"data":"Second Wind","floor":15.0,"key":"SMITH"},{"data":"Offering","floor":28.0,"key":"SMITH"},{"floor":32.0,"key":"RECALL"},{"data":"Body Slam","floor":42.0,"key":"SMITH"},{"data":"Impervious","floor":46.0,"key":"SMITH"},{"data":"Shrug It Off","floor":49.0,"key":"SMITH"},{"data":"Seeing Red","floor":53.0,"key":"SMITH"}],"neow_cost":"TEN_PERCENT_HP_LOSS","seed_source_timestamp":0,"circlet_count":0,"master_deck":["AscendersBane","Defend_R+1","Power Through+1","Feel No Pain+1","Evolve","Seeing Red+1","Second Wind+1","Offering+1","Shrug It Off+1","Impervious+1","Body Slam+1","Flame Barrier"],"special_seed":0,"relics":["Burning Blood","Strawberry","Meat on the Bone","Bronze Scales","Charon\u0027s Ashes","Mark of Pain","Unceasing Top","Dodecahedron","Singing Bowl","Paper Frog","FossilizedHelix","Empty Cage","Ginger","Juzu Bracelet","Anchor","Centennial Puzzle"],"potions_floor_usage":[],"damage_taken":[{"damage":14.0,"enemies":"Jaw Worm","floor":1.0,"turns":6.0},{"damage":8.0,"enemies":"Small Slimes","floor":3.0,"turns":3.0},{"damage":17.0,"enemies":"Lagavulin","floor":7.0,"turns":8.0},{"damage":19.0,"enemies":"Gremlin Nob","floor":11.0,"turns":4.0},{"damage":0.0,"enemies":"Cultist","floor":12.0,"turns":4.0},{"damage":3.0,"enemies":"Looter","floor":13.0,"turns":4.0},{"damage":14.0,"enemies":"Lagavulin","floor":14.0,"turns":12.0},{"damage":38.0,"enemies":"The Guardian","floor":16.0,"turns":14.0},{"damage":13.0,"enemies":"Shell Parasite","floor":18.0,"turns":4.0},{"damage":11.0,"enemies":"2 Thieves","floor":21.0,"turns":3.0},{"damage":16.0,"enemies":"Snake Plant","floor":22.0,"turns":4.0},{"damage":11.0,"enemies":"Book of Stabbing","floor":23.0,"turns":6.0},{"damage":8.0,"enemies":"Snecko","floor":24.0,"turns":7.0},{"damage":11.0,"enemies":"Slavers","floor":25.0,"turns":3.0},{"damage":6.0,"enemies":"Book of Stabbing","floor":29.0,"turns":5.0},{"damage":40.0,"enemies":"Collector","floor":33.0,"turns":20.0},{"damage":0.0,"enemies":"3 Darklings","floor":35.0,"turns":3.0},{"damage":12.0,"enemies":"Mind Bloom Boss Battle","floor":36.0,"turns":3.0},{"damage":0.0,"enemies":"Orb Walker","floor":37.0,"turns":4.0},{"damage":0.0,"enemies":"Giant Head","floor":40.0,"turns":6.0},{"damage":0.0,"enemies":"4 Shapes","floor":41.0,"turns":3.0},{"damage":0.0,"enemies":"Writhing Mass","floor":44.0,"turns":2.0},{"damage":0.0,"enemies":"Nemesis","floor":45.0,"turns":3.0},{"damage":0.0,"enemies":"Maw","floor":48.0,"turns":4.0},{"damage":0.0,"enemies":"Donu and Deca","floor":50.0,"turns":4.0},{"damage":0.0,"enemies":"Awakened One","floor":51.0,"turns":6.0},{"damage":0.0,"enemies":"Shield and Spear","floor":55.0,"turns":3.0},{"damage":0,"enemies":"The Heart","floor":56,"turns":8}],"seed_played":"1249311458581621507","potions_obtained":[{"floor":1.0,"key":"Weak Potion"},{"floor":3.0,"key":"EntropicBrew"},{"floor":12.0,"key":"Regen Potion"},{"floor":21.0,"key":"Explosive Potion"},{"floor":29.0,"key":"Block Potion"},{"floor":33.0,"key":"Poison Potion"},{"floor":36.0,"key":"SpeedPotion"}],"is_trial":false,"path_per_floor":["M","$","M","?","$","R","E","R","T","?","E","M","M","E","R","B",null,"M","?","$","M","M","E","M","E","T","?","R","E","$","T","R","B",null,"M","?","M","?","$","E","M","R","T","M","E","R","$","M","R","B","B",null,"R","$","E","B",null],"character_chosen":"IRONCLAD","items_purchased":["Power Through","Feel No Pain","Flame Barrier"],"campfire_rested":0,"item_purchase_floors":[2,5,54],"current_hp_per_floor":[60,60,58,47,47,47,43,43,43,20,19,37,52,59,59,39,66,59,59,59,54,44,51,49,44,44,44,44,46,46,46,46,26,66,72,68,76,76,76,84,87,87,87,89,91,91,91,93,93,93,93,93,93,93,95,95],"gold":53,"neow_bonus":"TRANSFORM_TWO_CARDS","is_prod":false,"is_daily":false,"chose_seed":true,"campfire_upgraded":8,"win_rate":0,"timestamp":1542292577,"path_taken":["M","$","M","?","$","R","E","R","T","?","E","M","M","E","R","BOSS","M","?","$","M","M","E","?","E","T","?","R","E","$","?","R","BOSS","M","?","M","?","?","E","M","R","T","M","E","R","$","M","R","BOSS","BOSS","R","$","E","BOSS"],"build_version":"2018-11-14","purchased_purges":5,"victory":true,"max_hp_per_floor":[68,68,68,68,68,68,75,75,75,75,75,75,75,75,75,75,75,75,75,75,75,75,75,75,75,75,75,75,77,77,77,77,79,79,79,81,83,83,83,85,87,87,87,89,91,91,91,93,93,93,93,93,93,93,95,95],"card_choices":[{"not_picked":["Infernal Blade","Combust","Iron Wave"],"picked":"SKIP","floor":1.0},{"not_picked":["Uppercut","Dropkick","Pommel Strike"],"picked":"SKIP","floor":3.0},{"not_picked":["True Grit","Wild Strike"],"picked":"Evolve","floor":7.0},{"not_picked":["Rupture","Pummel"],"picked":"Seeing Red","floor":11.0},{"not_picked":["Clothesline","Perfected Strike","Wild Strike"],"picked":"SKIP","floor":12.0},{"not_picked":["Rage","Clothesline","Cleave"],"picked":"SKIP","floor":13.0},{"not_picked":["Rupture","Perfected Strike"],"picked":"Second Wind","floor":14.0},{"not_picked":["Brutality","Reaper"],"picked":"Offering","floor":16.0},{"not_picked":["Headbutt","Uppercut","True Grit"],"picked":"SKIP","floor":18.0},{"not_picked":["Pommel Strike+1","Entrench","Blood for Blood"],"picked":"SKIP","floor":21.0},{"not_picked":["Whirlwind","Iron Wave"],"picked":"Shrug It Off","floor":22.0},{"not_picked":["Sword Boomerang+1","Heavy Blade","Hemokinesis"],"picked":"SKIP","floor":23.0},{"not_picked":["Cleave","Wild Strike","Sentinel"],"picked":"SKIP","floor":24.0},{"not_picked":["Entrench","Fire Breathing"],"picked":"Impervious","floor":25.0},{"not_picked":["Second Wind","Pommel Strike","Headbutt"],"picked":"Singing Bowl","floor":29.0},{"not_picked":["Feed","Limit Break","Reaper"],"picked":"Singing Bowl","floor":33.0},{"not_picked":["Anger","Rupture"],"picked":"Body Slam","floor":35.0},{"not_picked":["Second Wind","Thunderclap","Headbutt"],"picked":"Singing Bowl","floor":36.0},{"not_picked":["Headbutt+1","Burning Pact","Havoc"],"picked":"Singing Bowl","floor":37.0},{"not_picked":["Entrench","Armaments","Bloodletting"],"picked":"Singing Bowl","floor":40.0},{"not_picked":["Anger","Iron Wave","Pommel Strike+1"],"picked":"Singing Bowl","floor":41.0},{"not_picked":["Iron Wave","Shrug It Off+1","Perfected Strike"],"picked":"Singing Bowl","floor":44.0},{"not_picked":["Demon Form","Sword Boomerang+1","Wild Strike"],"picked":"Singing Bowl","floor":45.0},{"not_picked":["Thunderclap","Infernal Blade","Rupture"],"picked":"Singing Bowl","floor":48.0},{"not_picked":["Warcry","Twin Strike","Second Wind"],"picked":"Singing Bowl","floor":55.0}],"player_experience":495782,"relics_obtained":[{"floor":7.0,"key":"Strawberry"},{"floor":9.0,"key":"Meat on the Bone"},{"floor":11.0,"key":"Bronze Scales"},{"floor":14.0,"key":"Charon\u0027s Ashes"},{"floor":23.0,"key":"Unceasing Top"},{"floor":25.0,"key":"Dodecahedron"},{"floor":26.0,"key":"Singing Bowl"},{"floor":29.0,"key":"Paper Frog"},{"floor":31.0,"key":"FossilizedHelix"},{"floor":36.0,"key":"Ginger"},{"floor":40.0,"key":"Juzu Bracelet"},{"floor":45.0,"key":"Anchor"},{"floor":55.0,"key":"Centennial Puzzle"}],"event_choices":[{"damage_healed":0.0,"max_hp_gain":0.0,"max_hp_loss":0.0,"gold_gain":75.0,"event_name":"World of Goop","player_choice":"Gather Gold","floor":4.0,"gold_loss":0.0,"damage_taken":11.0},{"damage_healed":0.0,"max_hp_gain":0.0,"max_hp_loss":0.0,"gold_gain":0.0,"event_name":"Shining Light","player_choice":"Entered Light","floor":10.0,"gold_loss":0.0,"damage_taken":23.0,"cards_upgraded":["Defend_R","Strike_R"]},{"cards_removed":["Bash"],"damage_healed":0.0,"max_hp_gain":0.0,"max_hp_loss":0.0,"gold_gain":0.0,"event_name":"Bonfire Elementals","player_choice":"Offered Basic","floor":19.0,"gold_loss":0.0,"damage_taken":0.0},{"damage_healed":0.0,"max_hp_gain":0.0,"max_hp_loss":0.0,"gold_gain":0.0,"event_name":"The Mausoleum","player_choice":"Ignored","floor":27.0,"gold_loss":0.0,"damage_taken":0.0},{"damage_healed":0.0,"max_hp_gain":0.0,"max_hp_loss":0.0,"gold_gain":0.0,"event_name":"MindBloom","player_choice":"Fight","floor":36.0,"gold_loss":0.0,"damage_taken":0.0},{"cards_removed":["Strike_R"],"damage_healed":0.0,"max_hp_gain":0.0,"max_hp_loss":0.0,"gold_gain":0.0,"event_name":"Falling","player_choice":"Removed Attack","floor":38.0,"gold_loss":0.0,"damage_taken":0.0}],"is_beta":true,"boss_relics":[{"not_picked":["Busted Crown","Sozu"],"picked":"Mark of Pain"},{"not_picked":["Black Star","Pandora\u0027s Box"],"picked":"Empty Cage"}],"items_purged_floors":[2,20,30,39,47],"is_endless":false,"potions_floor_spawned":[1,3,12,13,21,24,29,33,36,41,48],"ascension_level":20}