{"path_per_floor":["M","T","$","M","M","E","R","?","T","R","M","M","?","M","R","B",null,"M","$","?","?","M","R"],"character_chosen":"DEFECT","items_purchased":["Symbiotic Virus"],"gold_per_floor":[114,114,39,49,64,93,93,168,218,218,235,249,276,288,288,392,392,403,149,74,74,91,91,91],"floor_reached":24,"campfire_rested":2,"playtime":1031,"item_purchase_floors":[19],"current_hp_per_floor":[74,74,74,71,64,29,29,18,18,40,40,40,14,13,35,10,75,62,62,62,62,42,42,0],"items_purged":["Strike_B"],"gold":91,"score":196,"play_id":"53f73453-55ac-42e0-86a1-ef37267aaa58","local_time":"20180525193429","is_prod":false,"is_daily":false,"chose_seed":false,"is_ascension_mode":false,"campfire_upgraded":2,"win_rate":0,"timestamp":1527269669,"campfire_choices":[{"data":"Creative AI","floor":7,"key":"SMITH"},{"floor":10,"key":"REST"},{"floor":15,"key":"REST"},{"data":"Capacitor","floor":23,"key":"SMITH"}],"path_taken":["M","?","?","M","M","E","R","?","T","R","M","M","?","M","R","BOSS","M","$","?","?","?","R","E"],"build_version":"2018-05-24","seed_source_timestamp":3681242678984,"purchased_purges":1,"victory":false,"master_deck":["Strike_B","Strike_B","Strike_B","Defend_B","Defend_B","Defend_B","Zap","Dualcast","Clumsy","Creative AI+1","Ball Lightning","Turbo","Tempest","Turbo","Aggregate","Auto Shields","Beam Cell","Reprogram","Thunder Strike","Capacitor+1","Capacitor"],"max_hp_per_floor":[75,75,75,75,75,75,75,75,75,75,75,75,75,75,75,75,75,75,75,75,75,75,75,75],"relics":["Cracked Core","Shuriken","Anchor","Vajra","Odd Mushroom","Velvet Choker","Symbiotic Virus"],"card_choices":[{"not_picked":["All For One","Biased Cognition"],"picked":"Creative AI","floor":0},{"not_picked":["Rip and Tear","Barrage"],"picked":"Ball Lightning","floor":1},{"not_picked":["Steam","Loop"],"picked":"Turbo","floor":4},{"not_picked":["Capacitor","Beam Cell"],"picked":"Tempest","floor":5},{"not_picked":["Doom and Gloom","Glacier"],"picked":"Turbo","floor":6},{"not_picked":["Doom and Gloom","Beam Cell"],"picked":"Aggregate","floor":11},{"not_picked":["Turbo","Sweeping Beam"],"picked":"Auto Shields","floor":12},{"not_picked":["Rip and Tear","Doom and Gloom"],"picked":"Beam Cell","floor":13},{"not_picked":["Barrage","Beam Cell"],"picked":"Reprogram","floor":14},{"not_picked":["All For One","Biased Cognition"],"picked":"Thunder Strike","floor":16},{"not_picked":["Hologram+1","Rebound+1"],"picked":"Capacitor","floor":18},{"not_picked":["Sweeping Beam+1","Ball Lightning"],"picked":"Capacitor","floor":22}],"player_experience":52021,"potions_floor_usage":[16],"damage_taken":[{"damage":1,"enemies":"Cultist","floor":1,"turns":4},{"damage":3,"enemies":"2 Louse","floor":4,"turns":2},{"damage":7,"enemies":"Small Slimes","floor":5,"turns":3},{"damage":35,"enemies":"Lagavulin","floor":6,"turns":6},{"damage":0,"enemies":"Looter","floor":11,"turns":2},{"damage":0,"enemies":"2 Fungi Beasts","floor":12,"turns":2},{"damage":26,"enemies":"The Mushroom Lair","floor":13,"turns":4},{"damage":1,"enemies":"Exordium Wildlife","floor":14,"turns":3},{"damage":25,"enemies":"Slime Boss","floor":16,"turns":6},{"damage":13,"enemies":"Chosen","floor":18,"turns":5},{"damage":20,"enemies":"2 Thieves","floor":22,"turns":4},{"damage":53,"enemies":"Slavers","floor":24,"turns":3}],"relics_obtained":[{"floor":2,"key":"Shuriken"},{"floor":6,"key":"Anchor"},{"floor":9,"key":"Vajra"},{"floor":13,"key":"Odd Mushroom"}],"event_choices":[{"event_name":"World of Goop","player_choice":"Gather Gold","floor":8,"damage_taken":0},{"event_name":"Mushrooms","player_choice":"Fought Mushrooms","floor":13,"damage_taken":0},{"event_name":"Beggar","player_choice":"Gave Gold","floor":20,"damage_taken":0},{"event_name":"Vampires","player_choice":"Ignored","floor":21,"damage_taken":0}],"boss_relics":[{"not_picked":["Eternal Feather","Black Star"],"picked":"Velvet Choker"}],"items_purged_floors":[3],"potions_floor_spawned":[4,5,11,14,22],"seed_played":"2822833348922026440","killed_by":"Slavers","ascension_level":0,"potions_obtained":[{"floor":4,"key":"FocusPotion"},{"floor":5,"key":"FearPotion"},{"floor":11,"key":"LiquidBronze"},{"floor":22,"key":"Ancient Potion"}],"is_trial":false}