{"gold_per_floor":[114,114,114,129,129,170,170,10,10,10,29,29,29,43,43,142,142,155,155,175,175,199,199,30,71,71,121,36,36,36,59,59,150,150,175,65,80,80,80,80,0,0,0,16,39,39,62,62,62,62,62],"floor_reached":52,"playtime":1928,"items_purged":["Strike_B"],"score":1832,"play_id":"0346c5fa-f385-49e7-97ff-1bff064140dd","local_time":"20190205041101","is_ascension_mode":true,"campfire_choices":[{"data":"Coolheaded","floor":7.0,"key":"SMITH"},{"data":"Hyperbeam","floor":10.0,"key":"SMITH"},{"data":"Beam Cell","floor":12.0,"key":"SMITH"},{"data":"Gash","floor":15.0,"key":"SMITH"},{"data":"Fission","floor":23.0,"key":"SMITH"},{"data":"Recycle","floor":29.0,"key":"SMITH"},{"data":"Coolheaded","floor":32.0,"key":"SMITH"},{"data":"Dualcast","floor":40.0,"key":"SMITH"},{"data":"Zap","floor":42.0,"key":"SMITH"},{"data":"Turbo","floor":46.0,"key":"SMITH"},{"data":"Recycle","floor":49.0,"key":"SMITH"}],"neow_cost":"NONE","seed_source_timestamp":0,"circlet_count":0,"master_deck":["AscendersBane","Strike_B+1","Defend_B","Defend_B","Defend_B","Zap+1","Dualcast+1","Coolheaded+1","Gash+1","Hyperbeam+1","Beam Cell+1","Fission+1","Streamline+1","All For One","Recycle+1","Coolheaded+1","Core Surge","Glacier","Turbo+1","Recycle+1"],"special_seed":0,"relics":["Cracked Core","NeowsBlessing","Golden Idol","Blood Vial","Regal Pillow","Meat on the Bone","Cursed Key","WingedGreaves","Dead Branch","Runic Pyramid","Red Mask"],"potions_floor_usage":[51],"damage_taken":[{"damage":0.0,"enemies":"2 Louse","floor":1.0,"turns":1.0},{"damage":0.0,"enemies":"Jaw Worm","floor":4.0,"turns":1.0},{"damage":0.0,"enemies":"Lagavulin","floor":6.0,"turns":1.0},{"damage":0.0,"enemies":"Small Slimes","floor":11.0,"turns":2.0},{"damage":2.0,"enemies":"Looter","floor":14.0,"turns":3.0},{"damage":21.0,"enemies":"Slime Boss","floor":16.0,"turns":8.0},{"damage":7.0,"enemies":"3 Byrds","floor":18.0,"turns":3.0},{"damage":33.0,"enemies":"Shell Parasite","floor":20.0,"turns":4.0},{"damage":20.0,"enemies":"Shelled Parasite and Fungi","floor":22.0,"turns":2.0},{"damage":20.0,"enemies":"Slavers","floor":25.0,"turns":2.0},{"damage":1.0,"enemies":"3 Cultists","floor":31.0,"turns":3.0},{"damage":35.0,"enemies":"Champ","floor":33.0,"turns":9.0},{"damage":27.0,"enemies":"3 Shapes","floor":35.0,"turns":3.0},{"damage":1.0,"enemies":"Orb Walker","floor":37.0,"turns":2.0},{"damage":0.0,"enemies":"Jaw Worm Horde","floor":44.0,"turns":2.0},{"damage":15.0,"enemies":"3 Darklings","floor":45.0,"turns":2.0},{"damage":11.0,"enemies":"Sphere and 2 Shapes","floor":47.0,"turns":2.0},{"damage":10.0,"enemies":"Awakened One","floor":50.0,"turns":15.0},{"damage":0,"enemies":"Time Eater","floor":51,"turns":12}],"seed_played":"8968806581267360089","potions_obtained":[{"floor":4.0,"key":"FearPotion"},{"floor":16.0,"key":"SkillPotion"},{"floor":31.0,"key":"Weak Potion"},{"floor":37.0,"key":"PowerPotion"},{"floor":45.0,"key":"Ancient Potion"}],"is_trial":false,"path_per_floor":["M","?","T","M","?","E","R","$","T","R","M","R","T","M","R","B",null,"M","?","M","?","M","R","$","E","T","?","?","R","$","M","R","B",null,"M","?","M","$","?","R","?","R","T","M","M","R","M","$","R","B","B",null],"character_chosen":"DEFECT","items_purchased":["Hyperbeam","All For One"],"campfire_rested":0,"item_purchase_floors":[8,24],"current_hp_per_floor":[64,64,64,64,57,59,59,59,59,59,61,61,61,61,61,42,59,54,54,35,35,29,29,29,23,23,23,23,23,23,36,36,15,52,39,39,40,40,40,40,40,40,40,42,41,41,44,44,44,36,38],"gold":62,"neow_bonus":"THREE_ENEMY_KILL","is_prod":false,"is_daily":false,"chose_seed":false,"campfire_upgraded":11,"win_rate":0,"timestamp":1549311061,"path_taken":["M","?","?","M","?","E","R","$","T","R","M","R","?","M","R","BOSS","M","?","M","?","M","R","$","E","T","?","?","R","?","M","R","BOSS","M","?","M","?","?","R","?","R","T","M","?","R","M","$","R","BOSS","BOSS"],"build_version":"2019-01-23","purchased_purges":1,"victory":true,"max_hp_per_floor":[71,64,64,64,64,64,64,64,64,64,64,64,64,64,64,64,64,64,64,64,64,64,64,64,64,64,64,64,64,64,64,64,64,64,64,64,64,64,64,64,64,64,64,64,64,64,64,64,64,64,64],"card_choices":[{"not_picked":["Compile Driver","Conserve Battery","Rebound"],"picked":"SKIP","floor":1.0},{"not_picked":["Rebound","Turbo"],"picked":"Coolheaded","floor":4.0},{"not_picked":["Ball Lightning","Streamline"],"picked":"Gash","floor":6.0},{"not_picked":["White Noise","Lockon"],"picked":"Beam Cell","floor":11.0},{"not_picked":["Stack","Turbo","Rebound"],"picked":"SKIP","floor":14.0},{"not_picked":["Creative AI","Seek"],"picked":"Fission","floor":16.0},{"not_picked":["Consume","Tempest","Defragment"],"picked":"SKIP","floor":18.0},{"not_picked":["Compile Driver","Melter"],"picked":"Streamline+1","floor":20.0},{"not_picked":["Turbo","Go for the Eyes","Compile Driver"],"picked":"SKIP","floor":22.0},{"not_picked":["Compile Driver","Loop+1"],"picked":"Recycle","floor":25.0},{"not_picked":["Go for the Eyes","Sweeping Beam"],"picked":"Coolheaded","floor":31.0},{"not_picked":["Biased Cognition","Hyperbeam"],"picked":"Core Surge","floor":33.0},{"not_picked":["Cold Snap","Redo+1","Steam"],"picked":"SKIP","floor":35.0},{"not_picked":["Stack+1","Conserve Battery+1","Leap+1"],"picked":"SKIP","floor":37.0},{"not_picked":["Chaos","Redo"],"picked":"Glacier","floor":44.0},{"not_picked":["Cold Snap","Genetic Algorithm"],"picked":"Turbo","floor":45.0},{"not_picked":["Self Repair","Streamline+1"],"picked":"Recycle","floor":47.0}],"player_experience":2530223,"relics_obtained":[{"floor":3.0,"key":"Blood Vial"},{"floor":6.0,"key":"Regal Pillow"},{"floor":9.0,"key":"Meat on the Bone"},{"floor":25.0,"key":"WingedGreaves"}],"event_choices":[{"damage_healed":0.0,"max_hp_gain":0.0,"max_hp_loss":7.0,"gold_gain":0.0,"event_name":"Golden Idol","player_choice":"Lose Max HP","floor":2.0,"gold_loss":0.0,"damage_taken":0.0,"relics_obtained":["Golden Idol"]},{"cards_removed":["Strike_B"],"damage_healed":0.0,"max_hp_gain":0.0,"max_hp_loss":0.0,"gold_gain":0.0,"event_name":"Golden Wing","player_choice":"Card Removal","floor":5.0,"gold_loss":0.0,"damage_taken":7.0},{"damage_healed":0.0,"max_hp_gain":0.0,"max_hp_loss":0.0,"gold_gain":0.0,"event_name":"Vampires","player_choice":"Ignored","floor":19.0,"gold_loss":0.0,"damage_taken":0.0},{"damage_healed":0.0,"max_hp_gain":0.0,"max_hp_loss":0.0,"gold_gain":0.0,"event_name":"The Mausoleum","player_choice":"Ignored","floor":21.0,"gold_loss":0.0,"damage_taken":0.0},{"damage_healed":0.0,"max_hp_gain":0.0,"max_hp_loss":0.0,"gold_gain":50.0,"event_name":"Nest","player_choice":"Stole From Cult","floor":27.0,"gold_loss":0.0,"damage_taken":0.0},{"damage_healed":0.0,"max_hp_gain":0.0,"max_hp_loss":0.0,"gold_gain":0.0,"event_name":"Addict","player_choice":"Obtained Relic","floor":28.0,"gold_loss":85.0,"damage_taken":0.0,"relics_obtained":["Dead Branch"]},{"cards_removed":["Strike_B"],"damage_healed":0.0,"max_hp_gain":0.0,"max_hp_loss":0.0,"gold_gain":0.0,"event_name":"Designer","player_choice":"Upgrade and Remove","floor":36.0,"gold_loss":110.0,"damage_taken":0.0,"cards_upgraded":["Strike_B"]},{"cards_removed":["Defend_B"],"damage_healed":0.0,"max_hp_gain":0.0,"max_hp_loss":0.0,"gold_gain":0.0,"event_name":"Falling","player_choice":"Removed Skill","floor":39.0,"gold_loss":0.0,"damage_taken":0.0},{"damage_healed":0.0,"max_hp_gain":0.0,"max_hp_loss":0.0,"gold_gain":0.0,"event_name":"Tomb of Lord Red Mask","player_choice":"Paid","floor":41.0,"gold_loss":80.0,"damage_taken":0.0,"relics_obtained":["Red Mask"]}],"is_beta":false,"boss_relics":[{"not_picked":["White Beast Statue","Inserter"],"picked":"Cursed Key"},{"not_picked":["Nuclear Battery","Sozu"],"picked":"Runic Pyramid"}],"items_purged_floors":[8],"is_endless":false,"potions_floor_spawned":[4,16,31,37,45],"ascension_level":20}