{"gold_per_floor":[119,269,289,301,30,30,56,56,56,56,56,76,86,3,3,3],"floor_reached":16,"playtime":400,"items_purged":["Doubt"],"score":200,"play_id":"47e92a07-5e79-45c6-8c7b-6d6ee2cb4771","local_time":"20190324103403","is_ascension_mode":true,"campfire_choices":[{"data":"Defragment","floor":6.0,"key":"SMITH"},{"data":"Consume","floor":8.0,"key":"SMITH"},{"data":"Dualcast","floor":10.0,"key":"SMITH"},{"data":"Defragment","floor":15.0,"key":"SMITH"}],"neow_cost":"CURSE","seed_source_timestamp":190142006018,"circlet_count":0,"master_deck":["AscendersBane","Strike_B","Strike_B","Defend_B","Defend_B","Defend_B","Defend_B","Zap","Dualcast+1","Writhe","Double Energy","Blizzard","Chill","Leap","Consume+1","Defragment+1","Biased Cognition","Ball Lightning","Defragment+1"],"special_seed":0,"relics":["Cracked Core","Membership Card","Question Card","PreservedInsect"],"potions_floor_usage":[16],"damage_taken":[{"damage":2.0,"enemies":"2 Louse","floor":1.0,"turns":3.0},{"damage":5.0,"enemies":"Small Slimes","floor":3.0,"turns":5.0},{"damage":0.0,"enemies":"Cultist","floor":4.0,"turns":4.0},{"damage":51.0,"enemies":"Gremlin Nob","floor":7.0,"turns":6.0},{"damage":6.0,"enemies":"Looter","floor":12.0,"turns":4.0},{"damage":3.0,"enemies":"3 Louse","floor":13.0,"turns":2.0},{"damage":9,"enemies":"Hexaghost","floor":16,"turns":7}],"seed_played":"1280070581399813675","potions_obtained":[{"floor":1.0,"key":"SteroidPotion"},{"floor":3.0,"key":"Swift Potion"},{"floor":7.0,"key":"AttackPotion"},{"floor":13.0,"key":"Swift Potion"}],"is_trial":false,"path_per_floor":["M","?","M","M","$","R","E","R","T","R","?","M","M","$","R","B"],"character_chosen":"DEFECT","items_purchased":["Membership Card","Defragment","Defragment"],"campfire_rested":0,"item_purchase_floors":[5,5,14],"current_hp_per_floor":[62,62,57,57,57,57,6,6,6,6,11,5,2,2,2,0],"gold":3,"neow_bonus":"TRANSFORM_TWO_CARDS","is_prod":false,"is_daily":false,"chose_seed":false,"campfire_upgraded":4,"win_rate":0,"timestamp":1553394843,"path_taken":["M","?","M","M","$","R","E","R","T","R","?","M","M","$","R","BOSS"],"build_version":"2019-01-23","purchased_purges":1,"victory":false,"max_hp_per_floor":[71,71,71,71,71,71,71,71,71,71,76,76,76,76,76,76],"card_choices":[{"not_picked":["Streamline","Barrage"],"picked":"Chill","floor":1.0},{"not_picked":["Leap","Sweeping Beam","Compile Driver"],"picked":"SKIP","floor":3.0},{"not_picked":["Sweeping Beam","Compile Driver"],"picked":"Leap","floor":3.0},{"not_picked":["Reinforced Body","Redo"],"picked":"Consume","floor":4.0},{"not_picked":["Barrage","Go for the Eyes","Blizzard"],"picked":"SKIP","floor":7.0},{"not_picked":["BootSequence","Ball Lightning","Lockon"],"picked":"Biased Cognition","floor":12.0},{"not_picked":["Stack","Hologram","Hello World"],"picked":"Ball Lightning","floor":13.0}],"player_experience":3831604,"relics_obtained":[{"floor":7.0,"key":"Question Card"},{"floor":9.0,"key":"PreservedInsect"}],"event_choices":[{"damage_healed":0.0,"max_hp_gain":0.0,"max_hp_loss":0.0,"gold_gain":150.0,"event_name":"Liars Game","player_choice":"AGREE","floor":2.0,"gold_loss":0.0,"damage_taken":0.0,"cards_obtained":["Doubt"]},{"damage_healed":0.0,"max_hp_gain":5.0,"max_hp_loss":0.0,"gold_gain":0.0,"event_name":"Big Fish","player_choice":"Donut","floor":11.0,"gold_loss":0.0,"damage_taken":0.0}],"is_beta":false,"boss_relics":[],"items_purged_floors":[14],"is_endless":false,"potions_floor_spawned":[1,3,7,13],"killed_by":"Hexaghost","ascension_level":20}