{"gold_per_floor":[217,231,118,131,144,144,144,156,234,251,282,282],"floor_reached":12,"playtime":525,"items_purged":["Strike_G"],"score":144,"play_id":"39acc0c4-8cef-483a-911d-c369d13669a2","local_time":"20190219190411","is_ascension_mode":true,"campfire_choices":[{"data":"Cloak And Dagger","floor":6,"key":"SMITH"}],"neow_cost":"NONE","seed_source_timestamp":169625236418792,"circlet_count":0,"master_deck":["AscendersBane","Defend_G","Defend_G","Defend_G","Defend_G","Defend_G","Strike_G","Strike_G","Strike_G","Strike_G","Survivor","Neutralize","Cloak And Dagger+1","Footwork","Acrobatics","Calculated Gamble","Envenom","Accuracy"],"relics":["Ring of the Snake","Ice Cream","Molten Egg 2","Anchor"],"potions_floor_usage":[12],"damage_taken":[{"damage":0,"enemies":"2 Louse","floor":1,"turns":5},{"damage":0,"enemies":"Cultist","floor":2,"turns":5},{"damage":0,"enemies":"Small Slimes","floor":4,"turns":5},{"damage":16,"enemies":"3 Louse","floor":5,"turns":5},{"damage":0,"enemies":"Large Slime","floor":8,"turns":7},{"damage":14,"enemies":"Lots of Slimes","floor":10,"turns":7},{"damage":18,"enemies":"3 Sentries","floor":11,"turns":14},{"damage":20,"enemies":"Lagavulin Event","floor":12,"turns":6}],"seed_played":"-6657309805653504255","potions_obtained":[{"floor":4,"key":"FairyPotion"},{"floor":5,"key":"SneckoOil"},{"floor":11,"key":"Swift Potion"}],"is_trial":false,"path_per_floor":["M","M","$","M","M","R","?","M","T","M","E","?"],"character_chosen":"THE_SILENT","items_purchased":["Footwork"],"campfire_rested":0,"item_purchase_floors":[3],"current_hp_per_floor":[59,59,59,59,43,43,43,43,43,29,11,0],"gold":282,"neow_bonus":"HUNDRED_GOLD","is_prod":false,"is_daily":false,"chose_seed":false,"campfire_upgraded":1,"win_rate":0,"timestamp":1550574251,"path_taken":["M","M","$","M","M","R","?","M","T","?","E","?"],"build_version":"2019-01-23","purchased_purges":1,"victory":false,"max_hp_per_floor":[66,66,66,66,66,66,66,66,66,66,66,66],"card_choices":[{"not_picked":["Dagger Spray","Heel Hook"],"picked":"Cloak And Dagger","floor":1},{"not_picked":["Dodge and Roll","Dagger Throw","Poisoned Stab"],"picked":"SKIP","floor":2},{"not_picked":["Poisoned Stab","Distraction","Reflex"],"picked":"SKIP","floor":4},{"not_picked":["Dagger Spray","Poisoned Stab"],"picked":"Acrobatics","floor":5},{"not_picked":["Eviscerate","Cloak And Dagger"],"picked":"Calculated Gamble","floor":8},{"not_picked":["Underhanded Strike+1","Expertise"],"picked":"Envenom","floor":10},{"not_picked":["Flying Knee+1","PiercingWail"],"picked":"Accuracy","floor":11}],"player_experience":844096,"relics_obtained":[{"floor":9,"key":"Molten Egg 2"},{"floor":11,"key":"Anchor"}],"event_choices":[{"damage_healed":0,"gold_gain":0,"player_choice":"Gave Potion","damage_taken":0,"relics_obtained":["Ice Cream"],"max_hp_gain":0,"max_hp_loss":0,"event_name":"WeMeetAgain","floor":7,"gold_loss":0},{"damage_healed":0,"gold_gain":0,"player_choice":"Searched \u00271\u0027 times","damage_taken":0,"max_hp_gain":0,"max_hp_loss":0,"event_name":"Dead Adventurer","floor":12,"gold_loss":0}],"is_beta":false,"boss_relics":[],"items_purged_floors":[3],"is_endless":false,"potions_floor_spawned":[4,5,11],"killed_by":"Lagavulin Event","ascension_level":15}