{"gold_per_floor":[109,109,126,143,143,143,218,230,280,280,152,185,201,216,216,291,291,305,305],"floor_reached":19,"playtime":696,"items_purged":["Strike_G"],"score":296,"play_id":"0605bafe-1073-44f8-8c5a-6f16ec8060b9","local_time":"20190214235855","is_ascension_mode":true,"campfire_choices":[{"data":"Neutralize","floor":6,"key":"SMITH"},{"data":"Bouncing Flask","floor":15,"key":"SMITH"}],"neow_cost":"NONE","seed_source_timestamp":189959920656715,"circlet_count":0,"master_deck":["AscendersBane","Defend_G","Defend_G","Defend_G","Defend_G","Defend_G","Strike_G","Strike_G","Strike_G","Survivor","Neutralize+1","Escape Plan","Reflex","Footwork","Infinite Blades","Poisoned Stab","Bouncing Flask+1","Burst","Backflip"],"relics":["Ring of the Snake","Smiling Mask","Anchor","Juzu Bracelet","Coffee Dripper"],"potions_floor_usage":[19],"damage_taken":[{"damage":5,"enemies":"Small Slimes","floor":1,"turns":5},{"damage":1,"enemies":"Cultist","floor":3,"turns":5},{"damage":0,"enemies":"2 Louse","floor":4,"turns":4},{"damage":4,"enemies":"2 Fungi Beasts","floor":8,"turns":5},{"damage":25,"enemies":"3 Sentries","floor":12,"turns":14},{"damage":4,"enemies":"Looter","floor":13,"turns":5},{"damage":0,"enemies":"Blue Slaver","floor":14,"turns":4},{"damage":8,"enemies":"The Guardian","floor":16,"turns":10},{"damage":1,"enemies":"Spheric Guardian","floor":18,"turns":3},{"damage":71,"enemies":"Masked Bandits","floor":19,"turns":5}],"seed_played":"9101712404432309600","potions_obtained":[{"floor":4,"key":"Poison Potion"},{"floor":8,"key":"FairyPotion"},{"floor":16,"key":"Dexterity Potion"}],"is_trial":false,"path_per_floor":["M","?","M","M","?","R","?","M","T","?","$","E","M","M","R","B",null,"M","?"],"character_chosen":"THE_SILENT","items_purchased":["Infinite Blades"],"campfire_rested":0,"item_purchase_floors":[11],"current_hp_per_floor":[54,54,53,53,58,58,47,43,43,43,43,18,14,14,14,6,55,54,0],"gold":305,"neow_bonus":"RANDOM_COMMON_RELIC","is_prod":false,"is_daily":false,"chose_seed":false,"campfire_upgraded":2,"win_rate":0,"timestamp":1550159935,"path_taken":["M","?","?","M","?","R","?","M","T","?","$","E","M","M","R","BOSS","M","?"],"build_version":"2019-01-23","purchased_purges":1,"victory":false,"max_hp_per_floor":[66,66,66,66,71,71,71,71,71,71,71,71,71,71,71,71,71,71,71],"card_choices":[{"not_picked":["Slice","Prepared"],"picked":"Escape Plan","floor":1},{"not_picked":["Dodge and Roll","Reflex","Quick Slash"],"picked":"SKIP","floor":3},{"not_picked":["Deflect","Expertise","PiercingWail"],"picked":"SKIP","floor":4},{"not_picked":["Slice","Outmaneuver"],"picked":"Footwork","floor":8},{"not_picked":["All Out Attack","Eviscerate","Dodge and Roll"],"picked":"SKIP","floor":12},{"not_picked":["Night Terror","Backflip"],"picked":"Poisoned Stab","floor":13},{"not_picked":["Dodge and Roll","Expertise"],"picked":"Bouncing Flask","floor":14},{"not_picked":["Night Terror","Glass Knife"],"picked":"Burst","floor":16},{"not_picked":["Underhanded Strike","Crippling Poison"],"picked":"Backflip","floor":18}],"player_experience":757718,"relics_obtained":[{"floor":9,"key":"Anchor"},{"floor":12,"key":"Juzu Bracelet"}],"event_choices":[{"damage_healed":0,"gold_gain":0,"cards_transformed":["Strike_G"],"player_choice":"Transformed","damage_taken":0,"max_hp_gain":0,"max_hp_loss":0,"event_name":"Transmorgrifier","floor":2,"gold_loss":0,"cards_obtained":["Reflex"]},{"damage_healed":0,"gold_gain":0,"player_choice":"Donut","damage_taken":0,"max_hp_gain":5,"max_hp_loss":0,"event_name":"Big Fish","floor":5,"gold_loss":0},{"damage_healed":0,"gold_gain":75,"player_choice":"Gather Gold","damage_taken":11,"max_hp_gain":0,"max_hp_loss":0,"event_name":"World of Goop","floor":7,"gold_loss":0},{"damage_healed":0,"gold_gain":0,"player_choice":"Ignored","damage_taken":0,"max_hp_gain":0,"max_hp_loss":0,"event_name":"Liars Game","floor":10,"gold_loss":0},{"damage_healed":0,"gold_gain":0,"player_choice":"Fought Bandits","damage_taken":0,"max_hp_gain":0,"max_hp_loss":0,"event_name":"Masked Bandits","floor":19,"gold_loss":0}],"is_beta":false,"boss_relics":[{"not_picked":["Astrolabe","Orrery"],"picked":"Coffee Dripper"}],"items_purged_floors":[11],"is_endless":false,"potions_floor_spawned":[4,8,12,16,18],"killed_by":"Masked Bandits","ascension_level":15}