{"gold_per_floor":[110,120,120,45,62,81,97,130,130,130,130,130,30,53,53,124,124,139,14,14,28,40,40,66,66,66,66,78,78,78,94,94,168,168,181,131,131,141,151,178,178,209,209,59,109,121,121,121,121,121,121,121,121,64,92,92],"floor_reached":56,"playtime":2778,"items_purged":["Pain","Strike_G","Strike_G","Strike_G"],"score":1996,"play_id":"5b865769-7098-443b-93e7-7b3ce727a2b0","local_time":"20190715013429","is_ascension_mode":true,"campfire_choices":[{"data":"Well Laid Plans","floor":10.0,"key":"SMITH"},{"data":"Deadly Poison","floor":12.0,"key":"SMITH"},{"data":"Neutralize","floor":15.0,"key":"SMITH"},{"floor":23.0,"key":"REST"},{"data":"Expertise","floor":25.0,"key":"SMITH"},{"floor":32.0,"key":"RECALL"},{"data":"Acrobatics","floor":41.0,"key":"SMITH"},{"data":"Tactician","floor":49.0,"key":"SMITH"},{"floor":53.0,"key":"REST"}],"neow_cost":"NONE","seed_source_timestamp":48552475714739,"circlet_count":0,"master_deck":["AscendersBane","Defend_G+1","Defend_G","Defend_G","Defend_G","Defend_G","Survivor+1","Neutralize+1","Deadly Poison+1","Well Laid Plans+1","Grand Finale","Prepared+1","Calculated Gamble+1","Riddle With Holes+1","Expertise+1","Acrobatics+1","Tactician+1","Backflip+1"],"special_seed":0,"relics":["Ring of the Snake","Bag of Marbles","WarpedTongs","Singing Bowl","Happy Flower","Ancient Tea Set","Astrolabe","Dream Catcher","White Beast Statue","Darkstone Periapt","Anchor","Pear","War Paint"],"potions_floor_usage":[56],"damage_taken":[{"damage":0.0,"enemies":"2 Louse","floor":1.0,"turns":4.0},{"damage":0.0,"enemies":"Cultist","floor":2.0,"turns":4.0},{"damage":0.0,"enemies":"Small Slimes","floor":5.0,"turns":4.0},{"damage":6.0,"enemies":"Looter","floor":6.0,"turns":3.0},{"damage":9.0,"enemies":"Exordium Wildlife","floor":7.0,"turns":7.0},{"damage":2.0,"enemies":"Lagavulin","floor":8.0,"turns":8.0},{"damage":22.0,"enemies":"The Guardian","floor":16.0,"turns":11.0},{"damage":4.0,"enemies":"Spheric Guardian","floor":18.0,"turns":4.0},{"damage":20.0,"enemies":"2 Thieves","floor":21.0,"turns":4.0},{"damage":5.0,"enemies":"Snecko","floor":22.0,"turns":4.0},{"damage":0.0,"enemies":"Slavers","floor":24.0,"turns":1.0},{"damage":9.0,"enemies":"Snake Plant","floor":28.0,"turns":3.0},{"damage":0.0,"enemies":"Cultist and Chosen","floor":31.0,"turns":2.0},{"damage":14.0,"enemies":"Champ","floor":33.0,"turns":8.0},{"damage":4.0,"enemies":"3 Shapes","floor":35.0,"turns":2.0},{"damage":7.0,"enemies":"Orb Walker","floor":38.0,"turns":3.0},{"damage":3.0,"enemies":"Transient","floor":39.0,"turns":6.0},{"damage":2.0,"enemies":"Nemesis","floor":40.0,"turns":5.0},{"damage":1.0,"enemies":"Giant Head","floor":42.0,"turns":5.0},{"damage":0.0,"enemies":"Spire Growth","floor":46.0,"turns":3.0},{"damage":13.0,"enemies":"Donu and Deca","floor":50.0,"turns":6.0},{"damage":51.0,"enemies":"Time Eater","floor":51.0,"turns":10.0},{"damage":0.0,"enemies":"Shield and Spear","floor":55.0,"turns":3.0},{"damage":106,"enemies":"The Heart","floor":56,"turns":9}],"seed_played":"4590766391187955523","potions_obtained":[{"floor":2.0,"key":"Swift Potion"},{"floor":6.0,"key":"FearPotion"},{"floor":8.0,"key":"Block Potion"},{"floor":16.0,"key":"SpeedPotion"},{"floor":24.0,"key":"GamblersBrew"},{"floor":31.0,"key":"Weak Potion"},{"floor":35.0,"key":"GhostInAJar"},{"floor":38.0,"key":"GhostInAJar"},{"floor":39.0,"key":"FearPotion"},{"floor":40.0,"key":"PowerPotion"},{"floor":42.0,"key":"Weak Potion"},{"floor":46.0,"key":"Ancient Potion"},{"floor":55.0,"key":"SneckoOil"}],"is_trial":false,"path_per_floor":["M","M","?","$","M","M","M","E","T","R","$","R","$","T","R","B",null,"M","$","?","M","M","R","E","R","T","?","M","$","?","M","R","B",null,"M","$","?","M","M","E","R","E","T","$","?","M","?","$","R","B","B",null,"R","$","E","B"],"character_chosen":"THE_SILENT","items_purchased":["Acrobatics","SkillPotion"],"campfire_rested":2,"item_purchase_floors":[36,54],"current_hp_per_floor":[59,59,59,59,59,53,44,44,44,44,44,44,44,44,44,22,57,55,55,35,17,12,35,37,37,37,37,30,30,30,32,32,20,69,67,67,67,60,57,57,57,58,68,68,68,70,70,70,70,57,6,79,105,105,107,1],"gold":92,"neow_bonus":"RANDOM_COMMON_RELIC","is_prod":false,"is_daily":false,"chose_seed":false,"campfire_upgraded":6,"win_rate":0,"timestamp":1563125669,"path_taken":["M","M","?","$","M","M","?","E","T","R","?","R","$","?","R","BOSS","M","$","?","M","M","R","E","R","T","?","M","?","?","M","R","BOSS","M","$","?","M","M","E","R","E","T","$","?","?","?","$","R","BOSS","BOSS","R","$","E","BOSS"],"build_version":"2019-07-05","purchased_purges":4,"victory":false,"max_hp_per_floor":[66,66,66,66,66,66,66,68,68,68,68,68,68,68,68,68,68,70,70,75,77,77,77,79,79,79,79,81,81,81,83,83,85,85,87,87,87,87,87,89,89,91,101,101,101,103,103,103,103,103,103,103,105,105,107,107],"card_choices":[{"not_picked":["Prepared","Infinite Blades"],"picked":"Deadly Poison","floor":1.0},{"not_picked":["Finisher","Leg Sweep"],"picked":"Well Laid Plans","floor":2.0},{"not_picked":["Deflect","Escape Plan"],"picked":"Tactician","floor":5.0},{"not_picked":["Outmaneuver","Flying Knee","Sucker Punch"],"picked":"SKIP","floor":6.0},{"not_picked":["Dagger Spray","Blade Dance"],"picked":"Dagger Throw","floor":7.0},{"not_picked":["All Out Attack","Dash","Masterful Stab"],"picked":"Singing Bowl","floor":8.0},{"not_picked":["Tools of the Trade","Phantasmal Killer"],"picked":"Grand Finale","floor":16.0},{"not_picked":["Prepared","Dodge and Roll","Underhanded Strike"],"picked":"Singing Bowl","floor":18.0},{"not_picked":["Quick Slash","Underhanded Strike","Outmaneuver"],"picked":"Singing Bowl","floor":21.0},{"not_picked":["Crippling Poison+1","Terror"],"picked":"Expertise","floor":22.0},{"not_picked":["Leg Sweep","Bane","Bullet Time"],"picked":"Singing Bowl","floor":24.0},{"not_picked":["Eviscerate","Outmaneuver","Prepared"],"picked":"Singing Bowl","floor":28.0},{"not_picked":["Well Laid Plans","Quick Slash+1","PiercingWail"],"picked":"Singing Bowl","floor":31.0},{"not_picked":["Phantasmal Killer","Die Die Die","Grand Finale"],"picked":"Singing Bowl","floor":33.0},{"not_picked":["Prepared","Quick Slash","Escape Plan+1"],"picked":"Singing Bowl","floor":35.0},{"not_picked":["Choke","Dagger Spray"],"picked":"Tactician","floor":38.0},{"not_picked":["Bane+1","Acrobatics"],"picked":"Backflip+1","floor":39.0},{"not_picked":["Venomology","Quick Slash","Deadly Poison"],"picked":"Singing Bowl","floor":40.0},{"not_picked":["Flying Knee","Dagger Spray+1","Masterful Stab"],"picked":"Singing Bowl","floor":42.0},{"not_picked":["Prepared+1","Masterful Stab","Setup"],"picked":"Singing Bowl","floor":46.0},{"not_picked":["Endless Agony","Dodge and Roll","Slice"],"picked":"Singing Bowl","floor":53.0},{"not_picked":["Endless Agony+1","Deadly Poison+1","Night Terror"],"picked":"Singing Bowl","floor":55.0}],"player_experience":5723466,"relics_obtained":[{"floor":8.0,"key":"Singing Bowl"},{"floor":9.0,"key":"Happy Flower"},{"floor":14.0,"key":"Ancient Tea Set"},{"floor":24.0,"key":"Dream Catcher"},{"floor":40.0,"key":"Darkstone Periapt"},{"floor":42.0,"key":"Anchor"},{"floor":43.0,"key":"Pear"},{"floor":55.0,"key":"War Paint"}],"event_choices":[{"damage_healed":0.0,"max_hp_gain":0.0,"max_hp_loss":0.0,"gold_gain":0.0,"event_name":"Accursed Blacksmith","player_choice":"Rummage","floor":3.0,"gold_loss":0.0,"damage_taken":0.0,"relics_obtained":["WarpedTongs"],"cards_obtained":["Pain"]},{"damage_healed":0.0,"max_hp_gain":5.0,"max_hp_loss":0.0,"gold_gain":0.0,"event_name":"Forgotten Altar","player_choice":"Shed Blood","floor":20.0,"gold_loss":0.0,"damage_taken":25.0},{"damage_healed":0.0,"max_hp_gain":0.0,"max_hp_loss":0.0,"gold_gain":0.0,"event_name":"Cursed Tome","player_choice":"Ignored","floor":27.0,"gold_loss":0.0,"damage_taken":0.0},{"damage_healed":0.0,"max_hp_gain":0.0,"max_hp_loss":0.0,"gold_gain":0.0,"event_name":"N\u0027loth","player_choice":"Ignored","floor":30.0,"gold_loss":0.0,"damage_taken":0.0},{"damage_healed":0.0,"max_hp_gain":0.0,"max_hp_loss":0.0,"gold_gain":0.0,"event_name":"Mysterious Sphere","player_choice":"Ignored","floor":37.0,"gold_loss":0.0,"damage_taken":0.0},{"damage_healed":0.0,"max_hp_gain":0.0,"max_hp_loss":0.0,"gold_gain":50.0,"event_name":"Golden Shrine","player_choice":"Pray","floor":45.0,"gold_loss":0.0,"damage_taken":0.0},{"cards_removed":["Dagger Throw"],"damage_healed":0.0,"max_hp_gain":0.0,"max_hp_loss":0.0,"gold_gain":0.0,"event_name":"Falling","player_choice":"Removed Attack","floor":47.0,"gold_loss":0.0,"damage_taken":0.0}],"is_beta":false,"boss_relics":[{"not_picked":["Black Star","HoveringKite"],"picked":"Astrolabe"},{"not_picked":["Sozu","Fusion Hammer"],"picked":"White Beast Statue"}],"items_purged_floors":[4,13,19,44],"is_endless":false,"potions_floor_spawned":[2,6,8,16,24,31,35,38,39,40,42,46,55],"killed_by":"The Heart","ascension_level":20}