{"gold_per_floor":[117,135,135,60,25,25,51,51,77,77,95,95,113,124,124,195,195,209,209,209,227,227],"floor_reached":22,"playtime":668,"items_purged":["Strike_G"],"score":418,"play_id":"1d2f12b7-5146-4a9d-9626-1f82b8b75336","local_time":"20190126233254","is_ascension_mode":true,"campfire_choices":[{"data":"Neutralize","floor":6.0,"key":"SMITH"},{"data":"Caltrops","floor":8.0,"key":"SMITH"},{"data":"Survivor","floor":10.0,"key":"SMITH"},{"data":"Noxious Fumes","floor":15.0,"key":"SMITH"}],"neow_cost":"NONE","seed_source_timestamp":53481979433408,"circlet_count":0,"master_deck":["AscendersBane","Defend_G+1","Defend_G+1","Defend_G","Defend_G","Defend_G","Strike_G","Strike_G","Strike_G+1","Survivor+1","Neutralize+1","Deadly Poison+1","Caltrops+1","Well Laid Plans","Noxious Fumes+1","Envenom"],"special_seed":0,"relics":["Ring of the Snake","NeowsBlessing","Letter Opener","War Paint","Mummified Hand","Sozu","FaceOfCleric"],"potions_floor_usage":[],"damage_taken":[{"damage":0.0,"enemies":"2 Louse","floor":1.0,"turns":1.0},{"damage":0.0,"enemies":"Jaw Worm","floor":2.0,"turns":1.0},{"damage":0.0,"enemies":"Gremlin Nob","floor":7.0,"turns":1.0},{"damage":1.0,"enemies":"Small Slimes","floor":11.0,"turns":3.0},{"damage":4.0,"enemies":"Red Slaver","floor":13.0,"turns":3.0},{"damage":9.0,"enemies":"3 Louse","floor":14.0,"turns":3.0},{"damage":21.0,"enemies":"Slime Boss","floor":16.0,"turns":11.0},{"damage":9.0,"enemies":"theJungle:GiantWrat","floor":18.0,"turns":7.0},{"damage":6,"enemies":"Shell Parasite","floor":21,"turns":5},{"damage":33,"enemies":"theJungle:JungleHuntersEncounter","floor":22,"turns":3}],"seed_played":"4747635329078839669","potions_obtained":[{"floor":2.0,"key":"GhostInAJar"},{"floor":13.0,"key":"SteroidPotion"},{"floor":14.0,"key":"Strength Potion"},{"floor":16.0,"key":"SteroidPotion"}],"is_trial":false,"path_per_floor":["M","M","?","$","?","R","E","R","T","R","M","?","M","M","R","B",null,"M","?","?","M","M"],"character_chosen":"THE_SILENT","items_purchased":[],"campfire_rested":0,"item_purchase_floors":[],"current_hp_per_floor":[59,59,39,39,55,55,55,55,55,55,54,54,50,41,41,20,55,46,31,31,26,0],"gold":227,"neow_bonus":"THREE_ENEMY_KILL","is_prod":false,"is_daily":false,"chose_seed":false,"campfire_upgraded":4,"win_rate":0,"timestamp":1548516774,"path_taken":["M","M","?","?","?","R","E","R","T","R","M","?","M","M","R","BOSS","M","?","?","M","M"],"build_version":"2019-01-23","purchased_purges":1,"victory":false,"max_hp_per_floor":[66,66,66,66,66,66,66,66,66,66,66,66,66,66,66,66,66,66,66,66,67,67],"card_choices":[{"not_picked":["Backflip","Flying Knee"],"picked":"Deadly Poison","floor":1.0},{"not_picked":["Poisoned Stab","Dagger Spray"],"picked":"Caltrops","floor":2.0},{"not_picked":["Slice","Sucker Punch","Skewer"],"picked":"SKIP","floor":7.0},{"not_picked":["Sucker Punch","Backflip"],"picked":"Well Laid Plans","floor":11.0},{"not_picked":["Flechettes","Skewer"],"picked":"Noxious Fumes","floor":13.0},{"not_picked":["PiercingWail","Blade Dance","Underhanded Strike"],"picked":"SKIP","floor":14.0},{"not_picked":["Die Die Die","Doppelganger"],"picked":"Envenom","floor":16.0},{"not_picked":["Heel Hook","Bane","Quick Slash+1"],"picked":"SKIP","floor":18.0},{"not_picked":["All Out Attack","Masterful Stab","Finisher"],"picked":"SKIP","floor":21}],"player_experience":2301859,"relics_obtained":[{"floor":7.0,"key":"Letter Opener"},{"floor":9.0,"key":"War Paint"}],"event_choices":[{"damage_healed":0.0,"max_hp_gain":0.0,"max_hp_loss":0.0,"gold_gain":0.0,"event_name":"Shining Light","player_choice":"Entered Light","floor":3.0,"gold_loss":0.0,"damage_taken":20.0,"cards_upgraded":["Strike_G","Deadly Poison"]},{"damage_healed":16.0,"max_hp_gain":0.0,"max_hp_loss":0.0,"gold_gain":0.0,"event_name":"The Cleric","player_choice":"Healed","floor":5.0,"gold_loss":35.0,"damage_taken":0.0},{"damage_healed":0.0,"max_hp_gain":0.0,"max_hp_loss":0.0,"gold_gain":0.0,"event_name":"WeMeetAgain","player_choice":"Gave Potion","floor":12.0,"gold_loss":0.0,"damage_taken":0.0,"relics_obtained":["Mummified Hand"]},{"damage_healed":0,"gold_gain":0,"player_choice":"Trade","damage_taken":0,"relics_obtained":["FaceOfCleric"],"max_hp_gain":0,"max_hp_loss":0,"event_name":"FaceTrader","floor":20,"gold_loss":0}],"is_beta":false,"boss_relics":[{"not_picked":["Runic Dome","Cursed Key"],"picked":"Sozu"}],"items_purged_floors":[4],"is_endless":false,"potions_floor_spawned":[2,13,14,16,18],"killed_by":"theJungle:JungleHuntersEncounter","ascension_level":20}