{"gold_per_floor":[110,110,110,35,35,35,70,28,28,38,38,38],"floor_reached":12,"playtime":112,"items_purged":[],"score":198,"play_id":"d120fcd2-f35e-40ce-ac9c-6aeecfabafa2","local_time":"20181119201835","is_ascension_mode":true,"campfire_choices":[{"data":"Zap","floor":6,"key":"SMITH"},{"data":"Ball Lightning","floor":11,"key":"SMITH"}],"neow_cost":"NONE","seed_source_timestamp":1675760757606967,"circlet_count":0,"master_deck":["AscendersBane","Strike_B","Strike_B","Defend_B","Defend_B+1","Defend_B","Zap+1","Dualcast+1","Ball Lightning+1","Blizzard"],"special_seed":0,"relics":["Cracked Core","NeowsBlessing","Prayer Wheel","War Paint","Ginger"],"potions_floor_usage":[12],"damage_taken":[{"damage":0.0,"enemies":"Cultist","floor":1.0,"turns":1.0},{"damage":0,"enemies":"Gremlin Nob","floor":7,"turns":1},{"damage":0,"enemies":"2 Louse","floor":10,"turns":1},{"damage":27,"enemies":"Lagavulin","floor":12,"turns":4}],"seed_played":"-8931851051815212948","potions_obtained":[{"floor":1.0,"key":"FearPotion"}],"is_trial":false,"path_per_floor":["M","?","?","?","?","R","E","$","T","M","R","E"],"character_chosen":"DEFECT","items_purchased":["Blizzard"],"campfire_rested":0,"item_purchase_floors":[8],"current_hp_per_floor":[64,64,19,19,19,19,19,19,19,19,19,0],"gold":38,"neow_bonus":"THREE_ENEMY_KILL","is_prod":false,"is_daily":false,"chose_seed":false,"campfire_upgraded":2,"win_rate":0,"timestamp":1542629915,"path_taken":["M","?","?","?","?","R","E","$","T","?","R","E"],"build_version":"2018-11-15","purchased_purges":0,"victory":false,"max_hp_per_floor":[71,71,71,71,71,71,71,71,71,71,71,71],"card_choices":[{"not_picked":["Genetic Algorithm","Turbo","Leap"],"picked":"SKIP","floor":1.0},{"not_picked":["Leap","Static Discharge"],"picked":"Ball Lightning","floor":7},{"not_picked":["Stack","Fusion","Compile Driver"],"picked":"SKIP","floor":10},{"not_picked":["Gash","Leap","Turbo"],"picked":"SKIP","floor":10}],"player_experience":565913,"relics_obtained":[{"floor":7,"key":"War Paint"},{"floor":9,"key":"Ginger"}],"event_choices":[{"cards_removed":["Strike_B"],"damage_healed":0,"gold_gain":0,"player_choice":"Forget","damage_taken":0,"max_hp_gain":0,"max_hp_loss":0,"event_name":"Living Wall","floor":2,"gold_loss":0},{"damage_healed":0,"gold_gain":0,"player_choice":"Success","damage_taken":45,"relics_obtained":["Prayer Wheel"],"max_hp_gain":0,"max_hp_loss":0,"event_name":"Scrap Ooze","floor":3,"gold_loss":0},{"cards_removed":["Strike_B"],"damage_healed":0,"gold_gain":0,"player_choice":"Card Removal","damage_taken":0,"max_hp_gain":0,"max_hp_loss":0,"event_name":"The Cleric","floor":4,"gold_loss":75},{"cards_removed":["Defend_B"],"damage_healed":0,"gold_gain":0,"player_choice":"Offered Basic","damage_taken":0,"max_hp_gain":0,"max_hp_loss":0,"event_name":"Bonfire Elementals","floor":5,"gold_loss":0}],"is_beta":true,"boss_relics":[],"items_purged_floors":[],"is_endless":false,"potions_floor_spawned":[1],"killed_by":"Lagavulin","ascension_level":20}