{"gold_per_floor":[114,128,49,49,49,74,74,95,165,165,182,198,198,198,198,287,287,267,267,192,205,205,205,228,228,303,303,326,326,345,369,369,464,464,477,477,497,497],"floor_reached":38,"playtime":1228,"items_purged":["Strike_B"],"score":853,"play_id":"8bc75969-fc44-454f-aea7-6d7d376cab4b","local_time":"20181219130212","is_ascension_mode":true,"campfire_choices":[{"data":"Defragment","floor":7,"key":"SMITH"},{"data":"Zap","floor":10,"key":"SMITH"},{"data":"Dualcast","floor":15,"key":"SMITH"},{"data":"Coolheaded","floor":23,"key":"SMITH"},{"data":"Coolheaded","floor":25,"key":"SMITH"},{"floor":27,"key":"RECALL"},{"data":"Conserve Battery","floor":32,"key":"SMITH"}],"neow_cost":"NONE","seed_source_timestamp":12623988853377,"circlet_count":0,"master_deck":["AscendersBane","Zap+1","Dualcast+1","Glacier","Conserve Battery+1","Defragment+1","Coolheaded+1","Core Surge","Loop+1","Coolheaded+1","Gash","Static Discharge+1","Ball Lightning","Gash","All For One","Scrape","FTL","Hello World+1","Scrape","All For One","Capacitor+1"],"relics":["Cracked Core","NeowsBlessing","Blood Vial","Odd Mushroom","Frozen Egg 2","Golden Idol","Runic Pyramid","Letter Opener","Pandora\u0027s Box"],"potions_floor_usage":[16,16,21,31,33,33,35,37,37],"damage_taken":[{"damage":0,"enemies":"2 Louse","floor":1,"turns":1},{"damage":0,"enemies":"Small Slimes","floor":2,"turns":1},{"damage":0,"enemies":"Gremlin Nob","floor":6,"turns":1},{"damage":28,"enemies":"The Mushroom Lair","floor":8,"turns":6},{"damage":5,"enemies":"Jaw Worm","floor":11,"turns":2},{"damage":0,"enemies":"Exordium Thugs","floor":12,"turns":7},{"damage":0,"enemies":"The Guardian","floor":16,"turns":15},{"damage":24,"enemies":"2 Thieves","floor":18,"turns":4},{"damage":7,"enemies":"3 Byrds","floor":21,"turns":6},{"damage":9,"enemies":"Snake Plant","floor":24,"turns":5},{"damage":0,"enemies":"Centurion and Healer","floor":28,"turns":9},{"damage":15,"enemies":"Chosen and Byrds","floor":30,"turns":4},{"damage":0,"enemies":"Snecko","floor":31,"turns":5},{"damage":19,"enemies":"Champ","floor":33,"turns":10},{"damage":2,"enemies":"Orb Walker","floor":35,"turns":2},{"damage":55,"enemies":"3 Darklings","floor":37,"turns":6},{"damage":8,"enemies":"Jaw Worm Horde","floor":38,"turns":1}],"seed_played":"8583615266261763765","potions_obtained":[{"floor":2,"key":"Fire Potion"},{"floor":6,"key":"Weak Potion"},{"floor":19,"key":"EntropicBrew"},{"floor":19,"key":"Fruit Juice"},{"floor":21,"key":"Swift Potion"},{"floor":30,"key":"Regen Potion"},{"floor":33,"key":"Block Potion"},{"floor":35,"key":"Explosive Potion"}],"is_trial":false,"path_per_floor":["M","M","$","?","$","E","R","?","T","R","M","M","?","?","R","B",null,"M","?","$","M","?","R","M","R","T","R","M","T","M","M","R","B",null,"M","?","M","M"],"character_chosen":"DEFECT","items_purchased":["Defragment"],"campfire_rested":0,"item_purchase_floors":[3],"current_hp_per_floor":[64,64,64,69,69,69,69,43,43,43,40,42,42,42,42,44,63,41,41,41,41,41,41,34,34,34,34,36,36,23,39,39,37,65,65,54,1,0],"gold":497,"neow_bonus":"THREE_ENEMY_KILL","is_prod":false,"is_daily":false,"chose_seed":false,"campfire_upgraded":6,"win_rate":0,"timestamp":1545195732,"path_taken":["M","M","$","?","$","E","R","?","T","R","M","M","?","?","R","BOSS","M","?","$","?","?","R","M","R","T","R","M","?","M","M","R","BOSS","M","?","M","M"],"build_version":"2018-12-13","purchased_purges":1,"victory":false,"max_hp_per_floor":[71,71,71,76,76,76,76,76,76,76,76,76,76,69,69,69,69,69,69,69,74,74,74,74,74,74,74,74,74,74,74,74,74,74,74,74,74,74],"card_choices":[{"not_picked":["Ball Lightning","Steam Power"],"picked":"Glacier","floor":1},{"not_picked":["Sweeping Beam","Go for the Eyes"],"picked":"Conserve Battery","floor":2},{"not_picked":["Go for the Eyes","BootSequence","Scrape"],"picked":"SKIP","floor":6},{"not_picked":["Barrage","Leap","Beam Cell"],"picked":"SKIP","floor":11},{"not_picked":["Sunder","BootSequence"],"picked":"Coolheaded","floor":12},{"not_picked":["Biased Cognition+1","Seek"],"picked":"Core Surge","floor":16},{"not_picked":["Steam","White Noise"],"picked":"Loop+1","floor":18},{"not_picked":["BootSequence","Sweeping Beam"],"picked":"Coolheaded","floor":21},{"not_picked":["Compile Driver","Leap+1"],"picked":"Ball Lightning","floor":24},{"not_picked":["Tempest+1","Beam Cell","Ball Lightning"],"picked":"SKIP","floor":28},{"not_picked":["Rebound","Go for the Eyes"],"picked":"Gash","floor":30},{"not_picked":["Conserve Battery","Streamline","Rip and Tear"],"picked":"SKIP","floor":31},{"not_picked":["Thunder Strike","Buffer+1"],"picked":"All For One","floor":33},{"not_picked":["Sunder","Ball Lightning+1","Cold Snap"],"picked":"SKIP","floor":35},{"not_picked":["Hologram+1","Tempest"],"picked":"Capacitor+1","floor":37}],"player_experience":1373428,"relics_obtained":[{"floor":6,"key":"Blood Vial"},{"floor":8,"key":"Odd Mushroom"},{"floor":9,"key":"Frozen Egg 2"},{"floor":26,"key":"Letter Opener"}],"event_choices":[{"damage_healed":0,"gold_gain":0,"player_choice":"Donut","damage_taken":0,"max_hp_gain":5,"max_hp_loss":0,"event_name":"Big Fish","floor":4,"gold_loss":0},{"damage_healed":0,"gold_gain":0,"player_choice":"Fought Mushrooms","damage_taken":0,"max_hp_gain":0,"max_hp_loss":0,"event_name":"Mushrooms","floor":8,"gold_loss":0},{"damage_healed":0,"gold_gain":0,"player_choice":"Ignored","damage_taken":0,"max_hp_gain":0,"max_hp_loss":0,"event_name":"Liars Game","floor":13,"gold_loss":0},{"damage_healed":0,"gold_gain":0,"player_choice":"Lose Max HP","damage_taken":0,"relics_obtained":["Golden Idol"],"max_hp_gain":0,"max_hp_loss":7,"event_name":"Golden Idol","floor":14,"gold_loss":0},{"damage_healed":0,"gold_gain":0,"player_choice":"Got Potions","damage_taken":0,"max_hp_gain":0,"max_hp_loss":0,"event_name":"Lab","floor":19,"gold_loss":0},{"damage_healed":0,"gold_gain":0,"cards_transformed":["Strike_B","Defend_B"],"player_choice":"Became Test Subject","damage_taken":0,"max_hp_gain":0,"max_hp_loss":0,"event_name":"Drug Dealer","floor":22,"gold_loss":0,"cards_obtained":["Gash","Static Discharge"]},{"damage_healed":0,"gold_gain":0,"player_choice":"Damaged","damage_taken":11,"max_hp_gain":0,"max_hp_loss":0,"event_name":"Wheel of Change","floor":36,"gold_loss":0}],"is_beta":false,"boss_relics":[{"not_picked":["Sozu","Astrolabe"],"picked":"Runic Pyramid"},{"not_picked":["Black Star","Orrery"],"picked":"Pandora\u0027s Box"}],"items_purged_floors":[20],"is_endless":false,"potions_floor_spawned":[2,6,11,21,30,33,35],"killed_by":"Jaw Worm Horde","ascension_level":18}