{"gold_per_floor":[114,114,114,133,153,153,153,153,153,168,168,168,168,148,148,224,224,237,256,256,106,124,154,154],"floor_reached":24,"playtime":483,"items_purged":["Pain"],"score":408,"play_id":"c43384be-91f3-460e-9f6f-fbdbcd1fbfd0","local_time":"20181204162815","is_ascension_mode":true,"campfire_choices":[{"data":"Bouncing Flask","floor":6.0,"key":"SMITH"},{"data":"Neutralize","floor":8.0,"key":"SMITH"},{"data":"Survivor","floor":11.0,"key":"SMITH"},{"floor":13.0,"key":"RECALL"},{"data":"Defend_G","floor":15.0,"key":"SMITH"}],"neow_cost":"NONE","seed_source_timestamp":966187920419,"circlet_count":0,"master_deck":["AscendersBane","Defend_G+1","Defend_G","Defend_G","Defend_G","Defend_G","Strike_G","Strike_G","Strike_G","Strike_G","Survivor+1","Neutralize+1","Bouncing Flask+1","Corpse Explosion","Escape Plan","Clumsy","Noxious Fumes"],"special_seed":0,"relics":["Ring of the Snake","NeowsBlessing","PreservedInsect","WarpedTongs","Pantograph","Cursed Key","Bag of Preparation","Ninja Scroll"],"potions_floor_usage":[],"damage_taken":[{"damage":0.0,"enemies":"2 Louse","floor":1.0,"turns":2.0},{"damage":0.0,"enemies":"Small Slimes","floor":4.0,"turns":1.0},{"damage":0.0,"enemies":"Cultist","floor":5.0,"turns":1.0},{"damage":4.0,"enemies":"3 Louse","floor":10.0,"turns":5.0},{"damage":32.0,"enemies":"The Guardian","floor":16.0,"turns":8.0},{"damage":2.0,"enemies":"Spheric Guardian","floor":18.0,"turns":3.0},{"damage":4.0,"enemies":"Chosen","floor":19.0,"turns":5.0},{"damage":0.0,"enemies":"3 Cultists","floor":22.0,"turns":3.0},{"damage":31,"enemies":"Slavers","floor":23,"turns":3},{"damage":12,"enemies":"Snake Plant","floor":24,"turns":3}],"seed_played":"7103662422600897179","potions_obtained":[{"floor":5.0,"key":"FearPotion"},{"floor":14.0,"key":"Dexterity Potion"},{"floor":16.0,"key":"Dexterity Potion"},{"floor":22.0,"key":"EssenceOfSteel"}],"is_trial":false,"path_per_floor":["M","?","?","M","M","R","?","R","T","M","R","?","R","?","R","B",null,"M","M","T","$","M","E","M"],"character_chosen":"THE_SILENT","items_purchased":["Noxious Fumes"],"campfire_rested":0,"item_purchase_floors":[21],"current_hp_per_floor":[59,33,33,33,33,33,33,33,33,29,29,34,34,34,34,27,60,58,54,54,54,54,23,11],"gold":154,"neow_bonus":"THREE_ENEMY_KILL","is_prod":false,"is_daily":false,"chose_seed":false,"campfire_upgraded":4,"win_rate":0,"timestamp":1543912095,"path_taken":["M","?","?","?","M","R","?","R","T","?","R","?","R","?","R","BOSS","M","?","?","$","M","E","M"],"build_version":"2018-11-15","purchased_purges":1,"victory":false,"max_hp_per_floor":[66,66,66,66,66,66,66,66,66,66,66,71,71,71,71,71,71,71,71,71,71,71,71,71],"card_choices":[{"not_picked":["Outmaneuver","Flying Knee"],"picked":"Bouncing Flask","floor":1.0},{"not_picked":["Dagger Throw","Heel Hook","Riddle With Holes"],"picked":"SKIP","floor":4.0},{"not_picked":["Bane","Quick Slash","Blade Dance"],"picked":"SKIP","floor":5.0},{"not_picked":["Blade Dance","Quick Slash","PiercingWail"],"picked":"SKIP","floor":10.0},{"not_picked":["Night Terror","Venomology"],"picked":"Corpse Explosion","floor":16.0},{"not_picked":["Cloak And Dagger","Dagger Throw","Bane+1"],"picked":"SKIP","floor":18.0},{"not_picked":["Blade Dance","Bane"],"picked":"Escape Plan","floor":19.0},{"not_picked":["Blade Dance","Underhanded Strike","Storm of Steel"],"picked":"SKIP","floor":22.0},{"not_picked":["Envenom","Sucker Punch","Quick Slash"],"picked":"SKIP","floor":23}],"player_experience":1145817,"relics_obtained":[{"floor":9.0,"key":"Pantograph"},{"floor":20.0,"key":"Bag of Preparation"},{"floor":23,"key":"Ninja Scroll"}],"event_choices":[{"damage_healed":0.0,"max_hp_gain":0.0,"max_hp_loss":0.0,"gold_gain":0.0,"event_name":"Scrap Ooze","player_choice":"Success","floor":2.0,"gold_loss":0.0,"damage_taken":26.0,"relics_obtained":["PreservedInsect"]},{"cards_removed":["Strike_G"],"damage_healed":0.0,"max_hp_gain":0.0,"max_hp_loss":0.0,"gold_gain":0.0,"event_name":"Purifier","player_choice":"Purged","floor":3.0,"gold_loss":0.0,"damage_taken":0.0},{"damage_healed":0.0,"max_hp_gain":0.0,"max_hp_loss":0.0,"gold_gain":0.0,"event_name":"Accursed Blacksmith","player_choice":"Rummage","floor":7.0,"gold_loss":0.0,"damage_taken":0.0,"relics_obtained":["WarpedTongs"],"cards_obtained":["Pain"]},{"damage_healed":0.0,"max_hp_gain":5.0,"max_hp_loss":0.0,"gold_gain":0.0,"event_name":"Big Fish","player_choice":"Donut","floor":12.0,"gold_loss":0.0,"damage_taken":0.0},{"damage_healed":0.0,"max_hp_gain":0.0,"max_hp_loss":0.0,"gold_gain":0.0,"event_name":"The Woman in Blue","player_choice":"Bought 1 Potion","floor":14.0,"gold_loss":0.0,"damage_taken":0.0}],"is_beta":false,"boss_relics":[{"not_picked":["Calling Bell","White Beast Statue"],"picked":"Cursed Key"}],"items_purged_floors":[21],"is_endless":false,"potions_floor_spawned":[5,16,18,22],"killed_by":"Snake Plant","ascension_level":20}