{"gold_per_floor":[213,16,16,16,30,30,64,82,82,82,99,99,119,133,133,206,206,225,150,150,16,29,29,40,69,69,69,69,85,85,116,116,191,191,205,10,10,23,70,70,98,128,128,141,141,141,141,157,157,157,157,157,7,35,35],"floor_reached":56,"playtime":2027,"items_purged":["Strike_G","Strike_G","Strike_G","Strike_G"],"score":2019,"play_id":"56a182d1-805b-4eb1-bd67-8fa3a3c7331d","local_time":"20190219012733","is_ascension_mode":true,"campfire_choices":[{"data":"Neutralize","floor":6.0,"key":"SMITH"},{"data":"Flex","floor":10.0,"key":"SMITH"},{"data":"Venomology","floor":12.0,"key":"SMITH"},{"data":"Hyperbeam","floor":15.0,"key":"SMITH"},{"floor":23.0,"key":"REST"},{"data":"Beam Cell","floor":27.0,"key":"SMITH"},{"floor":32.0,"key":"REST"},{"data":"Blade Dance","floor":40.0,"key":"SMITH"},{"data":"Hyperbeam","floor":45.0,"key":"SMITH"},{"floor":49.0,"key":"RECALL"},{"floor":52.0,"key":"REST"}],"neow_cost":"NONE","seed_source_timestamp":0,"circlet_count":0,"master_deck":["AscendersBane","Defend_G","Defend_G+1","Defend_G+1","Defend_G","Defend_G","Survivor","Neutralize+1","Backflip","Venomology+1","Flex+1","Hyperbeam+1","Infinite Blades+1","Blade Dance+1","Beam Cell+1","Hyperbeam+1","Accuracy+1","Hyperbeam+1","Cloak And Dagger+1","Rage+1","Second Wind+1"],"special_seed":0,"relics":["Ring of the Snake","PrismaticShard","WingedGreaves","Singing Bowl","Runic Dome","Matryoshka","Happy Flower","Snake Skull","Frozen Egg 2","Kunai","Runic Pyramid","Anchor","Pen Nib","Toxic Egg 2","Bottled Flame","Lantern"],"potions_floor_usage":[55,55],"damage_taken":[{"damage":3.0,"enemies":"2 Louse","floor":1.0,"turns":4.0},{"damage":8.0,"enemies":"Jaw Worm","floor":5.0,"turns":10.0},{"damage":13.0,"enemies":"3 Sentries","floor":7.0,"turns":17.0},{"damage":0.0,"enemies":"Cultist","floor":8.0,"turns":6.0},{"damage":3.0,"enemies":"Gremlin Gang","floor":11.0,"turns":4.0},{"damage":6.0,"enemies":"Red Slaver","floor":13.0,"turns":6.0},{"damage":0.0,"enemies":"2 Fungi Beasts","floor":14.0,"turns":1.0},{"damage":6.0,"enemies":"Slime Boss","floor":16.0,"turns":7.0},{"damage":6.0,"enemies":"Shell Parasite","floor":18.0,"turns":7.0},{"damage":16.0,"enemies":"Spheric Guardian","floor":22.0,"turns":5.0},{"damage":8.0,"enemies":"Shelled Parasite and Fungi","floor":24.0,"turns":3.0},{"damage":2.0,"enemies":"Book of Stabbing","floor":25.0,"turns":6.0},{"damage":35.0,"enemies":"Chosen and Byrds","floor":29.0,"turns":5.0},{"damage":0.0,"enemies":"Gremlin Leader","floor":31.0,"turns":4.0},{"damage":45.0,"enemies":"Collector","floor":33.0,"turns":8.0},{"damage":0.0,"enemies":"3 Darklings","floor":35.0,"turns":2.0},{"damage":5.0,"enemies":"Orb Walker","floor":38.0,"turns":2.0},{"damage":7.0,"enemies":"Giant Head","floor":41.0,"turns":6.0},{"damage":22.0,"enemies":"Nemesis","floor":42.0,"turns":5.0},{"damage":0.0,"enemies":"Sphere and 2 Shapes","floor":44.0,"turns":1.0},{"damage":0.0,"enemies":"Maw","floor":48.0,"turns":5.0},{"damage":15.0,"enemies":"Time Eater","floor":50.0,"turns":10.0},{"damage":27.0,"enemies":"Shield and Spear","floor":54.0,"turns":6.0},{"damage":66,"enemies":"The Heart","floor":55,"turns":10}],"seed_played":"-6312696905036841385","potions_obtained":[{"floor":8.0,"key":"Explosive Potion"},{"floor":16.0,"key":"SneckoOil"},{"floor":29.0,"key":"FearPotion"},{"floor":33.0,"key":"LiquidBronze"},{"floor":44.0,"key":"PowerPotion"}],"is_trial":false,"path_per_floor":["M","$","?","?","M","R","E","M","T","R","M","R","M","M","R","B",null,"M","$","?","$","M","R","M","E","T","R","$","M","?","E","R","B",null,"M","$","?","M","T","R","E","E","T","M","R","$","?","M","R","B",null,"R","$","E","B",null],"character_chosen":"THE_SILENT","items_purchased":["PrismaticShard","Infinite Blades","Accuracy+1"],"campfire_rested":3,"item_purchase_floors":[2,21,36],"current_hp_per_floor":[56,56,36,36,28,28,15,15,15,15,14,14,8,10,10,6,56,52,52,52,52,38,60,52,50,50,50,50,17,17,19,43,13,63,65,65,65,60,60,60,55,35,35,35,35,35,35,37,37,22,72,88,88,61,6],"gold":35,"neow_bonus":"HUNDRED_GOLD","is_prod":false,"is_daily":false,"chose_seed":false,"campfire_upgraded":7,"win_rate":0,"timestamp":1550510853,"path_taken":["M","$","?","?","M","R","E","M","T","R","M","R","M","M","R","BOSS","M","$","?","$","?","R","?","E","T","R","?","M","?","E","R","BOSS","M","$","?","?","?","R","E","E","T","?","R","?","?","M","R","BOSS","R","$","E","BOSS"],"build_version":"2019-01-23","purchased_purges":4,"victory":true,"max_hp_per_floor":[66,66,66,66,66,66,66,66,66,66,68,68,68,70,70,72,72,74,74,74,74,76,76,76,76,76,76,76,78,78,80,80,80,80,82,82,82,82,82,82,84,86,86,86,86,86,86,88,88,88,88,88,88,88,88],"card_choices":[{"not_picked":["Distraction","Dagger Spray"],"picked":"Backflip","floor":1.0},{"not_picked":["Leap","Acrobatics","Barrage"],"picked":"SKIP","floor":5.0},{"not_picked":["Underhanded Strike","Sweeping Beam","Warcry"],"picked":"SKIP","floor":7.0},{"not_picked":["Rampage","Warcry"],"picked":"Flex","floor":8.0},{"not_picked":["PiercingWail","Acrobatics","Sunder"],"picked":"Singing Bowl","floor":11.0},{"not_picked":["Deadly Poison","Pommel Strike"],"picked":"Hyperbeam","floor":13.0},{"not_picked":["Reckless Charge","Slice","Prepared"],"picked":"Singing Bowl","floor":14.0},{"not_picked":["Fission","Biased Cognition","Panache"],"picked":"Singing Bowl","floor":16.0},{"not_picked":["Sunder","Barrage+1","Panacea"],"picked":"Singing Bowl","floor":18.0},{"not_picked":["Prepared","Impatience","Shrug It Off"],"picked":"Singing Bowl","floor":22.0},{"not_picked":["Searing Blow","Seeing Red"],"picked":"Blade Dance","floor":24.0},{"not_picked":["Anger","Cold Snap+1"],"picked":"Beam Cell","floor":25.0},{"not_picked":["Entrench","Capacitor+1","Melter"],"picked":"Singing Bowl","floor":29.0},{"not_picked":["Carnage","Blizzard+1","Gash"],"picked":"Singing Bowl","floor":31.0},{"not_picked":["Buffer+1","The Bomb"],"picked":"Hyperbeam","floor":33.0},{"not_picked":["Coolheaded","Beam Cell","Reckless Charge"],"picked":"Singing Bowl","floor":35.0},{"not_picked":["Twin Strike+1","Dodge and Roll"],"picked":"Cloak And Dagger+1","floor":38.0},{"not_picked":["Endless Agony","Darkness","Heatsinks+1"],"picked":"Singing Bowl","floor":41.0},{"not_picked":["Barrage","Accuracy+1","Capacitor+1"],"picked":"Singing Bowl","floor":42.0},{"not_picked":["Redo+1","Glacier+1"],"picked":"Rage+1","floor":44.0},{"not_picked":["Auto Shields+1","Wild Strike","Concentrate+1"],"picked":"Singing Bowl","floor":48.0},{"not_picked":["Meteor Strike","Whirlwind"],"picked":"Second Wind+1","floor":54.0}],"player_experience":834660,"relics_obtained":[{"floor":7.0,"key":"WingedGreaves"},{"floor":9.0,"key":"Singing Bowl"},{"floor":25.0,"key":"Happy Flower"},{"floor":26.0,"key":"Snake Skull"},{"floor":26.0,"key":"Frozen Egg 2"},{"floor":31.0,"key":"Kunai"},{"floor":39.0,"key":"Anchor"},{"floor":39.0,"key":"Pen Nib"},{"floor":41.0,"key":"Toxic Egg 2"},{"floor":42.0,"key":"Bottled Flame"},{"floor":54.0,"key":"Lantern"}],"event_choices":[{"damage_healed":0.0,"max_hp_gain":0.0,"max_hp_loss":0.0,"gold_gain":0.0,"event_name":"Shining Light","player_choice":"Entered Light","floor":3.0,"gold_loss":0.0,"damage_taken":20.0,"cards_upgraded":["Defend_G","Defend_G"]},{"damage_healed":0.0,"max_hp_gain":0.0,"max_hp_loss":0.0,"gold_gain":0.0,"cards_transformed":["Strike_G"],"event_name":"Living Wall","player_choice":"Change","floor":4.0,"gold_loss":0.0,"damage_taken":0.0,"cards_obtained":["Venomology"]},{"damage_healed":0.0,"max_hp_gain":0.0,"max_hp_loss":0.0,"gold_gain":0.0,"event_name":"WeMeetAgain","player_choice":"Gave Potion","floor":20.0,"gold_loss":0.0,"damage_taken":0.0,"relics_obtained":["Matryoshka"]},{"damage_healed":0.0,"max_hp_gain":0.0,"max_hp_loss":0.0,"gold_gain":0.0,"event_name":"Cursed Tome","player_choice":"Ignored","floor":30.0,"gold_loss":0.0,"damage_taken":0.0},{"damage_healed":0.0,"max_hp_gain":0.0,"max_hp_loss":0.0,"gold_gain":0.0,"event_name":"Duplicator","player_choice":"Copied","floor":37.0,"gold_loss":0.0,"damage_taken":0.0,"cards_obtained":["Hyperbeam"]},{"damage_healed":0.0,"max_hp_gain":0.0,"max_hp_loss":0.0,"gold_gain":0.0,"event_name":"Accursed Blacksmith","player_choice":"Forge","floor":47.0,"gold_loss":0.0,"damage_taken":0.0,"cards_upgraded":["Infinite Blades"]}],"is_beta":false,"boss_relics":[{"not_picked":["Eternal Feather","Tiny House"],"picked":"Runic Dome"},{"not_picked":["Cursed Key","Calling Bell"],"picked":"Runic Pyramid"}],"items_purged_floors":[19,21,36,53],"is_endless":false,"potions_floor_spawned":[8,13,16,24,29,33,41,44],"ascension_level":15}