{"gold_per_floor":[117,71,71,146,196,225,244,244,274,274,285,300,318,351,351,351],"floor_reached":16,"playtime":518,"items_purged":[],"score":236,"play_id":"53e1f55c-2520-4df5-83f5-ac49df78879b","local_time":"20181111184801","is_ascension_mode":true,"campfire_choices":[{"data":"Prepared","floor":8,"key":"SMITH"},{"data":"Terror","floor":10,"key":"SMITH"},{"data":"Crippling Poison","floor":15,"key":"SMITH"}],"neow_cost":"NONE","seed_source_timestamp":3139562984906,"circlet_count":0,"master_deck":["AscendersBane","Defend_G","Defend_G","Defend_G","Defend_G","Defend_G","Strike_G","Strike_G","Strike_G","Strike_G","Survivor","Neutralize","Terror+1","Underhanded Strike","Prepared+1","Calculated Gamble","Crippling Poison+1","Acrobatics","Backflip"],"relics":["Ring of the Snake","NeowsBlessing","Art of War","Tiny Chest","Oddly Smooth Stone"],"potions_floor_usage":[13,14,16],"damage_taken":[{"damage":0,"enemies":"Cultist","floor":1,"turns":1},{"damage":0,"enemies":"Gremlin Nob","floor":6,"turns":1},{"damage":0,"enemies":"Jaw Worm","floor":7,"turns":1},{"damage":4,"enemies":"Small Slimes","floor":11,"turns":3},{"damage":0,"enemies":"Blue Slaver","floor":12,"turns":4},{"damage":3,"enemies":"Gremlin Gang","floor":13,"turns":6},{"damage":30,"enemies":"3 Sentries","floor":14,"turns":13},{"damage":5,"enemies":"Hexaghost","floor":16,"turns":9}],"seed_played":"179745674016874254","potions_obtained":[{"floor":7,"key":"Swift Potion"},{"floor":12,"key":"Poison Potion"},{"floor":13,"key":"Poison Potion"}],"is_trial":false,"path_per_floor":["M","$","?","?","?","E","M","R","T","R","M","M","M","E","R","B"],"character_chosen":"THE_SILENT","items_purchased":["Underhanded Strike"],"campfire_rested":0,"item_purchase_floors":[2],"current_hp_per_floor":[59,59,52,41,41,41,41,41,41,41,37,37,34,4,4,0],"gold":351,"neow_bonus":"THREE_ENEMY_KILL","is_prod":false,"is_daily":false,"chose_seed":false,"campfire_upgraded":3,"win_rate":0,"timestamp":1541933281,"path_taken":["M","$","?","?","?","E","M","R","T","R","M","?","M","E","R","BOSS"],"build_version":"2018-11-08","purchased_purges":0,"victory":false,"max_hp_per_floor":[66,66,66,66,66,66,66,66,66,66,66,66,66,66,66,66],"card_choices":[{"not_picked":["Outmaneuver","Prepared"],"picked":"Terror","floor":1},{"not_picked":["Slice","Skewer"],"picked":"Prepared","floor":6},{"not_picked":["Cloak And Dagger","Slice","Bouncing Flask"],"picked":"SKIP","floor":7},{"not_picked":["Accuracy","Dodge and Roll"],"picked":"Calculated Gamble","floor":11},{"not_picked":["Outmaneuver","Calculated Gamble"],"picked":"Crippling Poison","floor":12},{"not_picked":["Expertise","Deflect"],"picked":"Acrobatics","floor":13},{"not_picked":["All Out Attack","Prepared"],"picked":"Backflip","floor":14}],"player_experience":1019847,"relics_obtained":[{"floor":6,"key":"Art of War"},{"floor":9,"key":"Tiny Chest"},{"floor":14,"key":"Oddly Smooth Stone"}],"event_choices":[{"cards_removed":["Strike_G"],"damage_healed":0,"gold_gain":0,"player_choice":"Card Removal","damage_taken":7,"max_hp_gain":0,"max_hp_loss":0,"event_name":"Golden Wing","floor":3,"gold_loss":0},{"damage_healed":0,"gold_gain":75,"player_choice":"Gather Gold","damage_taken":11,"max_hp_gain":0,"max_hp_loss":0,"event_name":"World of Goop","floor":4,"gold_loss":0},{"damage_healed":0,"gold_gain":50,"player_choice":"Pray","damage_taken":0,"max_hp_gain":0,"max_hp_loss":0,"event_name":"Golden Shrine","floor":5,"gold_loss":0}],"is_beta":true,"boss_relics":[],"items_purged_floors":[],"is_endless":false,"potions_floor_spawned":[7,12,13],"killed_by":"Hexaghost","ascension_level":15}