{"gold_per_floor":[19,19,34,47,64,64,79,79,79,79,4,4,17,46,46,117,117,130,130,141,156,2,2,2],"floor_reached":24,"playtime":823,"items_purged":["Strike_B","Strike_B"],"score":496,"play_id":"3e6402ba-985d-42af-8a8f-9328b9d7bdc4","local_time":"20190707111641","is_ascension_mode":true,"campfire_choices":[{"data":"Darkness","floor":6.0,"key":"SMITH"},{"data":"Dualcast","floor":8.0,"key":"SMITH"},{"data":"Redo","floor":10.0,"key":"SMITH"},{"data":"Loop","floor":15,"key":"SMITH"},{"data":"Seek","floor":23,"key":"SMITH"}],"neow_cost":"NO_GOLD","seed_source_timestamp":8118694318353,"circlet_count":0,"master_deck":["AscendersBane","Defend_B","Defend_B","Defend_B","Zap","Dualcast+1","Seek+1","Go for the Eyes+1","Chaos","Darkness+1","Redo+1","Conserve Battery","Loop+1","Meteor Strike","Recycle"],"special_seed":0,"relics":["Cracked Core","FossilizedHelix","Matryoshka","Nuclear Battery"],"potions_floor_usage":[18,24],"damage_taken":[{"damage":2.0,"enemies":"Jaw Worm","floor":1.0,"turns":4.0},{"damage":0.0,"enemies":"Small Slimes","floor":3.0,"turns":3.0},{"damage":0.0,"enemies":"Cultist","floor":4.0,"turns":4.0},{"damage":25.0,"enemies":"Exordium Thugs","floor":5.0,"turns":5.0},{"damage":19.0,"enemies":"Large Slime","floor":7.0,"turns":5.0},{"damage":1,"enemies":"Red Slaver","floor":13,"turns":3},{"damage":5,"enemies":"Lagavulin","floor":14,"turns":7},{"damage":0,"enemies":"Slime Boss","floor":16,"turns":3},{"damage":3,"enemies":"Shell Parasite","floor":18,"turns":4},{"damage":13,"enemies":"Chosen","floor":20,"turns":5},{"damage":13,"enemies":"Snake Plant","floor":21,"turns":4},{"damage":18,"enemies":"Book of Stabbing","floor":24,"turns":4}],"seed_played":"576480219361191466","potions_obtained":[{"floor":3.0,"key":"Dexterity Potion"},{"floor":14,"key":"SkillPotion"}],"is_trial":false,"path_per_floor":["M","?","M","M","M","R","M","R","T","R","$","?","M","E","R","B",null,"M","?","M","M","$","R","E"],"character_chosen":"DEFECT","items_purchased":["SkillPotion"],"campfire_rested":0,"item_purchase_floors":[22],"current_hp_per_floor":[62,62,62,62,37,37,18,18,18,18,18,18,17,12,12,12,56,53,53,40,27,27,27,9],"gold":2,"neow_bonus":"TRANSFORM_TWO_CARDS","is_prod":false,"is_daily":false,"chose_seed":false,"campfire_upgraded":5,"win_rate":0,"timestamp":1562469401,"path_taken":["M","?","M","M","M","R","M","R","T","R","$","?","M","E","R","BOSS","M","?","?","M","?","R","E"],"build_version":"2019-07-05","purchased_purges":2,"victory":false,"max_hp_per_floor":[71,71,71,71,71,71,71,71,71,71,71,71,71,71,71,71,71,71,71,71,71,71,71,71],"card_choices":[{"not_picked":["Sweeping Beam","Turbo","Rebound"],"picked":"SKIP","floor":1.0},{"not_picked":["Gash","Steam Power"],"picked":"Darkness","floor":3.0},{"not_picked":["Beam Cell","Conserve Battery"],"picked":"Redo","floor":4.0},{"not_picked":["Ball Lightning","Blizzard"],"picked":"Conserve Battery","floor":5.0},{"not_picked":["Doom and Gloom","Barrage","Ball Lightning"],"picked":"SKIP","floor":7.0},{"not_picked":["Hello World","Cold Snap","Tempest"],"picked":"SKIP","floor":13},{"not_picked":["Doom and Gloom","Genetic Algorithm"],"picked":"Loop","floor":14},{"not_picked":["Amplify","Machine Learning"],"picked":"Meteor Strike","floor":16},{"not_picked":["Blizzard","Darkness","Barrage"],"picked":"SKIP","floor":18},{"not_picked":["Sweeping Beam+1","Storm","Streamline"],"picked":"SKIP","floor":20},{"not_picked":["Barrage","Static Discharge"],"picked":"Recycle","floor":21}],"player_experience":5705497,"relics_obtained":[{"floor":9.0,"key":"FossilizedHelix"},{"floor":14,"key":"Matryoshka"}],"event_choices":[{"damage_healed":0.0,"max_hp_gain":0.0,"max_hp_loss":0.0,"gold_gain":0.0,"cards_transformed":["Defend_B"],"event_name":"Living Wall","player_choice":"Change","floor":2.0,"gold_loss":0.0,"damage_taken":0.0,"cards_obtained":["Chaos"]},{"damage_healed":0,"gold_gain":0,"player_choice":"Searched \u00270\u0027 times","damage_taken":0,"max_hp_gain":0,"max_hp_loss":0,"event_name":"Dead Adventurer","floor":12,"gold_loss":0},{"damage_healed":0,"gold_gain":0,"player_choice":"Upgraded","damage_taken":0,"max_hp_gain":0,"max_hp_loss":0,"event_name":"Upgrade Shrine","floor":19,"gold_loss":0,"cards_upgraded":["Go for the Eyes"]}],"is_beta":false,"boss_relics":[{"not_picked":["Fusion Hammer","Black Star"],"picked":"Nuclear Battery"}],"items_purged_floors":[11,22],"is_endless":false,"potions_floor_spawned":[3,14],"killed_by":"Book of Stabbing","ascension_level":20}