{"gold_per_floor":[119,129,148,111,127,127,154,154,154,68,78,78,78,135,135,209,209,225,58,69,69,69,69,69,69,69,69,102,116,136,147,147,219,219,231,231,47,58,73,73,0,0,46,46],"floor_reached":44,"playtime":1310,"items_purged":[],"score":902,"play_id":"c31b2f5f-af87-4556-8e08-f450ad8d2df9","local_time":"20190401201233","is_ascension_mode":true,"campfire_choices":[{"data":"Rip and Tear","floor":6.0,"key":"SMITH"},{"data":"Zap","floor":8.0,"key":"SMITH"},{"data":"Dualcast","floor":12.0,"key":"SMITH"},{"data":"Hologram","floor":15.0,"key":"SMITH"},{"floor":23.0,"key":"RECALL"},{"floor":25.0,"key":"REST"},{"floor":27.0,"key":"REST"},{"floor":32.0,"key":"REST"},{"floor":40,"key":"REST"},{"floor":42,"key":"REST"}],"neow_cost":"PERCENT_DAMAGE","seed_source_timestamp":28203992685179,"circlet_count":0,"master_deck":["AscendersBane","Strike_B","Strike_B","Strike_B","Defend_B","Defend_B","Defend_B","Defend_B","Zap+1","Dualcast+1","Purity","PanicButton","Ball Lightning","Rip and Tear+1","Chill","Hologram+1","White Noise","Self Repair","Conserve Battery","Recycle","Electrodynamics","Echo Form","Core Surge","Capacitor","Defragment","Echo Form","Biased Cognition"],"special_seed":0,"relics":["Cracked Core","Anchor","Vajra","Cables","Fusion Hammer","Shuriken","The Courier","Busted Crown","Gremlin Horn","Strange Spoon","Red Mask","Smiling Mask"],"potions_floor_usage":[33],"damage_taken":[{"damage":12.0,"enemies":"Jaw Worm","floor":1.0,"turns":3.0},{"damage":6.0,"enemies":"2 Louse","floor":2.0,"turns":3.0},{"damage":0.0,"enemies":"Small Slimes","floor":3.0,"turns":2.0},{"damage":11.0,"enemies":"Blue Slaver","floor":5.0,"turns":3.0},{"damage":0.0,"enemies":"Gremlin Nob","floor":7.0,"turns":3.0},{"damage":0.0,"enemies":"Exordium Wildlife","floor":11.0,"turns":3.0},{"damage":1.0,"enemies":"3 Sentries","floor":14.0,"turns":7.0},{"damage":19.0,"enemies":"The Guardian","floor":16.0,"turns":11.0},{"damage":24.0,"enemies":"Chosen","floor":18.0,"turns":4.0},{"damage":14.0,"enemies":"Shell Parasite","floor":20.0,"turns":6.0},{"damage":41.0,"enemies":"Gremlin Leader","floor":28.0,"turns":8.0},{"damage":31.0,"enemies":"Shelled Parasite and Fungi","floor":29.0,"turns":6.0},{"damage":8.0,"enemies":"Snecko","floor":30.0,"turns":6.0},{"damage":25.0,"enemies":"Centurion and Healer","floor":31.0,"turns":5.0},{"damage":17,"enemies":"Champ","floor":33,"turns":8},{"damage":5,"enemies":"3 Shapes","floor":35,"turns":4},{"damage":21,"enemies":"Orb Walker","floor":38,"turns":4},{"damage":32,"enemies":"3 Darklings","floor":39,"turns":3},{"damage":52,"enemies":"Nemesis","floor":44,"turns":4}],"seed_played":"2094890513975570430","potions_obtained":[{"floor":1.0,"key":"SpeedPotion"},{"floor":5.0,"key":"Strength Potion"},{"floor":11.0,"key":"AttackPotion"},{"floor":14.0,"key":"SkillPotion"},{"floor":18.0,"key":"Poison Potion"},{"floor":31.0,"key":"Energy Potion"}],"is_trial":false,"path_per_floor":["M","M","M","?","M","R","E","R","T","$","M","R","?","?","R","B",null,"M","$","M","?","?","R","T","R","T","R","E","M","M","M","R","B",null,"M","?","$","M","M","R","?","R","T","E"],"character_chosen":"DEFECT","items_purchased":["Self Repair","Core Surge","Strange Spoon"],"campfire_rested":5,"item_purchase_floors":[10,19,37],"current_hp_per_floor":[34,28,28,28,17,17,17,17,17,17,17,17,17,23,23,11,56,39,39,32,32,32,32,32,53,53,71,44,20,26,8,29,26,60,62,62,62,41,9,30,30,51,51,0],"gold":46,"neow_bonus":"RANDOM_COLORLESS_2","is_prod":false,"is_daily":false,"chose_seed":false,"campfire_upgraded":4,"win_rate":0,"timestamp":1554120753,"path_taken":["M","M","M","?","M","R","E","R","T","$","M","R","?","?","R","BOSS","M","$","M","?","?","R","?","R","T","R","E","?","M","M","R","BOSS","M","?","$","?","M","R","?","R","T","E"],"build_version":"2019-01-23","purchased_purges":0,"victory":false,"max_hp_per_floor":[71,71,71,71,71,71,71,71,71,71,71,71,71,71,71,71,71,71,71,71,71,71,71,71,71,71,71,71,71,71,71,71,71,71,71,71,71,71,71,71,71,71,71,71],"card_choices":[{"not_picked":["Stack","Gash"],"picked":"Ball Lightning","floor":1.0},{"not_picked":["Scrape","Steam"],"picked":"Rip and Tear","floor":2.0},{"not_picked":["Heatsinks","Rebound"],"picked":"Chill","floor":3.0},{"not_picked":["Compile Driver","Leap"],"picked":"Hologram","floor":5.0},{"not_picked":["Lockon","Ball Lightning"],"picked":"White Noise","floor":7.0},{"not_picked":["Leap","Rebound"],"picked":"Conserve Battery","floor":11.0},{"not_picked":["Glacier","Scrape"],"picked":"Electrodynamics","floor":14.0},{"not_picked":["Machine Learning","Hyperbeam"],"picked":"Echo Form","floor":16.0},{"not_picked":["Fusion","Conserve Battery","Hologram"],"picked":"SKIP","floor":18.0},{"not_picked":["Beam Cell+1","Hologram"],"picked":"Capacitor","floor":20.0},{"not_picked":["Leap","Steam"],"picked":"Defragment","floor":28.0},{"not_picked":["Conserve Battery","Redo","Sweeping Beam"],"picked":"SKIP","floor":29.0},{"not_picked":["Undo","Sweeping Beam+1"],"picked":"Echo Form","floor":30.0},{"not_picked":["Storm","Compile Driver+1","Steam"],"picked":"SKIP","floor":31.0},{"not_picked":["Fission","Rainbow"],"picked":"Biased Cognition","floor":33},{"not_picked":["Barrage"],"picked":"SKIP","floor":35},{"not_picked":["Leap+1"],"picked":"SKIP","floor":38},{"not_picked":["Turbo"],"picked":"SKIP","floor":39}],"player_experience":3988556,"relics_obtained":[{"floor":7.0,"key":"Anchor"},{"floor":9.0,"key":"Vajra"},{"floor":14.0,"key":"Cables"},{"floor":26.0,"key":"Shuriken"},{"floor":28.0,"key":"The Courier"},{"floor":43,"key":"Smiling Mask"}],"event_choices":[{"damage_healed":0.0,"max_hp_gain":0.0,"max_hp_loss":0.0,"gold_gain":0.0,"event_name":"World of Goop","player_choice":"Left Gold","floor":4.0,"gold_loss":37.0,"damage_taken":0.0},{"damage_healed":0.0,"max_hp_gain":0.0,"max_hp_loss":0.0,"gold_gain":0.0,"cards_transformed":["Strike_B"],"event_name":"Living Wall","player_choice":"Change","floor":13.0,"gold_loss":0.0,"damage_taken":0.0,"cards_obtained":["Recycle"]},{"damage_healed":0.0,"max_hp_gain":0.0,"max_hp_loss":0.0,"gold_gain":30.0,"event_name":"Dead Adventurer","player_choice":"Searched \u00272\u0027 times","floor":14.0,"gold_loss":0.0,"damage_taken":0.0},{"damage_healed":0.0,"max_hp_gain":0.0,"max_hp_loss":0.0,"gold_gain":0.0,"event_name":"Vampires","player_choice":"Ignored","floor":21.0,"gold_loss":0.0,"damage_taken":0.0},{"damage_healed":0.0,"max_hp_gain":0.0,"max_hp_loss":0.0,"gold_gain":0.0,"event_name":"The Mausoleum","player_choice":"Ignored","floor":22.0,"gold_loss":0.0,"damage_taken":0.0},{"damage_healed":0,"gold_gain":0,"player_choice":"Gave Potion","damage_taken":0,"relics_obtained":["Gremlin Horn"],"max_hp_gain":0,"max_hp_loss":0,"event_name":"WeMeetAgain","floor":36,"gold_loss":0},{"damage_healed":0,"gold_gain":0,"player_choice":"Paid","damage_taken":0,"relics_obtained":["Red Mask"],"max_hp_gain":0,"max_hp_loss":0,"event_name":"Tomb of Lord Red Mask","floor":41,"gold_loss":73}],"is_beta":false,"boss_relics":[{"not_picked":["Calling Bell","Snecko Eye"],"picked":"Fusion Hammer"},{"not_picked":["Eternal Feather","White Beast Statue"],"picked":"Busted Crown"}],"items_purged_floors":[],"is_endless":false,"potions_floor_spawned":[1,5,11,14,18,31],"killed_by":"Nemesis","ascension_level":20}