{"gold_per_floor":[116,5,5,5,20,45,45,57,57,57,22,36,36,54,54,127,127,139,39,39,39,57,57,57,67,93,93,112,33,48,60,60,131,131,143,143,18,35,45,79,79,79,79,95,95,130,130,147,147,147,147,147,94,119,119],"floor_reached":56,"playtime":2744,"items_purged":["Defend_B","Strike_B","Pain"],"score":1950,"play_id":"842e5c4d-ce09-41d3-a9b3-57d92ef5c75f","local_time":"20190304000104","is_ascension_mode":true,"campfire_choices":[{"data":"Dualcast","floor":7,"key":"SMITH"},{"data":"Consume","floor":10,"key":"SMITH"},{"data":"Redo","floor":15,"key":"SMITH"},{"data":"Defragment","floor":23,"key":"SMITH"},{"data":"Turbo","floor":27,"key":"SMITH"},{"data":"Biased Cognition","floor":32,"key":"SMITH"},{"data":"Turbo","floor":41,"key":"SMITH"},{"floor":45,"key":"RECALL"},{"data":"Biased Cognition","floor":49,"key":"SMITH"},{"floor":52,"key":"REST"}],"neow_cost":"PERCENT_DAMAGE","seed_source_timestamp":44122567811549,"circlet_count":0,"master_deck":["AscendersBane","Strike_B+1","Defend_B+1","Defend_B+1","Zap+1","Dualcast+1","Reprogram+1","Seek+1","Ball Lightning+1","Doom and Gloom+1","Hologram+1","Consume+1","Turbo+1","Coolheaded+1","Redo+1","Creative AI+1","Defragment+1","Self Repair+1","Cold Snap+1","Reinforced Body+1","Heatsinks+1","Biased Cognition+1","Echo Form+1","Turbo+1","Double Energy+1","Go for the Eyes+1","Echo Form+1","Biased Cognition+1","Coolheaded"],"relics":["Cracked Core","Cables","Ancient Tea Set","Sozu","Centennial Puzzle","Runic Pyramid","WarpedTongs","Orichalcum","Mark of the Bloom","Oddly Smooth Stone","Anchor"],"potions_floor_usage":[55,55],"damage_taken":[{"damage":1,"enemies":"Jaw Worm","floor":1,"turns":5},{"damage":12,"enemies":"Small Slimes","floor":5,"turns":2},{"damage":12,"enemies":"Gremlin Nob","floor":6,"turns":3},{"damage":0,"enemies":"Cultist","floor":8,"turns":2},{"damage":0,"enemies":"Large Slime","floor":12,"turns":2},{"damage":0,"enemies":"Looter","floor":14,"turns":2},{"damage":8,"enemies":"Slime Boss","floor":16,"turns":6},{"damage":1,"enemies":"Spheric Guardian","floor":18,"turns":3},{"damage":7,"enemies":"Chosen","floor":22,"turns":4},{"damage":7,"enemies":"3 Cultists","floor":25,"turns":4},{"damage":13,"enemies":"Snecko","floor":28,"turns":3},{"damage":22,"enemies":"Chosen and Byrds","floor":30,"turns":5},{"damage":0,"enemies":"Sentry and Sphere","floor":31,"turns":3},{"damage":35,"enemies":"Automaton","floor":33,"turns":9},{"damage":0,"enemies":"3 Shapes","floor":35,"turns":4},{"damage":16,"enemies":"Orb Walker","floor":38,"turns":3},{"damage":8,"enemies":"Jaw Worm Horde","floor":39,"turns":4},{"damage":8,"enemies":"Reptomancer","floor":40,"turns":7},{"damage":0,"enemies":"Maw","floor":44,"turns":6},{"damage":0,"enemies":"Giant Head","floor":46,"turns":6},{"damage":0,"enemies":"Writhing Mass","floor":48,"turns":4},{"damage":18,"enemies":"Donu and Deca","floor":50,"turns":6},{"damage":3,"enemies":"Shield and Spear","floor":54,"turns":6},{"damage":17,"enemies":"The Heart","floor":55,"turns":10}],"seed_played":"140229027457641990","potions_obtained":[{"floor":1,"key":"Dexterity Potion"},{"floor":6,"key":"SteroidPotion"},{"floor":16,"key":"Poison Potion"}],"is_trial":false,"path_per_floor":["M","$","?","?","M","E","R","M","T","R","?","M","?","M","R","B",null,"M","$","?","?","M","R","$","M","T","R","M","$","M","M","R","B",null,"M","?","$","M","M","E","R","?","T","M","R","E","?","M","R","B",null,"R","$","E","B",null],"character_chosen":"DEFECT","items_purchased":["Doom and Gloom","Heatsinks","Coolheaded"],"campfire_rested":1,"item_purchase_floors":[2,29,53],"current_hp_per_floor":[45,45,45,45,33,21,21,21,21,21,38,38,38,38,38,30,61,60,60,60,60,60,60,60,60,60,60,54,54,39,46,46,18,58,65,65,65,49,51,50,50,50,50,50,50,50,50,50,50,32,32,32,32,29,12],"gold":119,"neow_bonus":"TRANSFORM_TWO_CARDS","is_prod":false,"is_daily":false,"chose_seed":false,"campfire_upgraded":8,"win_rate":0,"timestamp":1551628864,"path_taken":["M","$","?","?","M","E","R","?","T","R","?","M","?","?","R","BOSS","M","$","?","?","?","R","?","M","T","R","M","$","M","M","R","BOSS","M","?","$","?","M","E","R","?","T","M","R","E","?","M","R","BOSS","R","$","E","BOSS"],"build_version":"2019-01-23","purchased_purges":3,"victory":true,"max_hp_per_floor":[71,71,71,71,71,71,71,71,71,71,71,71,71,71,71,71,71,71,71,71,71,71,71,71,71,71,71,71,71,71,71,71,71,71,71,71,71,71,71,71,71,71,71,71,71,71,71,71,71,71,71,71,71,71,71],"card_choices":[{"not_picked":["Heatsinks","Cold Snap"],"picked":"Ball Lightning","floor":1},{"not_picked":["Gash","Ball Lightning"],"picked":"Consume","floor":5},{"not_picked":["Hologram","Go for the Eyes","Redo"],"picked":"SKIP","floor":6},{"not_picked":["Streamline","Go for the Eyes"],"picked":"Turbo","floor":8},{"not_picked":["Lockon","Reinforced Body"],"picked":"Coolheaded","floor":12},{"not_picked":["Redo","Consume","Steam Power"],"picked":"SKIP","floor":14},{"not_picked":["Consume","Steam Power"],"picked":"Redo","floor":14},{"not_picked":["Machine Learning","Meteor Strike"],"picked":"Creative AI","floor":16},{"not_picked":["Cold Snap","Rebound"],"picked":"Defragment","floor":18},{"not_picked":["Auto Shields","Compile Driver"],"picked":"Cold Snap+1","floor":22},{"not_picked":["Coolheaded","Beam Cell","Stack"],"picked":"SKIP","floor":25},{"not_picked":["Beam Cell","Hologram"],"picked":"Reinforced Body","floor":28},{"not_picked":["Turbo","Go for the Eyes"],"picked":"Biased Cognition","floor":30},{"not_picked":["Beam Cell","Consume","Leap+1"],"picked":"SKIP","floor":31},{"not_picked":["Seek","Machine Learning"],"picked":"Echo Form","floor":33},{"not_picked":["Beam Cell","Genetic Algorithm"],"picked":"Turbo","floor":35},{"not_picked":["Chill","Leap"],"picked":"Double Energy","floor":38},{"not_picked":["FTL","Rebound"],"picked":"Go for the Eyes","floor":39},{"not_picked":["Sunder","Rebound"],"picked":"Echo Form","floor":40},{"not_picked":["Stack+1","Rebound","Streamline"],"picked":"SKIP","floor":44},{"not_picked":["Hologram+1","FTL+1"],"picked":"Biased Cognition","floor":46},{"not_picked":["Hello World+1","Turbo","Hologram"],"picked":"SKIP","floor":48},{"not_picked":["Darkness","Go for the Eyes","Rebound"],"picked":"SKIP","floor":54}],"player_experience":3291321,"relics_obtained":[{"floor":6,"key":"Cables"},{"floor":9,"key":"Ancient Tea Set"},{"floor":26,"key":"Centennial Puzzle"},{"floor":40,"key":"Orichalcum"},{"floor":46,"key":"Oddly Smooth Stone"},{"floor":54,"key":"Anchor"}],"event_choices":[{"damage_healed":0,"gold_gain":0,"player_choice":"Fled","damage_taken":0,"max_hp_gain":0,"max_hp_loss":0,"event_name":"Scrap Ooze","floor":3,"gold_loss":0},{"damage_healed":0,"gold_gain":0,"cards_transformed":["Defend_B"],"player_choice":"Transformed","damage_taken":0,"max_hp_gain":0,"max_hp_loss":0,"event_name":"Transmorgrifier","floor":4,"gold_loss":0,"cards_obtained":["Hologram"]},{"damage_healed":17,"gold_gain":0,"player_choice":"Healed","damage_taken":0,"max_hp_gain":0,"max_hp_loss":0,"event_name":"The Cleric","floor":11,"gold_loss":35},{"damage_healed":0,"gold_gain":0,"player_choice":"Grow","damage_taken":0,"max_hp_gain":0,"max_hp_loss":0,"event_name":"Living Wall","floor":13,"gold_loss":0,"cards_upgraded":["Coolheaded"]},{"damage_healed":0,"gold_gain":0,"player_choice":"Read","damage_taken":0,"max_hp_gain":0,"max_hp_loss":0,"event_name":"The Library","floor":20,"gold_loss":0,"cards_obtained":["Self Repair"]},{"damage_healed":0,"gold_gain":0,"player_choice":"Ignored","damage_taken":0,"max_hp_gain":0,"max_hp_loss":0,"event_name":"Vampires","floor":21,"gold_loss":0},{"damage_healed":0,"gold_gain":0,"player_choice":"Rummage","damage_taken":0,"relics_obtained":["WarpedTongs"],"max_hp_gain":0,"max_hp_loss":0,"event_name":"Accursed Blacksmith","floor":36,"gold_loss":0,"cards_obtained":["Pain"]},{"damage_healed":0,"gold_gain":0,"player_choice":"Upgrade","damage_taken":0,"relics_obtained":["Mark of the Bloom"],"max_hp_gain":0,"max_hp_loss":0,"event_name":"MindBloom","floor":42,"gold_loss":0,"cards_upgraded":["Strike_B","Defend_B","Defend_B","Zap","Reprogram","Seek","Ball Lightning","Doom and Gloom","Hologram","Creative AI","Self Repair","Reinforced Body","Heatsinks","Echo Form","Double Energy","Go for the Eyes","Echo Form"]},{"damage_healed":0,"gold_gain":0,"player_choice":"Ignored","damage_taken":0,"max_hp_gain":0,"max_hp_loss":0,"event_name":"Mysterious Sphere","floor":47,"gold_loss":0}],"is_beta":false,"boss_relics":[{"not_picked":["Astrolabe","White Beast Statue"],"picked":"Sozu"},{"not_picked":["Philosopher\u0027s Stone","Inserter"],"picked":"Runic Pyramid"}],"items_purged_floors":[2,19,37],"is_endless":false,"potions_floor_spawned":[1,6,16,25,30,33,40,46,48,54],"ascension_level":15}