{"gold_per_floor":[115,40,40,40,40,69,82,82,82,82,99,24,39,58,58,131,131,143,68,68,68,68,68,68,68,68,68,88,88,88,138,138,217,217,230,230,130,130,5,5,338,352,421,421,431,460,473,323,323,323,323,323,323,148,178,178],"floor_reached":57,"playtime":2202,"items_purged":["Strike_G","Strike_G","Defend_G","Defend_G+1","Defend_G+1"],"score":3014,"play_id":"000a12c7-13f7-4f37-a65c-ea9259cd3d71","local_time":"20181224162647","is_ascension_mode":true,"campfire_choices":[{"data":"Bouncing Flask","floor":8.0,"key":"SMITH"},{"data":"Well Laid Plans","floor":10.0,"key":"SMITH"},{"data":"Neutralize","floor":15.0,"key":"SMITH"},{"data":"Backflip","floor":23.0,"key":"SMITH"},{"data":"Defend_G","floor":25.0,"key":"SMITH"},{"floor":27.0,"key":"RECALL"},{"data":"Defend_G","floor":29.0,"key":"SMITH"},{"data":"Defend_G","floor":32.0,"key":"SMITH"},{"data":"Defend_G","floor":40.0,"key":"SMITH"},{"data":"After Image","floor":44.0,"key":"SMITH"},{"data":"Footwork","floor":49,"key":"SMITH"},{"floor":53,"key":"REST"}],"neow_cost":"NONE","seed_source_timestamp":24515442075002,"circlet_count":0,"master_deck":["AscendersBane","Defend_G+1","Defend_G+1","Survivor+1","Well Laid Plans+1","Bouncing Flask+1","Backflip+1","Setup+1","Catalyst+1","Burst+1","After Image+1","Catalyst+1","Corpse Explosion+1","Leg Sweep+1","Footwork+1"],"special_seed":0,"relics":["Ring of the Snake","NeowsBlessing","Juzu Bracelet","Bag of Preparation","Toxic Egg 2","Velvet Choker","Orrery","Old Coin","Question Card","Bag of Marbles","Boot"],"potions_floor_usage":[46,56],"damage_taken":[{"damage":0.0,"enemies":"Small Slimes","floor":1.0,"turns":1.0},{"damage":0.0,"enemies":"3 Sentries","floor":6.0,"turns":2.0},{"damage":0.0,"enemies":"Jaw Worm","floor":7.0,"turns":1.0},{"damage":0.0,"enemies":"Cultist","floor":11.0,"turns":3.0},{"damage":10.0,"enemies":"3 Louse","floor":13.0,"turns":4.0},{"damage":0.0,"enemies":"Exordium Thugs","floor":14.0,"turns":3.0},{"damage":13.0,"enemies":"Slime Boss","floor":16.0,"turns":10.0},{"damage":1.0,"enemies":"3 Byrds","floor":18.0,"turns":5.0},{"damage":0.0,"enemies":"Shell Parasite","floor":28.0,"turns":1.0},{"damage":24.0,"enemies":"Automaton","floor":33.0,"turns":13.0},{"damage":0.0,"enemies":"3 Darklings","floor":35.0,"turns":1.0},{"damage":0.0,"enemies":"Giant Head","floor":41.0,"turns":4.0},{"damage":0.0,"enemies":"3 Shapes","floor":42.0,"turns":4.0},{"damage":0.0,"enemies":"Maw","floor":45.0,"turns":2.0},{"damage":10,"enemies":"Reptomancer","floor":46,"turns":2},{"damage":1,"enemies":"3 Darklings","floor":47,"turns":3},{"damage":0,"enemies":"Time Eater","floor":50,"turns":2},{"damage":0,"enemies":"Donu and Deca","floor":51,"turns":5},{"damage":0,"enemies":"Shield and Spear","floor":55,"turns":2},{"damage":24,"enemies":"The Heart","floor":56,"turns":6}],"seed_played":"5690304204903873335","potions_obtained":[{"floor":1.0,"key":"AttackPotion"},{"floor":13.0,"key":"GhostInAJar"},{"floor":16.0,"key":"GamblersBrew"},{"floor":46,"key":"EssenceOfSteel"},{"floor":47,"key":"Ancient Potion"}],"is_trial":false,"path_per_floor":["M","?","?","$","?","E","M","R","T","R","M","$","M","M","R","B",null,"M","?","$","?","$","R","?","R","T","R","M","R","$","?","R","B",null,"M","?","$","?","$","R","E","M","T","R","M","E","M","$","R","B","B",null,"R","$","E","B",null],"character_chosen":"THE_SILENT","items_purchased":[],"campfire_rested":1,"item_purchase_floors":[],"current_hp_per_floor":[59,59,59,59,64,64,64,64,64,64,64,64,54,54,54,41,64,63,63,63,63,63,63,63,63,63,63,63,63,63,63,63,39,63,63,63,63,63,63,63,63,63,63,63,63,53,52,52,52,52,52,66,71,71,71,47],"gold":178,"neow_bonus":"THREE_ENEMY_KILL","is_prod":false,"is_daily":false,"chose_seed":false,"campfire_upgraded":10,"win_rate":0,"timestamp":1545640007,"path_taken":["M","?","?","$","?","E","M","R","T","R","M","$","M","M","R","BOSS","M","?","$","?","$","R","?","R","T","R","M","R","?","?","R","BOSS","M","?","$","?","$","R","E","M","T","R","M","E","M","?","R","BOSS","BOSS","R","$","E","BOSS"],"build_version":"2018-12-20","purchased_purges":5,"victory":true,"max_hp_per_floor":[66,66,66,66,71,71,71,71,71,71,71,71,71,71,71,71,71,71,71,71,71,71,71,71,71,71,71,71,71,71,71,71,71,71,71,71,71,71,71,71,71,71,71,71,71,71,71,71,71,71,71,71,71,71,71,71],"card_choices":[{"not_picked":["Riddle With Holes","Cloak And Dagger"],"picked":"Well Laid Plans","floor":1.0},{"not_picked":["Cloak And Dagger","Flying Knee"],"picked":"Bouncing Flask","floor":6.0},{"not_picked":["Infinite Blades","Dagger Throw"],"picked":"Backflip","floor":7.0},{"not_picked":["Poisoned Stab","Acrobatics+1"],"picked":"Setup+1","floor":11.0},{"not_picked":["Glass Knife","Bane"],"picked":"Catalyst+1","floor":13.0},{"not_picked":["Blade Dance+1","Finisher","Dagger Throw"],"picked":"SKIP","floor":14.0},{"not_picked":["Die Die Die","Phantasmal Killer+1"],"picked":"Burst+1","floor":16.0},{"not_picked":["Bouncing Flask+1","Deflect+1","Prepared+1"],"picked":"SKIP","floor":18.0},{"not_picked":["Finisher","Prepared+1","Dagger Spray"],"picked":"SKIP","floor":28.0},{"not_picked":["Wraith Form v2","Grand Finale"],"picked":"After Image","floor":33.0},{"not_picked":["Underhanded Strike","Outmaneuver+1"],"picked":"Catalyst+1","floor":34.0},{"not_picked":["Cloak And Dagger+1","Acrobatics+1"],"picked":"Corpse Explosion+1","floor":34.0},{"not_picked":["PiercingWail+1","Caltrops"],"picked":"Leg Sweep+1","floor":35.0},{"not_picked":["Leg Sweep+1","Blur+1","Underhanded Strike+1"],"picked":"SKIP","floor":41.0},{"not_picked":["Underhanded Strike+1","Accuracy","Tools of the Trade"],"picked":"SKIP","floor":42.0},{"not_picked":["Poisoned Stab","Choke","Crippling Poison+1","Deadly Poison+1"],"picked":"SKIP","floor":45.0},{"not_picked":["PiercingWail+1","Predator","Burst+1","Finisher+1"],"picked":"SKIP","floor":46},{"not_picked":["Tactician+1","Bouncing Flask+1","Predator"],"picked":"Footwork","floor":47},{"not_picked":["Sucker Punch","PiercingWail+1","Flechettes","Eviscerate"],"picked":"SKIP","floor":55}],"player_experience":1474411,"relics_obtained":[{"floor":6.0,"key":"Bag of Preparation"},{"floor":9.0,"key":"Toxic Egg 2"},{"floor":41.0,"key":"Old Coin"},{"floor":43.0,"key":"Question Card"},{"floor":46,"key":"Bag of Marbles"},{"floor":55,"key":"Boot"}],"event_choices":[{"cards_removed":["Strike_G"],"damage_healed":0.0,"max_hp_gain":0.0,"max_hp_loss":0.0,"gold_gain":0.0,"event_name":"The Cleric","player_choice":"Card Removal","floor":2.0,"gold_loss":75.0,"damage_taken":0.0},{"damage_healed":0.0,"max_hp_gain":0.0,"max_hp_loss":0.0,"gold_gain":0.0,"event_name":"WeMeetAgain","player_choice":"Gave Potion","floor":3.0,"gold_loss":0.0,"damage_taken":0.0,"relics_obtained":["Juzu Bracelet"]},{"damage_healed":0.0,"max_hp_gain":5.0,"max_hp_loss":0.0,"gold_gain":0.0,"event_name":"Big Fish","player_choice":"Donut","floor":5.0,"gold_loss":0.0,"damage_taken":0.0},{"cards_removed":["Strike_G"],"damage_healed":0.0,"max_hp_gain":0.0,"max_hp_loss":0.0,"gold_gain":0.0,"event_name":"Beggar","player_choice":"Gave Gold","floor":19.0,"gold_loss":75.0,"damage_taken":0.0},{"cards_removed":["Strike_G"],"damage_healed":0.0,"max_hp_gain":0.0,"max_hp_loss":0.0,"gold_gain":0.0,"event_name":"Bonfire Elementals","player_choice":"Offered Basic","floor":21.0,"gold_loss":0.0,"damage_taken":0.0},{"damage_healed":0.0,"max_hp_gain":0.0,"max_hp_loss":0.0,"gold_gain":0.0,"event_name":"Accursed Blacksmith","player_choice":"Forge","floor":24.0,"gold_loss":0.0,"damage_taken":0.0,"cards_upgraded":["Survivor"]},{"damage_healed":0.0,"max_hp_gain":0.0,"max_hp_loss":0.0,"gold_gain":50.0,"event_name":"Nest","player_choice":"Stole From Cult","floor":31.0,"gold_loss":0.0,"damage_taken":0.0},{"cards_removed":["Neutralize"],"damage_healed":0.0,"max_hp_gain":0.0,"max_hp_loss":0.0,"gold_gain":0.0,"event_name":"Falling","player_choice":"Removed Attack","floor":36.0,"gold_loss":0.0,"damage_taken":0.0},{"damage_healed":0.0,"max_hp_gain":0.0,"max_hp_loss":0.0,"gold_gain":0.0,"event_name":"Tomb of Lord Red Mask","player_choice":"Ignored","floor":38.0,"gold_loss":0.0,"damage_taken":0.0}],"is_beta":false,"boss_relics":[{"not_picked":["Astrolabe","Lizard Tail"],"picked":"Velvet Choker"},{"not_picked":["HoveringKite","Ring of the Serpent"],"picked":"Orrery"}],"items_purged_floors":[12,37,39,48,54],"is_endless":false,"potions_floor_spawned":[1,13,16,28,33,46,47],"ascension_level":20}