{"gold_per_floor":[119,44,44,60,60,60,79,111,135,151,151,66,99,99],"floor_reached":14,"playtime":310,"items_purged":["Strike_G"],"score":196,"play_id":"4543086c-886f-44d1-b03d-b915cf3b939f","local_time":"20190731115958","is_ascension_mode":true,"campfire_choices":[{"data":"Flechettes","floor":6.0,"key":"SMITH"},{"data":"A Thousand Cuts","floor":11.0,"key":"SMITH"}],"neow_cost":"TEN_PERCENT_HP_LOSS","seed_source_timestamp":0,"circlet_count":0,"master_deck":["AscendersBane","Strike_G","Strike_G","Strike_G","Strike_G","Defend_G","Defend_G","Defend_G","Defend_G","Defend_G","Survivor","Neutralize","A Thousand Cuts+1","Flechettes+1","Calculated Gamble","Tactician","Terror"],"special_seed":0,"relics":["Ring of the Snake","FaceOfCleric","Dream Catcher","Lantern","Peace Pipe"],"potions_floor_usage":[],"damage_taken":[{"damage":5.0,"enemies":"Small Slimes","floor":1.0,"turns":6.0},{"damage":2.0,"enemies":"Cultist","floor":4.0,"turns":4.0},{"damage":1.0,"enemies":"2 Louse","floor":7.0,"turns":3.0},{"damage":49.0,"enemies":"Gremlin Nob","floor":8.0,"turns":5.0},{"damage":1.0,"enemies":"Blue Slaver","floor":10.0,"turns":5.0},{"damage":10.0,"enemies":"3 Sentries","floor":13.0,"turns":5.0},{"damage":4,"enemies":"Exordium Wildlife","floor":14,"turns":2}],"seed_played":"2753815267679954613","potions_obtained":[{"floor":1.0,"key":"Dexterity Potion"},{"floor":7.0,"key":"Regen Potion"},{"floor":10.0,"key":"Explosive Potion"}],"is_trial":false,"path_per_floor":["M","$","?","M","?","R","M","E","T","M","R","$","E","M"],"character_chosen":"THE_SILENT","items_purchased":["Tactician"],"campfire_rested":0,"item_purchase_floors":[12],"current_hp_per_floor":[54,54,54,52,52,52,52,4,4,16,16,16,7,3],"gold":99,"neow_bonus":"THREE_RARE_CARDS","is_prod":false,"is_daily":false,"chose_seed":false,"campfire_upgraded":2,"win_rate":0,"timestamp":1564541998,"path_taken":["M","$","?","M","?","R","M","E","T","M","R","$","E","M"],"build_version":"2019-07-17","purchased_purges":1,"victory":false,"max_hp_per_floor":[60,60,60,60,60,60,61,62,62,63,63,63,64,64],"card_choices":[{"not_picked":["Bullet Time","Storm of Steel"],"picked":"A Thousand Cuts","floor":0.0},{"not_picked":["Heel Hook","Blade Dance"],"picked":"Flechettes","floor":1.0},{"not_picked":["Bane","Bouncing Flask","Cloak And Dagger"],"picked":"SKIP","floor":4.0},{"not_picked":["Prepared","Eviscerate","PiercingWail"],"picked":"SKIP","floor":7.0},{"not_picked":["Choke","Masterful Stab"],"picked":"Calculated Gamble","floor":8.0},{"not_picked":["Dagger Throw","Backstab","PiercingWail"],"picked":"SKIP","floor":10.0},{"not_picked":["Infinite Blades","Terror","Dagger Spray"],"picked":"SKIP","floor":13.0},{"not_picked":["Infinite Blades","Dagger Spray"],"picked":"Terror","floor":13.0}],"player_experience":705376,"relics_obtained":[{"floor":8.0,"key":"Dream Catcher"},{"floor":9.0,"key":"Lantern"},{"floor":13.0,"key":"Peace Pipe"}],"event_choices":[{"damage_healed":0.0,"max_hp_gain":0.0,"max_hp_loss":0.0,"gold_gain":0.0,"event_name":"Scrap Ooze","player_choice":"Fled","floor":3.0,"gold_loss":0.0,"damage_taken":0.0},{"damage_healed":0.0,"max_hp_gain":0.0,"max_hp_loss":0.0,"gold_gain":0.0,"event_name":"FaceTrader","player_choice":"Trade","floor":5.0,"gold_loss":0.0,"damage_taken":0.0,"relics_obtained":["FaceOfCleric"]}],"is_beta":false,"boss_relics":[],"items_purged_floors":[2],"is_endless":false,"potions_floor_spawned":[1,7,8,10],"killed_by":"Exordium Wildlife","ascension_level":20}