{"path_per_floor":["M","$","M","?","M","E","R","M","T","$","R","M","?","?","R","B",null,"M","$","?","M","M","E","M","R","T","M","M","R","E","$","R","B",null,"M","$","M","?","M","M","R","M","T","M","R","M","?","E","R"],"character_chosen":"IRONCLAD","items_purchased":[],"gold_per_floor":[111,36,49,124,138,173,173,193,217,117,117,127,77,57,57,153,153,173,48,48,58,68,95,106,106,106,123,134,134,167,17,17,118,118,128,128,143,195,208,228,228,239,291,310,310,322,0,26,26],"floor_reached":50,"campfire_rested":2,"playtime":1879,"current_hp_per_floor":[80,80,79,68,68,54,54,43,43,43,43,43,43,43,43,30,80,80,80,64,62,64,62,50,50,50,44,43,67,42,42,66,30,80,60,60,66,53,48,39,39,27,27,32,32,44,44,54,54],"items_purged":["Defend_R","Defend_R","Strike_R","Defend_R"],"gold":26,"score":541,"play_id":"b7ece2bc-0d3a-42ed-9b49-8faa57e0f5fe","local_time":"20180317190104","is_prod":false,"is_daily":false,"is_ascension_mode":false,"campfire_upgraded":4,"timestamp":1521309664,"path_taken":["M","$","M","?","M","E","R","?","T","$","R","M","?","?","R","BOSS","M","$","?","M","M","E","M","R","T","M","?","R","E","$","R","BOSS","M","$","M","?","?","M","R","?","T","M","R","M","?","E","R","BOSS"],"build_version":"2018-03-15v2","purchased_purges":4,"victory":false,"master_deck":["Strike_R","Strike_R","Strike_R","Strike_R","Bash+1","Flex+1","Battle Trance","Rampage","Uppercut+1","Flex+1","Limit Break+1","Bloodletting+1","Heavy Blade+1","Disarm+1","Dual Wield","Heavy Blade+1","Rampage+1","Injury","Pain","Regret","Clash+1","Seeing Red"],"max_hp_per_floor":[80,80,80,80,80,80,80,80,80,80,80,80,80,80,80,80,80,80,80,80,80,80,80,80,80,80,80,80,80,80,80,80,80,80,80,80,80,80,80,80,80,80,80,80,80,80,80,80,80],"relics":["Burning Blood","Vajra","Orichalcum","Runic Dome","Enchiridion","Bag of Marbles","Shovel","Ice Cream","Calling Bell","War Paint","Meat on the Bone","Pantograph","Girya","Prayer Wheel","Red Mask","Bronze Scales"],"card_choices":[{"not_picked":["Burning Pact","Twin Strike"],"picked":"Flex"},{"not_picked":["Warcry","Second Wind"],"picked":"Battle Trance"},{"not_picked":["Evolve","Body Slam"],"picked":"Rampage"},{"not_picked":["Cleave","Reckless Charge"],"picked":"Uppercut"},{"not_picked":["Heavy Blade","Sentinel"],"picked":"Flex"},{"not_picked":["Barricade","Fiend Fire"],"picked":"Limit Break"},{"not_picked":["Corruption","Power Through"],"picked":"Bloodletting"},{"not_picked":["Reckless Charge","Cleave"],"picked":"Heavy Blade"},{"not_picked":["Iron Wave","Sever Soul"],"picked":"Disarm"},{"not_picked":["Rage","Twin Strike"],"picked":"Dual Wield"},{"not_picked":["Whirlwind","Warcry"],"picked":"Heavy Blade"},{"not_picked":["Entrench","Armaments"],"picked":"Rampage"},{"not_picked":["Pommel Strike","Wild Strike"],"picked":"Clash"},{"not_picked":["Iron Wave","Feel No Pain"],"picked":"Seeing Red"}],"player_experience":163912,"potions_floor_usage":[],"damage_taken":[{"damage":6.0,"enemies":"2 Louse","floor":1.0,"turns":3.0},{"damage":7.0,"enemies":"Small Slimes","floor":3.0,"turns":3.0},{"damage":6.0,"enemies":"Jaw Worm","floor":5.0,"turns":2.0},{"damage":20.0,"enemies":"Gremlin Nob","floor":6.0,"turns":4.0},{"damage":17.0,"enemies":"Exordium Thugs","floor":8.0,"turns":4.0},{"damage":6.0,"enemies":"Blue Slaver","floor":12.0,"turns":2.0},{"damage":19.0,"enemies":"Slime Boss","floor":16.0,"turns":8.0},{"damage":4.0,"enemies":"Spheric Guardian","floor":18.0,"turns":3.0},{"damage":8.0,"enemies":"2 Thieves","floor":21.0,"turns":3.0},{"damage":4.0,"enemies":"Cultist and Chosen","floor":22.0,"turns":2.0},{"damage":8.0,"enemies":"Book of Stabbing","floor":23.0,"turns":3.0},{"damage":18.0,"enemies":"Snake Plant","floor":24.0,"turns":2.0},{"damage":12.0,"enemies":"Chosen and Byrds","floor":27.0,"turns":6.0},{"damage":7.0,"enemies":"3 Cultists","floor":28.0,"turns":4.0},{"damage":31.0,"enemies":"Slavers","floor":30.0,"turns":4.0},{"damage":42.0,"enemies":"Automaton","floor":33.0,"turns":5.0},{"damage":26.0,"enemies":"3 Darklings","floor":35.0,"turns":4.0},{"damage":0.0,"enemies":"Orb Walker","floor":37.0,"turns":1.0},{"damage":19.0,"enemies":"Mysterious Sphere","floor":38.0,"turns":3.0},{"damage":11.0,"enemies":"Sphere and 2 Shapes","floor":39.0,"turns":3.0},{"damage":27.0,"enemies":"4 Shapes","floor":40.0,"turns":4.0},{"damage":30.0,"enemies":"Maw","floor":42.0,"turns":5.0},{"damage":13.0,"enemies":"3 Darklings","floor":44.0,"turns":3.0},{"damage":6.0,"enemies":"4 Shapes","floor":46.0,"turns":1.0},{"damage":8.0,"enemies":"Giant Head","floor":48.0,"turns":5.0},{"damage":79,"enemies":"Awakened One","floor":50,"turns":5}],"event_choices":[{"event_name":"World of Goop","player_choice":"Gather Gold","floor":4.0,"damage_taken":0.0},{"event_name":"The Cleric","player_choice":"Card Removal","floor":13.0,"damage_taken":0.0},{"event_name":"The Woman in Blue","player_choice":"Bought 1 Potion","floor":14.0,"damage_taken":0.0},{"event_name":"Cursed Tome","player_choice":"Obtained Book","floor":20.0,"damage_taken":0.0},{"event_name":"Mysterious Sphere","player_choice":"Fight","floor":38.0,"damage_taken":0.0},{"event_name":"Tomb of Lord Red Mask","player_choice":"Paid","floor":47.0,"damage_taken":0.0}],"boss_relics":[],"potions_floor_spawned":[1,3,16,22,24,27,28,33,37,39,42],"seed_played":"-2284709296983473141","killed_by":"Awakened One","ascension_level":0,"is_trial":false}