{"gold_per_floor":[114,114,36,55,68,68,83,123,123,166,166,166,166,36,36,132,132,147,47,47,80,92,104,134,167,233,245,257,29,53,77,77,173,173,198,73,73,73,98,136,136,167,247,372,372,136,154,195,195,195,195,195,195,20,58,58],"floor_reached":57,"playtime":3461,"items_purged":["Strike_G","Strike_G","Strike_G","Strike_G+1","Neutralize+1"],"score":2948,"play_id":"14de9ec2-770d-4f70-a2ab-0912d38548f4","local_time":"20190103153311","is_ascension_mode":true,"campfire_choices":[{"data":"Catalyst","floor":6.0,"key":"SMITH"},{"data":"Catalyst","floor":11.0,"key":"SMITH"},{"data":"Deadly Poison","floor":13.0,"key":"SMITH"},{"data":"Deadly Poison","floor":15.0,"key":"SMITH"},{"data":"Wraith Form v2","floor":23.0,"key":"SMITH"},{"data":"Malaise","floor":27.0,"key":"SMITH"},{"data":"Burst","floor":32.0,"key":"SMITH"},{"data":"Night Terror","floor":41.0,"key":"SMITH"},{"floor":49.0,"key":"RECALL"},{"data":"Corpse Explosion","floor":53,"key":"SMITH"}],"neow_cost":"NONE","seed_source_timestamp":9148105075089,"circlet_count":0,"master_deck":["AscendersBane","Defend_G+1","Defend_G","Defend_G","Defend_G","Defend_G","Survivor+1","Catalyst+1","Catalyst+1","Deadly Poison+1","Deadly Poison+1","Malaise+1","Wraith Form v2+1","Burst+1","Night Terror+1","Corpse Explosion+1","Backflip"],"special_seed":0,"relics":["Ring of the Snake","Golden Idol","Incense Burner","Meat on the Bone","Lizard Tail","MawBank","Tiny Chest","War Paint","Busted Crown","Art of War","Whetstone","Ornamental Fan","Bird Faced Urn","Gremlin Horn","Vajra"],"potions_floor_usage":[56,56],"damage_taken":[{"damage":0.0,"enemies":"Jaw Worm","floor":1.0,"turns":7.0},{"damage":4.0,"enemies":"Small Slimes","floor":4.0,"turns":5.0},{"damage":0.0,"enemies":"Cultist","floor":5.0,"turns":3.0},{"damage":8.0,"enemies":"3 Louse","floor":7.0,"turns":4.0},{"damage":26.0,"enemies":"Gremlin Nob","floor":8.0,"turns":4.0},{"damage":15.0,"enemies":"3 Sentries","floor":10.0,"turns":10.0},{"damage":0.0,"enemies":"The Guardian","floor":16.0,"turns":6.0},{"damage":0.0,"enemies":"Shell Parasite","floor":18.0,"turns":3.0},{"damage":10.0,"enemies":"3 Byrds","floor":21.0,"turns":7.0},{"damage":3.0,"enemies":"Snake Plant","floor":24.0,"turns":3.0},{"damage":14.0,"enemies":"Shelled Parasite and Fungi","floor":25.0,"turns":7.0},{"damage":31.0,"enemies":"3 Cultists","floor":31.0,"turns":9.0},{"damage":1.0,"enemies":"Champ","floor":33.0,"turns":6.0},{"damage":0.0,"enemies":"Orb Walker","floor":35.0,"turns":4.0},{"damage":0.0,"enemies":"3 Darklings","floor":39.0,"turns":3.0},{"damage":0.0,"enemies":"Giant Head","floor":40.0,"turns":3.0},{"damage":1.0,"enemies":"Nemesis","floor":42.0,"turns":5.0},{"damage":0.0,"enemies":"Mind Bloom Boss Battle","floor":44.0,"turns":2.0},{"damage":1.0,"enemies":"Maw","floor":47.0,"turns":7.0},{"damage":0.0,"enemies":"Giant Head","floor":48.0,"turns":4.0},{"damage":17,"enemies":"Time Eater","floor":50,"turns":3},{"damage":20,"enemies":"Donu and Deca","floor":51,"turns":11},{"damage":19,"enemies":"Shield and Spear","floor":55,"turns":4},{"damage":64,"enemies":"The Heart","floor":56,"turns":7}],"seed_played":"7371422291853412664","potions_obtained":[{"floor":1.0,"key":"Energy Potion"},{"floor":8.0,"key":"Strength Potion"},{"floor":10.0,"key":"Regen Potion"},{"floor":18.0,"key":"Energy Potion"},{"floor":31.0,"key":"Weak Potion"},{"floor":42.0,"key":"Block Potion"}],"is_trial":false,"path_per_floor":["M","?","$","M","M","R","M","E","T","E","R","?","R","$","R","B",null,"M","$","?","M","$","R","M","M","T","R","?","$","T","M","R","B",null,"M","$","?","$","M","E","R","E","T","?","?","$","M","E","R","B","B",null,"R","$","E","B",null],"character_chosen":"THE_SILENT","items_purchased":["Catalyst","Energy Potion","Night Terror","GhostInAJar","GhostInAJar"],"campfire_rested":0,"item_purchase_floors":[3,14,29,29,46],"current_hp_per_floor":[59,59,59,55,55,55,47,21,21,6,6,6,6,6,6,18,50,60,60,60,50,50,50,47,33,33,33,33,33,33,14,14,25,51,51,51,48,48,48,48,48,47,47,47,47,47,52,54,54,37,37,54,54,54,37,42],"gold":58,"neow_bonus":"UPGRADE_CARD","is_prod":false,"is_daily":false,"chose_seed":false,"campfire_upgraded":9,"win_rate":0,"timestamp":1546500791,"path_taken":["M","?","$","M","M","R","M","E","T","E","R","?","R","$","R","BOSS","M","$","?","M","?","R","M","M","T","R","?","$","?","M","R","BOSS","M","$","?","?","M","E","R","E","T","?","?","?","?","E","R","BOSS","BOSS","R","$","E","BOSS"],"build_version":"2018-12-20","purchased_purges":5,"victory":true,"max_hp_per_floor":[66,60,60,60,60,60,60,60,60,60,60,60,60,60,60,60,60,60,60,60,60,60,60,60,60,60,60,60,60,60,60,60,60,60,60,60,60,60,60,60,60,60,60,60,60,60,60,60,60,60,60,60,60,60,60,60],"card_choices":[{"not_picked":["Masterful Stab","Choke"],"picked":"Catalyst","floor":1.0},{"not_picked":["Crippling Poison","Poisoned Stab"],"picked":"Deadly Poison","floor":4.0},{"not_picked":["PiercingWail","Eviscerate","Slice"],"picked":"SKIP","floor":5.0},{"not_picked":["Cloak And Dagger","Bullet Time"],"picked":"Crippling Poison","floor":7.0},{"not_picked":["Dodge and Roll","Outmaneuver"],"picked":"Deadly Poison","floor":8.0},{"not_picked":["Deadly Poison","Dagger Throw"],"picked":"Malaise","floor":10.0},{"not_picked":["Burst","Bullet Time"],"picked":"Wraith Form v2","floor":16.0},{"not_picked":["Slice+1","Tactician+1","Sucker Punch"],"picked":"SKIP","floor":18.0},{"not_picked":["Deflect","Caltrops","Dagger Spray"],"picked":"SKIP","floor":21.0},{"not_picked":["Concentrate","Dagger Throw","Flying Knee"],"picked":"SKIP","floor":24.0},{"not_picked":["Deadly Poison","Bouncing Flask","Quick Slash"],"picked":"SKIP","floor":25.0},{"not_picked":["Venomology","Cloak And Dagger","Concentrate+1"],"picked":"SKIP","floor":31.0},{"not_picked":["Venomology","Grand Finale"],"picked":"Corpse Explosion","floor":33.0},{"not_picked":["Acrobatics"],"picked":"SKIP","floor":35.0},{"not_picked":["Terror"],"picked":"SKIP","floor":39.0},{"not_picked":["Predator+1"],"picked":"SKIP","floor":40.0},{"not_picked":["Predator+1"],"picked":"SKIP","floor":40.0},{"not_picked":["Blur"],"picked":"SKIP","floor":42.0},{"not_picked":["Predator+1"],"picked":"SKIP","floor":47.0},{"not_picked":[],"picked":"Backflip","floor":48.0},{"not_picked":["Quick Slash+1"],"picked":"SKIP","floor":55}],"player_experience":1690410,"relics_obtained":[{"floor":8.0,"key":"Incense Burner"},{"floor":10.0,"key":"Meat on the Bone"},{"floor":26.0,"key":"Tiny Chest"},{"floor":30.0,"key":"War Paint"},{"floor":40.0,"key":"Art of War"},{"floor":42.0,"key":"Whetstone"},{"floor":43.0,"key":"Ornamental Fan"},{"floor":44.0,"key":"Bird Faced Urn"},{"floor":48.0,"key":"Gremlin Horn"},{"floor":55,"key":"Vajra"}],"event_choices":[{"damage_healed":0.0,"max_hp_gain":0.0,"max_hp_loss":6.0,"gold_gain":0.0,"event_name":"Golden Idol","player_choice":"Lose Max HP","floor":2.0,"gold_loss":0.0,"damage_taken":0.0,"relics_obtained":["Golden Idol"]},{"damage_healed":0.0,"max_hp_gain":0.0,"max_hp_loss":0.0,"gold_gain":0.0,"event_name":"Scrap Ooze","player_choice":"Fled","floor":12.0,"gold_loss":0.0,"damage_taken":0.0},{"cards_removed":["Crippling Poison"],"damage_healed":0.0,"max_hp_gain":0.0,"max_hp_loss":0.0,"gold_gain":0.0,"event_name":"WeMeetAgain","player_choice":"Gave Card","floor":20.0,"gold_loss":0.0,"damage_taken":0.0,"relics_obtained":["MawBank"]},{"damage_healed":0.0,"max_hp_gain":0.0,"max_hp_loss":0.0,"gold_gain":0.0,"event_name":"The Library","player_choice":"Read","floor":28.0,"gold_loss":0.0,"damage_taken":0.0,"cards_obtained":["Burst"]},{"damage_healed":0.0,"max_hp_gain":0.0,"max_hp_loss":0.0,"gold_gain":0.0,"event_name":"The Woman in Blue","player_choice":"Bought 0 Potions","floor":37.0,"gold_loss":0.0,"damage_taken":0.0},{"damage_healed":0.0,"max_hp_gain":0.0,"max_hp_loss":0.0,"gold_gain":0.0,"event_name":"MindBloom","player_choice":"Fight","floor":44.0,"gold_loss":0.0,"damage_taken":0.0},{"cards_removed":["Strike_G"],"damage_healed":0.0,"max_hp_gain":0.0,"max_hp_loss":0.0,"gold_gain":0.0,"event_name":"Falling","player_choice":"Removed Attack","floor":45.0,"gold_loss":0.0,"damage_taken":0.0}],"is_beta":false,"boss_relics":[{"not_picked":["White Beast Statue","Fusion Hammer"],"picked":"Lizard Tail"},{"not_picked":["HoveringKite","Empty Cage"],"picked":"Busted Crown"}],"items_purged_floors":[14,19,36,46,54],"is_endless":false,"potions_floor_spawned":[1,8,10,16,18,31,42,48,55],"ascension_level":20}