{"gold_per_floor":[112,127,127,140,65,100,100,127,198,212,212,212,232,250,250,321,321,337,97,108,8,28,28,42,71,151,151,65,65,85,118,118,194,194,212,223,6,228,228,228,228,260,260,60,60,85,85,116,116,116,116,116,116,8,36,36],"floor_reached":57,"playtime":3859,"items_purged":["Strike_G","Strike_G"],"score":3232,"play_id":"15651148-2d4a-4cfb-8016-b6803545a59c","local_time":"20190326125413","is_ascension_mode":true,"campfire_choices":[{"data":"Masterful Stab","floor":7.0,"key":"SMITH"},{"data":"Neutralize","floor":11.0,"key":"SMITH"},{"data":"Backflip","floor":15.0,"key":"SMITH"},{"data":"Cloak And Dagger","floor":23.0,"key":"SMITH"},{"data":"Expertise","floor":27.0,"key":"SMITH"},{"data":"Malaise","floor":29.0,"key":"SMITH"},{"data":"Calculated Gamble","floor":32.0,"key":"SMITH"},{"data":"Calculated Gamble","floor":40.0,"key":"SMITH"},{"floor":41.0,"key":"RECALL"},{"floor":47,"key":"REST"},{"floor":49,"key":"REST"},{"floor":53,"key":"REST"}],"neow_cost":"NONE","seed_source_timestamp":3218035307110,"circlet_count":0,"master_deck":["AscendersBane","Defend_G","Defend_G","Defend_G+1","Defend_G","Survivor","Neutralize+1","Masterful Stab","Quick Slash","Backflip+1","Masterful Stab+1","After Image","Noxious Fumes+1","Noxious Fumes+1","Calculated Gamble+1","Malaise+1","Footwork+1","Expertise+1","Cloak And Dagger+1","Backflip","PiercingWail","Escape Plan+1","Well Laid Plans+1","Footwork+1","Noxious Fumes+1","Night Terror+1","PiercingWail","Calculated Gamble+1","PiercingWail","Footwork+1","Blur","Backflip","Dark Shackles","Accuracy+1","Burst","Blur","Leg Sweep","Blur","Apotheosis","Cloak And Dagger"],"special_seed":0,"relics":["Runic Dome","Dead Branch","Dream Catcher","Frozen Egg 2","Cursed Key","Red Mask","WingedGreaves","Empty Cage","Membership Card","War Paint","OrangePellets","Happy Flower","Gremlin Horn","Bag of Marbles"],"potions_floor_usage":[56],"damage_taken":[{"damage":0.0,"enemies":"Jaw Worm","floor":1.0,"turns":5.0},{"damage":0.0,"enemies":"Cultist","floor":2.0,"turns":4.0},{"damage":0.0,"enemies":"Small Slimes","floor":4.0,"turns":3.0},{"damage":19.0,"enemies":"Lagavulin","floor":6.0,"turns":6.0},{"damage":5.0,"enemies":"3 Sentries","floor":8.0,"turns":5.0},{"damage":10.0,"enemies":"3 Louse","floor":10.0,"turns":2.0},{"damage":5.0,"enemies":"Exordium Thugs","floor":13.0,"turns":5.0},{"damage":8.0,"enemies":"Lots of Slimes","floor":14.0,"turns":4.0},{"damage":0.0,"enemies":"The Guardian","floor":16.0,"turns":9.0},{"damage":0.0,"enemies":"Chosen","floor":18.0,"turns":4.0},{"damage":0.0,"enemies":"Shell Parasite","floor":20.0,"turns":6.0},{"damage":4.0,"enemies":"Snake Plant","floor":22.0,"turns":6.0},{"damage":8.0,"enemies":"Shelled Parasite and Fungi","floor":24.0,"turns":8.0},{"damage":0.0,"enemies":"Masked Bandits","floor":25.0,"turns":5.0},{"damage":4.0,"enemies":"Centurion and Healer","floor":30.0,"turns":6.0},{"damage":7.0,"enemies":"Slavers","floor":31.0,"turns":5.0},{"damage":8.0,"enemies":"Collector","floor":33.0,"turns":8.0},{"damage":0.0,"enemies":"3 Shapes","floor":35.0,"turns":4.0},{"damage":3.0,"enemies":"Orb Walker","floor":36.0,"turns":5.0},{"damage":31.0,"enemies":"Reptomancer","floor":42.0,"turns":5.0},{"damage":2,"enemies":"Nemesis","floor":46,"turns":13},{"damage":33,"enemies":"Reptomancer","floor":48,"turns":8},{"damage":0,"enemies":"Time Eater","floor":50,"turns":16},{"damage":18,"enemies":"Awakened One","floor":51,"turns":20},{"damage":0,"enemies":"Shield and Spear","floor":55,"turns":10},{"damage":0,"enemies":"The Heart","floor":56,"turns":13}],"seed_played":"-1462131352568814527","potions_obtained":[{"floor":1.0,"key":"Fire Potion"},{"floor":4.0,"key":"Fruit Juice"},{"floor":6.0,"key":"GamblersBrew"},{"floor":8.0,"key":"SneckoOil"},{"floor":10.0,"key":"Regen Potion"},{"floor":22.0,"key":"Energy Potion"},{"floor":24.0,"key":"Energy Potion"},{"floor":46,"key":"Energy Potion"},{"floor":55,"key":"Ancient Potion"}],"is_trial":false,"path_per_floor":["M","M","?","M","?","E","R","E","T","M","R","?","M","M","R","B",null,"M","$","M","$","M","R","M","?","T","R","$","R","M","E","R","B",null,"M","M","$","?","?","R","R","E","T","$","?","E","R","E","R","B","B",null,"R","$","E","B",null],"character_chosen":"THE_SILENT","items_purchased":["Footwork+1","Expertise","Well Laid Plans+1","Membership Card","OrangePellets","Footwork+1","Blur","Backflip","Apotheosis"],"campfire_rested":3,"item_purchase_floors":[19,19,28,37,44,44,44,44,54],"current_hp_per_floor":[59,59,59,64,64,45,45,40,40,30,30,30,40,32,32,32,61,61,61,61,61,57,57,49,49,49,49,49,49,45,38,38,30,61,61,58,58,58,58,58,58,27,27,27,27,25,46,13,34,34,16,57,71,71,71,71],"gold":36,"neow_bonus":"BOSS_RELIC","is_prod":false,"is_daily":false,"chose_seed":false,"campfire_upgraded":8,"win_rate":0,"timestamp":1553576053,"path_taken":["M","M","?","?","?","E","R","E","T","M","R","?","M","M","R","BOSS","M","$","M","?","M","R","?","?","T","R","?","R","?","E","R","BOSS","M","?","$","?","?","R","R","E","T","?","?","E","R","E","R","BOSS","BOSS","R","$","E","BOSS"],"build_version":"2019-01-23","purchased_purges":2,"victory":true,"max_hp_per_floor":[66,66,66,71,71,71,71,71,71,71,71,71,71,71,71,71,71,71,71,71,71,71,71,71,71,71,71,71,71,71,71,71,71,71,71,71,71,71,71,71,71,71,71,71,71,71,71,71,71,71,71,71,71,71,71,71],"card_choices":[{"not_picked":["Blade Dance","Prepared"],"picked":"Masterful Stab","floor":1.0},{"not_picked":["Distraction","Underhanded Strike","Quick Slash"],"picked":"SKIP","floor":2.0},{"not_picked":["Distraction","Underhanded Strike"],"picked":"Quick Slash","floor":2.0},{"not_picked":["Deflect","Reflex"],"picked":"Backflip","floor":4.0},{"not_picked":["Underhanded Strike","Accuracy"],"picked":"Masterful Stab","floor":6.0},{"not_picked":["Masterful Stab","Well Laid Plans"],"picked":"After Image","floor":8.0},{"not_picked":["Backstab","Bane"],"picked":"Noxious Fumes+1","floor":10.0},{"not_picked":["Riddle With Holes","Bane"],"picked":"Calculated Gamble","floor":13.0},{"not_picked":["Sucker Punch","Poisoned Stab","Quick Slash"],"picked":"SKIP","floor":14.0},{"not_picked":["Grand Finale","Die Die Die"],"picked":"Malaise","floor":16.0},{"not_picked":["Dodge and Roll","Quick Slash","Predator"],"picked":"SKIP","floor":18.0},{"not_picked":["Bouncing Flask","Choke"],"picked":"Cloak And Dagger","floor":20.0},{"not_picked":["Cloak And Dagger","Bouncing Flask"],"picked":"Backflip","floor":22.0},{"not_picked":["Slice","Eviscerate"],"picked":"PiercingWail","floor":24.0},{"not_picked":["Skewer","Dodge and Roll"],"picked":"Escape Plan","floor":25.0},{"not_picked":["Dash","Slice"],"picked":"Footwork+1","floor":30.0},{"not_picked":["All Out Attack","Distraction"],"picked":"Noxious Fumes+1","floor":31.0},{"not_picked":["Venomology","Adrenaline"],"picked":"Night Terror","floor":33.0},{"not_picked":["Choke","Dagger Spray"],"picked":"PiercingWail","floor":35.0},{"not_picked":["Dash","Choke"],"picked":"Calculated Gamble","floor":36.0},{"not_picked":["Choke","Outmaneuver+1"],"picked":"PiercingWail","floor":42.0},{"not_picked":["Good Instincts","Madness"],"picked":"Dark Shackles","floor":45.0},{"not_picked":["Flying Knee","PiercingWail"],"picked":"Accuracy+1","floor":46},{"not_picked":["Slice","PiercingWail"],"picked":"Burst","floor":47},{"not_picked":["Bane","Poisoned Stab"],"picked":"Blur","floor":48},{"not_picked":["Infinite Blades+1","Escape Plan"],"picked":"Leg Sweep","floor":49},{"not_picked":["Distraction","Eviscerate+1"],"picked":"Blur","floor":53},{"not_picked":["Acrobatics","Setup"],"picked":"Cloak And Dagger","floor":55}],"player_experience":3874854,"relics_obtained":[{"floor":6.0,"key":"Dead Branch"},{"floor":8.0,"key":"Dream Catcher"},{"floor":9.0,"key":"Frozen Egg 2"},{"floor":25.0,"key":"Red Mask"},{"floor":31.0,"key":"WingedGreaves"},{"floor":42.0,"key":"War Paint"},{"floor":46,"key":"Happy Flower"},{"floor":48,"key":"Gremlin Horn"},{"floor":55,"key":"Bag of Marbles"}],"event_choices":[{"cards_removed":["Strike_G"],"damage_healed":0.0,"max_hp_gain":0.0,"max_hp_loss":0.0,"gold_gain":0.0,"event_name":"Bonfire Elementals","player_choice":"Offered Basic","floor":3.0,"gold_loss":0.0,"damage_taken":0.0},{"cards_removed":["Defend_G"],"damage_healed":0.0,"max_hp_gain":0.0,"max_hp_loss":0.0,"gold_gain":0.0,"event_name":"The Cleric","player_choice":"Card Removal","floor":5.0,"gold_loss":75.0,"damage_taken":0.0},{"damage_healed":0.0,"max_hp_gain":0.0,"max_hp_loss":0.0,"gold_gain":0.0,"cards_transformed":["Strike_G"],"event_name":"Transmorgrifier","player_choice":"Transformed","floor":12.0,"gold_loss":0.0,"damage_taken":0.0,"cards_obtained":["Noxious Fumes"]},{"damage_healed":0.0,"max_hp_gain":0.0,"max_hp_loss":0.0,"gold_gain":0.0,"event_name":"Masked Bandits","player_choice":"Fought Bandits","floor":25.0,"gold_loss":0.0,"damage_taken":0.0},{"damage_healed":0.0,"max_hp_gain":0.0,"max_hp_loss":0.0,"gold_gain":222.0,"event_name":"Tomb of Lord Red Mask","player_choice":"Wore Mask","floor":38.0,"gold_loss":0.0,"damage_taken":0.0},{"damage_healed":0.0,"max_hp_gain":0.0,"max_hp_loss":0.0,"gold_gain":0.0,"event_name":"Accursed Blacksmith","player_choice":"Forge","floor":39.0,"gold_loss":0.0,"damage_taken":0.0,"cards_upgraded":["Night Terror"]},{"damage_healed":0.0,"max_hp_gain":0.0,"max_hp_loss":0.0,"gold_gain":0.0,"event_name":"SensoryStone","player_choice":"Memory 1","floor":45.0,"gold_loss":0.0,"damage_taken":0.0}],"is_beta":false,"boss_relics":[{"not_picked":["Calling Bell","Snecko Eye"],"picked":"Cursed Key"},{"not_picked":["Black Star","Velvet Choker"],"picked":"Empty Cage"}],"items_purged_floors":[19,21],"is_endless":false,"potions_floor_spawned":[1,4,6,8,10,22,24,46,55],"ascension_level":20}