{"gold_per_floor":[112,37,37,37,37,37,49,49,49,74,86,86,96,59,59,161,161,179,179,98,98,114,114,131,141,193,193,208,221,15,28,28,129,129,140,151,51,67,14,14,14,14,60,60,75,89,106,70,70,70],"floor_reached":51,"playtime":2665,"items_purged":["Strike_G","Regret"],"score":689,"play_id":"886703b2-bef8-4bbc-b5a8-d6763886f057","local_time":"20181018200008","is_ascension_mode":false,"campfire_choices":[{"data":"Poisoned Stab","floor":6.0,"key":"SMITH"},{"data":"Well Laid Plans","floor":8.0,"key":"SMITH"},{"data":"Tools of the Trade","floor":12.0,"key":"SMITH"},{"data":"Well Laid Plans","floor":15.0,"key":"SMITH"},{"data":"Noxious Fumes","floor":23,"key":"SMITH"},{"floor":27,"key":"REST"},{"data":"Deadly Poison","floor":32,"key":"SMITH"},{"floor":40,"key":"REST"},{"data":"Neutralize","floor":44,"key":"SMITH"},{"floor":49,"key":"REST"}],"neow_cost":"PERCENT_DAMAGE","seed_source_timestamp":38709945008231,"circlet_count":0,"master_deck":["Defend_G","Defend_G","Defend_G","Strike_G","Strike_G","Survivor","Neutralize+1","Tools of the Trade+1","Poisoned Stab+1","Well Laid Plans+1","Well Laid Plans+1","Tools of the Trade","Deadly Poison+1","Noxious Fumes+1","Tactician","Deadly Poison+1","Seek","Panache","Glacier+1","Force Field+1","Reprogram+1","Backflip","Injury","Go for the Eyes","Flame Barrier","Dual Wield+1","Dash"],"special_seed":0,"relics":["Ring of the Snake","Blood Vial","Bronze Scales","Cursed Key","Nilry\u0027s Codex","Ancient Tea Set","PrismaticShard","Sozu","Art of War"],"potions_floor_usage":[18,25,33,50],"damage_taken":[{"damage":0.0,"enemies":"2 Louse","floor":1.0,"turns":4.0},{"damage":0.0,"enemies":"Small Slimes","floor":7.0,"turns":3.0},{"damage":0.0,"enemies":"Cultist","floor":11.0,"turns":3.0},{"damage":0.0,"enemies":"Blue Slaver","floor":13.0,"turns":4.0},{"damage":0.0,"enemies":"Hexaghost","floor":16.0,"turns":9.0},{"damage":0,"enemies":"Shell Parasite","floor":18,"turns":6},{"damage":10,"enemies":"3 Byrds","floor":22,"turns":3},{"damage":8,"enemies":"Snecko","floor":24,"turns":6},{"damage":4,"enemies":"3 Cultists","floor":25,"turns":6},{"damage":7,"enemies":"Cultist and Chosen","floor":28,"turns":5},{"damage":6,"enemies":"Snake Plant","floor":29,"turns":4},{"damage":1,"enemies":"Centurion and Healer","floor":31,"turns":6},{"damage":22,"enemies":"Automaton","floor":33,"turns":9},{"damage":21,"enemies":"Orb Walker","floor":35,"turns":4},{"damage":4,"enemies":"3 Darklings","floor":36,"turns":5},{"damage":0,"enemies":"Spire Growth","floor":38,"turns":5},{"damage":0,"enemies":"Transient","floor":45,"turns":5},{"damage":2,"enemies":"Sphere and 2 Shapes","floor":46,"turns":5},{"damage":12,"enemies":"Spire Growth","floor":47,"turns":5},{"damage":39,"enemies":"Time Eater","floor":50,"turns":14}],"seed_played":"410923404283923035","potions_obtained":[{"floor":7.0,"key":"Swift Potion"},{"floor":11.0,"key":"Fire Potion"},{"floor":13.0,"key":"EssenceOfSteel"},{"floor":16.0,"key":"FearPotion"},{"floor":18,"key":"EssenceOfSteel"},{"floor":28,"key":"Ancient Potion"},{"floor":31,"key":"Regen Potion"}],"is_trial":false,"path_per_floor":["M","$","?","?","?","R","M","R","T","T","M","R","M","$","R","B",null,"M","?","$","?","M","R","M","M","T","R","M","M","$","M","R","B",null,"M","M","$","M","$","R","?","?","T","R","M","M","M","$","R","B"],"character_chosen":"THE_SILENT","items_purchased":["Well Laid Plans","Noxious Fumes","PrismaticShard","Backflip","Dash"],"campfire_rested":3,"item_purchase_floors":[14,20,30,39,48],"current_hp_per_floor":[49,49,49,42,42,42,42,42,42,42,44,44,46,46,46,48,70,70,70,70,54,46,46,40,38,38,59,54,50,50,51,51,46,70,49,47,47,49,49,70,66,66,66,66,66,64,54,54,66,27],"gold":70,"neow_bonus":"THREE_RARE_CARDS","is_prod":false,"is_daily":false,"chose_seed":false,"campfire_upgraded":7,"win_rate":0,"timestamp":1539864008,"path_taken":["M","$","?","?","?","R","M","R","T","?","M","R","M","$","R","BOSS","M","?","$","?","M","R","M","M","T","R","?","M","$","M","R","BOSS","M","?","$","M","?","R","?","?","T","R","M","?","M","$","R","BOSS"],"build_version":"2018-10-11","purchased_purges":2,"victory":true,"max_hp_per_floor":[70,70,70,70,70,70,70,70,70,70,70,70,70,70,70,70,70,70,70,70,70,70,70,70,70,70,70,70,70,70,70,70,70,70,70,70,70,70,70,70,66,66,66,66,66,66,66,66,66,66],"card_choices":[{"not_picked":["Bullet Time","Die Die Die"],"picked":"Tools of the Trade","floor":0.0},{"not_picked":["Prepared","Deflect"],"picked":"Poisoned Stab","floor":1.0},{"not_picked":["Heel Hook","Dagger Spray"],"picked":"Well Laid Plans","floor":7.0},{"not_picked":["Deflect","Acrobatics","Endless Agony"],"picked":"SKIP","floor":11.0},{"not_picked":["Acrobatics","Caltrops","Flying Knee"],"picked":"SKIP","floor":13.0},{"not_picked":["Envenom","Storm of Steel"],"picked":"Tools of the Trade","floor":16.0},{"not_picked":["Eviscerate","Crippling Poison","Deflect"],"picked":"SKIP","floor":18},{"not_picked":["Flechettes","Bane","Prepared"],"picked":"SKIP","floor":22},{"not_picked":["Underhanded Strike","Cloak And Dagger+1"],"picked":"Tactician","floor":24},{"not_picked":["Blur+1","Predator"],"picked":"Deadly Poison+1","floor":25},{"not_picked":["Flying Knee","Eviscerate","Finisher"],"picked":"SKIP","floor":28},{"not_picked":["Infinite Blades","Sucker Punch","Endless Agony"],"picked":"SKIP","floor":29},{"not_picked":["Tempest","Prepared"],"picked":"Seek","floor":31},{"not_picked":["Storm of Steel","Secret Weapon"],"picked":"Panache","floor":33},{"not_picked":["Streamline+1","Force Field+1"],"picked":"Glacier+1","floor":35},{"not_picked":["Dropkick+1","Shrug It Off"],"picked":"Force Field+1","floor":36},{"not_picked":["Ball Lightning","Rip and Tear+1"],"picked":"Reprogram+1","floor":38},{"not_picked":["Searing Blow+1","Carnage"],"picked":"Go for the Eyes","floor":45},{"not_picked":["Conserve Battery","Iron Wave"],"picked":"Flame Barrier","floor":46},{"not_picked":["Distraction+1","Blur+1"],"picked":"Dual Wield+1","floor":47}],"player_experience":346939,"relics_obtained":[{"floor":9.0,"key":"Blood Vial"},{"floor":10.0,"key":"Bronze Scales"},{"floor":21,"key":"Nilry\u0027s Codex"},{"floor":26,"key":"Ancient Tea Set"},{"floor":43,"key":"Art of War"}],"event_choices":[{"event_name":"The Cleric","player_choice":"Leave","floor":3.0,"damage_taken":0.0},{"event_name":"Golden Wing","player_choice":"Card Removal","floor":4.0,"damage_taken":0.0},{"event_name":"Living Wall","player_choice":"Forget","floor":5.0,"damage_taken":0.0},{"event_name":"Transmorgrifier","player_choice":"Transform","floor":19,"damage_taken":0},{"event_name":"Cursed Tome","player_choice":"Obtained Book","floor":21,"damage_taken":0},{"event_name":"Winding Halls","player_choice":"Max HP","floor":41,"damage_taken":0},{"event_name":"Bonfire Elementals","player_choice":"BASIC","floor":42,"damage_taken":0}],"is_beta":false,"boss_relics":[{"not_picked":["Tiny House","Astrolabe"],"picked":"Cursed Key"},{"not_picked":["Snecko Eye","Philosopher\u0027s Stone"],"picked":"Sozu"}],"items_purged_floors":[2,37],"is_endless":false,"potions_floor_spawned":[7,11,13,16,18,22,28,31,36,38,47],"ascension_level":0}