{"gold_per_floor":[111,121,121,37,37,37,64,76,155,155,190,201,234,252,252,331,331,346,346,356,356,368,368,403,403,403,437,275,275,0,16,16,91,91,106,6,24,24,39,39],"floor_reached":40,"playtime":1713,"items_purged":["Strike_G","Poisoned Stab"],"score":913,"play_id":"f97706ee-c332-425e-bba1-cde03b715ae1","local_time":"20190407051057","is_ascension_mode":true,"campfire_choices":[{"data":"Apotheosis","floor":6.0,"key":"SMITH"},{"floor":10.0,"key":"RECALL"},{"data":"Malaise","floor":15.0,"key":"SMITH"},{"floor":23.0,"key":"REST"},{"data":"Malaise","floor":25.0,"key":"SMITH"},{"data":"Footwork","floor":29.0,"key":"SMITH"},{"data":"Malaise","floor":32.0,"key":"SMITH"}],"neow_cost":"TEN_PERCENT_HP_LOSS","seed_source_timestamp":0,"circlet_count":0,"master_deck":["AscendersBane","Defend_G","Defend_G","Defend_G","Defend_G","Defend_G","Survivor","Neutralize","Apotheosis+1","Deadly Poison","Dash","Master of Strategy","Bullet Time","Flechettes","Malaise+1","Acrobatics","Malaise+1","Blur","Malaise+1","Envenom","Catalyst","Escape Plan","Footwork+1","Calculated Gamble","Malaise"],"special_seed":0,"relics":["Ring of the Snake","Whetstone","Vajra","Meat on the Bone","Black Star","Unceasing Top","Potion Belt","Singing Bowl","Incense Burner","Du-Vu Doll","Empty Cage"],"potions_floor_usage":[],"damage_taken":[{"damage":0.0,"enemies":"2 Louse","floor":1.0,"turns":5.0},{"damage":0.0,"enemies":"Jaw Worm","floor":2.0,"turns":6.0},{"damage":8.0,"enemies":"3 Sentries","floor":7.0,"turns":11.0},{"damage":1.0,"enemies":"Cultist","floor":8.0,"turns":3.0},{"damage":16.0,"enemies":"Gremlin Nob","floor":11.0,"turns":4.0},{"damage":2.0,"enemies":"Blue Slaver","floor":12.0,"turns":3.0},{"damage":3.0,"enemies":"Lagavulin","floor":13.0,"turns":8.0},{"damage":0.0,"enemies":"Gremlin Gang","floor":14.0,"turns":3.0},{"damage":29.0,"enemies":"Slime Boss","floor":16.0,"turns":12.0},{"damage":2.0,"enemies":"Shell Parasite","floor":18.0,"turns":8.0},{"damage":9.0,"enemies":"Chosen","floor":20.0,"turns":5.0},{"damage":24.0,"enemies":"3 Cultists","floor":22.0,"turns":7.0},{"damage":17.0,"enemies":"Gremlin Leader","floor":24.0,"turns":10.0},{"damage":20.0,"enemies":"Slavers","floor":27.0,"turns":8.0},{"damage":6.0,"enemies":"Snake Plant","floor":31.0,"turns":6.0},{"damage":32.0,"enemies":"Collector","floor":33.0,"turns":12.0},{"damage":0,"enemies":"3 Shapes","floor":35,"turns":11},{"damage":9,"enemies":"3 Darklings","floor":37,"turns":8},{"damage":21,"enemies":"Spire Growth","floor":39,"turns":7},{"damage":35,"enemies":"Reptomancer","floor":40,"turns":3}],"seed_played":"1432126894533891697","potions_obtained":[{"floor":2.0,"key":"SpeedPotion"},{"floor":7.0,"key":"Fruit Juice"},{"floor":14.0,"key":"SkillPotion"},{"floor":16.0,"key":"AttackPotion"},{"floor":24.0,"key":"FearPotion"},{"floor":33.0,"key":"Explosive Potion"},{"floor":37,"key":"Dexterity Potion"}],"is_trial":false,"path_per_floor":["M","M","?","$","?","R","E","M","T","R","E","M","E","M","R","B",null,"M","?","M","?","M","R","E","R","T","E","$","R","?","M","R","B",null,"M","$","M","?","M","E"],"character_chosen":"THE_SILENT","items_purchased":["Dash","Footwork"],"campfire_rested":1,"item_purchase_floors":[4,28],"current_hp_per_floor":[59,59,59,59,59,59,51,55,55,55,39,37,34,34,34,17,53,51,51,42,42,30,49,44,44,44,36,36,36,36,42,42,22,54,56,56,49,49,42,7],"gold":39,"neow_bonus":"RANDOM_COLORLESS_2","is_prod":false,"is_daily":false,"chose_seed":false,"campfire_upgraded":5,"win_rate":0,"timestamp":1554585057,"path_taken":["M","M","?","$","?","R","E","M","T","R","E","M","E","?","R","BOSS","M","?","?","?","M","R","E","R","T","E","$","R","?","M","R","BOSS","M","$","M","?","?","E"],"build_version":"2019-01-23","purchased_purges":2,"victory":false,"max_hp_per_floor":[60,60,60,60,60,60,60,65,65,65,65,65,65,65,65,65,65,65,65,65,65,65,65,65,65,65,65,65,65,65,65,65,65,65,67,67,69,69,71,71],"card_choices":[{"not_picked":["Deflect","Riddle With Holes","Underhanded Strike"],"picked":"SKIP","floor":1.0},{"not_picked":["Dodge and Roll","Quick Slash"],"picked":"Deadly Poison","floor":2.0},{"not_picked":["Underhanded Strike","Prepared"],"picked":"Dagger Throw","floor":7.0},{"not_picked":["PiercingWail","Bane"],"picked":"Poisoned Stab","floor":8.0},{"not_picked":["Underhanded Strike","Blur"],"picked":"Bullet Time","floor":11.0},{"not_picked":["Cloak And Dagger","Deflect"],"picked":"Flechettes","floor":12.0},{"not_picked":["Dodge and Roll","Underhanded Strike"],"picked":"Malaise","floor":13.0},{"not_picked":["Flechettes","Accuracy"],"picked":"Acrobatics","floor":14.0},{"not_picked":["Unload","Doppelganger"],"picked":"Malaise","floor":16.0},{"not_picked":["Dodge and Roll","Underhanded Strike"],"picked":"Blur","floor":18.0},{"not_picked":["PiercingWail","Blade Dance","Bane"],"picked":"SKIP","floor":20.0},{"not_picked":["Quick Slash","Dodge and Roll","Slice"],"picked":"SKIP","floor":22.0},{"not_picked":["Bullet Time","Deadly Poison"],"picked":"Catalyst","floor":24.0},{"not_picked":["Reflex","Deadly Poison"],"picked":"Escape Plan","floor":27.0},{"not_picked":["Backstab","Sucker Punch"],"picked":"Calculated Gamble","floor":31.0},{"not_picked":["After Image","Grand Finale"],"picked":"Malaise","floor":33.0},{"not_picked":["Setup","Dash","Quick Slash+1"],"picked":"Singing Bowl","floor":35},{"not_picked":["Deflect","Dagger Throw","Poisoned Stab+1"],"picked":"Singing Bowl","floor":37},{"not_picked":["Prepared+1","Cloak And Dagger","Escape Plan"],"picked":"Singing Bowl","floor":39}],"player_experience":4100298,"relics_obtained":[{"floor":7.0,"key":"Whetstone"},{"floor":11.0,"key":"Vajra"},{"floor":13.0,"key":"Meat on the Bone"},{"floor":24.0,"key":"Unceasing Top"},{"floor":24.0,"key":"Potion Belt"},{"floor":26.0,"key":"Singing Bowl"},{"floor":27.0,"key":"Incense Burner"},{"floor":27.0,"key":"Du-Vu Doll"}],"event_choices":[{"damage_healed":0.0,"max_hp_gain":0.0,"max_hp_loss":0.0,"gold_gain":0.0,"event_name":"Scrap Ooze","player_choice":"Fled","floor":3.0,"gold_loss":0.0,"damage_taken":0.0},{"damage_healed":0.0,"max_hp_gain":0.0,"max_hp_loss":0.0,"gold_gain":0.0,"cards_transformed":["Enlightenment"],"event_name":"Transmorgrifier","player_choice":"Transformed","floor":5.0,"gold_loss":0.0,"damage_taken":0.0,"cards_obtained":["Master of Strategy"]},{"cards_removed":["Strike_G"],"damage_healed":0.0,"max_hp_gain":0.0,"max_hp_loss":0.0,"gold_gain":0.0,"event_name":"Bonfire Elementals","player_choice":"Offered Basic","floor":19.0,"gold_loss":0.0,"damage_taken":0.0},{"damage_healed":0.0,"max_hp_gain":0.0,"max_hp_loss":0.0,"gold_gain":0.0,"cards_transformed":["Dagger Throw","Strike_G"],"event_name":"Drug Dealer","player_choice":"Became Test Subject","floor":21.0,"gold_loss":0.0,"damage_taken":0.0,"cards_obtained":["Malaise","Envenom"]},{"damage_healed":0.0,"max_hp_gain":0.0,"max_hp_loss":0.0,"gold_gain":0.0,"event_name":"Masked Bandits","player_choice":"Paid Fearfully","floor":30.0,"gold_loss":275.0,"damage_taken":0.0},{"damage_healed":0,"gold_gain":0,"player_choice":"Ignored","damage_taken":0,"max_hp_gain":0,"max_hp_loss":0,"event_name":"SecretPortal","floor":38,"gold_loss":0}],"is_beta":false,"boss_relics":[{"not_picked":["Philosopher\u0027s Stone","Lizard Tail"],"picked":"Black Star"},{"not_picked":["WristBlade","Tiny House"],"picked":"Empty Cage"}],"items_purged_floors":[28,36],"is_endless":false,"potions_floor_spawned":[2,7,14,16,22,24,33,37],"killed_by":"Reptomancer","ascension_level":20}