{"gold_per_floor":[111,111,37,50,66,66,82,108,108,124,124,144,144,94,94,193,193,210,210,229,248,110,110,110,209,257,267,267,267,285,312,312,409,409,422,39,55,69,81,81,414,433,433,445,468,491,91,107,107,107],"floor_reached":51,"playtime":1648,"items_purged":["Strike_B","Strike_B","Strike_B"],"score":778,"play_id":"d955f06e-0e73-4e41-b36f-ad7c332fc3c1","local_time":"20190616092337","is_ascension_mode":false,"campfire_choices":[{"data":"Dualcast","floor":6,"key":"SMITH"},{"data":"Consume","floor":11,"key":"SMITH"},{"data":"Zap","floor":13,"key":"SMITH"},{"data":"Creative AI","floor":15,"key":"SMITH"},{"data":"Recycle","floor":23,"key":"SMITH"},{"floor":28,"key":"REST"},{"data":"Skim","floor":32,"key":"SMITH"},{"data":"Fission","floor":40,"key":"SMITH"},{"data":"Biased Cognition","floor":44,"key":"SMITH"},{"floor":49,"key":"REST"}],"neow_cost":"TEN_PERCENT_HP_LOSS","seed_source_timestamp":5095806740558,"circlet_count":0,"master_deck":["Defend_B","Defend_B","Defend_B","Defend_B","Zap+1","Dualcast+1","Genetic Algorithm","Electrodynamics","Trip","Skim+1","Ball Lightning","Tempest","Consume+1","Creative AI+1","Fission+1","Turbo","White Noise","Recycle+1","Cold Snap","Hologram","Coolheaded+1","Biased Cognition+1","Rainbow","Loop+1","Capacitor","Capacitor","Capacitor","Capacitor"],"relics":["Cracked Core","Thread and Needle","Symbiotic Virus","The Courier","Philosopher\u0027s Stone","Smiling Mask","Matryoshka","Singing Bowl","Busted Crown","Runic Capacitor","Happy Flower","Old Coin","MawBank","Dream Catcher","Blood Vial"],"potions_floor_usage":[18,27,35,50,50,50],"damage_taken":[{"damage":0,"enemies":"Jaw Worm","floor":1,"turns":3},{"damage":0,"enemies":"Cultist","floor":4,"turns":4},{"damage":0,"enemies":"2 Louse","floor":5,"turns":1},{"damage":0,"enemies":"Blue Slaver","floor":7,"turns":3},{"damage":13,"enemies":"3 Sentries","floor":8,"turns":3},{"damage":1,"enemies":"Exordium Thugs","floor":10,"turns":2},{"damage":9,"enemies":"Exordium Wildlife","floor":12,"turns":4},{"damage":18,"enemies":"The Guardian","floor":16,"turns":8},{"damage":5,"enemies":"Shell Parasite","floor":18,"turns":3},{"damage":7,"enemies":"Spheric Guardian","floor":20,"turns":3},{"damage":5,"enemies":"Snecko","floor":21,"turns":4},{"damage":14,"enemies":"Snake Plant","floor":27,"turns":4},{"damage":8,"enemies":"3 Cultists","floor":30,"turns":4},{"damage":13,"enemies":"Slavers","floor":31,"turns":3},{"damage":21,"enemies":"Collector","floor":33,"turns":12},{"damage":0,"enemies":"Orb Walker","floor":35,"turns":2},{"damage":0,"enemies":"3 Darklings","floor":37,"turns":3},{"damage":0,"enemies":"4 Shapes","floor":38,"turns":2},{"damage":0,"enemies":"Transient","floor":39,"turns":5},{"damage":10,"enemies":"Giant Head","floor":41,"turns":6},{"damage":12,"enemies":"Jaw Worm Horde","floor":42,"turns":3},{"damage":0,"enemies":"Writhing Mass","floor":45,"turns":2},{"damage":0,"enemies":"Maw","floor":46,"turns":4},{"damage":8,"enemies":"Spire Growth","floor":48,"turns":2},{"damage":4,"enemies":"Donu and Deca","floor":50,"turns":5}],"seed_played":"8948029229645322177","potions_obtained":[{"floor":4,"key":"PowerPotion"},{"floor":5,"key":"Ancient Potion"},{"floor":7,"key":"Weak Potion"},{"floor":8,"key":"Swift Potion"},{"floor":20,"key":"Weak Potion"},{"floor":31,"key":"Fire Potion"},{"floor":39,"key":"FocusPotion"}],"is_trial":false,"path_per_floor":["M","?","$","M","M","R","M","E","T","M","R","M","R","?","R","B",null,"M","?","M","M","$","R","?","?","T","M","R","T","M","E","R","B",null,"M","$","M","M","M","R","E","M","T","R","M","M","$","M","R","B",null],"character_chosen":"DEFECT","items_purchased":["Skim","Recycle","Cold Snap","Runic Capacitor","Happy Flower","FocusPotion","Capacitor","Capacitor","Capacitor","Capacitor","Blood Vial"],"campfire_rested":2,"item_purchase_floors":[3,22,22,36,36,36,47,47,47,47,47],"current_hp_per_floor":[68,68,68,68,68,68,68,55,55,54,54,45,45,45,45,27,68,63,63,56,51,51,51,39,39,39,25,46,46,38,25,25,4,73,75,75,77,79,81,81,73,63,63,63,63,65,65,61,89,87],"gold":107,"neow_bonus":"ONE_RARE_RELIC","is_prod":false,"is_daily":false,"chose_seed":false,"campfire_upgraded":8,"win_rate":0,"timestamp":1560648217,"path_taken":["M","?","$","M","M","R","M","E","T","?","R","M","R","?","R","BOSS","M","?","M","?","$","R","?","?","T","?","R","?","?","E","R","BOSS","M","$","M","M","?","R","E","M","T","R","M","M","$","M","R","BOSS"],"build_version":"2019-01-23","purchased_purges":3,"victory":true,"max_hp_per_floor":[68,68,68,68,68,68,68,68,68,68,68,68,68,68,68,68,68,68,68,68,68,68,68,73,73,73,73,73,73,73,73,73,73,73,75,75,77,79,81,81,83,85,85,85,85,87,87,89,91,91],"card_choices":[{"not_picked":["Go for the Eyes","Beam Cell"],"picked":"Genetic Algorithm","floor":1},{"not_picked":["Steam Power","Turbo"],"picked":"Ball Lightning","floor":4},{"not_picked":["Steam","Melter","Beam Cell"],"picked":"SKIP","floor":5},{"not_picked":["Sweeping Beam","Ball Lightning"],"picked":"Tempest","floor":7},{"not_picked":["Rebound","Leap"],"picked":"Consume","floor":8},{"not_picked":["Beam Cell","Go for the Eyes","Conserve Battery"],"picked":"SKIP","floor":10},{"not_picked":["Compile Driver","Cold Snap"],"picked":"Creative AI","floor":12},{"not_picked":["Core Surge","Electrodynamics"],"picked":"Fission","floor":16},{"not_picked":["Scrape","Steam+1","FTL"],"picked":"SKIP","floor":18},{"not_picked":["Beam Cell+1","Go for the Eyes"],"picked":"Turbo","floor":20},{"not_picked":["Consume","Rip and Tear+1"],"picked":"White Noise","floor":21},{"not_picked":["Leap","Cold Snap"],"picked":"Hologram","floor":27},{"not_picked":["Auto Shields","FTL"],"picked":"Coolheaded+1","floor":30},{"not_picked":["Auto Shields","Meteor Strike"],"picked":"Biased Cognition","floor":31},{"not_picked":["All For One","Thunder Strike"],"picked":"Rainbow","floor":33},{"not_picked":["Leap"],"picked":"Singing Bowl","floor":35},{"not_picked":["Gash"],"picked":"Singing Bowl","floor":37},{"not_picked":["Gash+1"],"picked":"Singing Bowl","floor":38},{"not_picked":["Beam Cell"],"picked":"Singing Bowl","floor":39},{"not_picked":["Machine Learning"],"picked":"Singing Bowl","floor":41},{"not_picked":["Static Discharge"],"picked":"Singing Bowl","floor":42},{"not_picked":[],"picked":"Loop+1","floor":45},{"not_picked":["Streamline+1"],"picked":"Singing Bowl","floor":46},{"not_picked":["Go for the Eyes"],"picked":"Singing Bowl","floor":48},{"not_picked":["Go for the Eyes"],"picked":"Singing Bowl","floor":49}],"player_experience":5287443,"relics_obtained":[{"floor":8,"key":"Symbiotic Virus"},{"floor":9,"key":"The Courier"},{"floor":26,"key":"Smiling Mask"},{"floor":29,"key":"Matryoshka"},{"floor":31,"key":"Singing Bowl"},{"floor":41,"key":"Old Coin"},{"floor":43,"key":"MawBank"},{"floor":43,"key":"Dream Catcher"}],"event_choices":[{"damage_healed":0,"gold_gain":0,"player_choice":"2 cards matched","damage_taken":0,"max_hp_gain":0,"max_hp_loss":0,"event_name":"Match and Keep!","floor":2,"gold_loss":0,"cards_obtained":["Electrodynamics","Trip"]},{"cards_removed":["Strike_B"],"damage_healed":0,"gold_gain":0,"player_choice":"Card Removal","damage_taken":0,"max_hp_gain":0,"max_hp_loss":0,"event_name":"The Cleric","floor":14,"gold_loss":50},{"damage_healed":0,"gold_gain":0,"player_choice":"Ignored","damage_taken":0,"max_hp_gain":0,"max_hp_loss":0,"event_name":"NoteForYourself","floor":19,"gold_loss":0},{"damage_healed":0,"gold_gain":0,"player_choice":"Shed Blood","damage_taken":17,"max_hp_gain":5,"max_hp_loss":0,"event_name":"Forgotten Altar","floor":24,"gold_loss":0},{"damage_healed":0,"gold_gain":99,"player_choice":"Stole From Cult","damage_taken":0,"max_hp_gain":0,"max_hp_loss":0,"event_name":"Nest","floor":25,"gold_loss":0}],"is_beta":false,"boss_relics":[{"not_picked":["Black Star","FrozenCore"],"picked":"Philosopher\u0027s Stone"},{"not_picked":["Orrery","Empty Cage"],"picked":"Busted Crown"}],"items_purged_floors":[22,36,47],"is_endless":false,"potions_floor_spawned":[4,5,7,8,16,20,31,37,39,41,45,46],"ascension_level":0}