{"gold_per_floor":[214,62,62,78,92,92,92,92,145,164,164,164,225,236,236,308,308,233,55,74,74,74,90,105,105,152,152],"floor_reached":27,"playtime":1054,"items_purged":["Strike_G","Strike_G"],"score":439,"play_id":"22cabfb7-69d5-4611-8f8c-f336a620efdd","local_time":"20190218221054","is_ascension_mode":true,"campfire_choices":[{"data":"Footwork","floor":6.0,"key":"SMITH"},{"data":"Well Laid Plans","floor":8,"key":"SMITH"},{"data":"Tactician","floor":11,"key":"SMITH"},{"data":"Caltrops","floor":15,"key":"SMITH"},{"data":"Calculated Gamble","floor":25,"key":"SMITH"}],"neow_cost":"NONE","seed_source_timestamp":93883793484697,"circlet_count":0,"master_deck":["AscendersBane","Defend_G","Defend_G","Defend_G","Defend_G","Defend_G","Survivor","Neutralize","Well Laid Plans+1","Footwork+1","Tactician+1","Acrobatics","Malaise","Caltrops+1","After Image","Deadly Poison","Calculated Gamble+1","Concentrate+1","Catalyst"],"special_seed":0,"relics":["Ring of the Snake","Regal Pillow","Bag of Marbles","Mummified Hand","Bronze Scales","Empty Cage","Nilry\u0027s Codex"],"potions_floor_usage":[],"damage_taken":[{"damage":0.0,"enemies":"2 Louse","floor":1.0,"turns":4.0},{"damage":0.0,"enemies":"Cultist","floor":4.0,"turns":5.0},{"damage":0.0,"enemies":"Small Slimes","floor":5.0,"turns":5.0},{"damage":7,"enemies":"Exordium Wildlife","floor":10,"turns":8},{"damage":9,"enemies":"Lagavulin Event","floor":13,"turns":11},{"damage":1,"enemies":"Looter","floor":14,"turns":3},{"damage":0,"enemies":"Hexaghost","floor":16,"turns":11},{"damage":0,"enemies":"2 Thieves","floor":18,"turns":5},{"damage":0,"enemies":"Shell Parasite","floor":20,"turns":5},{"damage":15,"enemies":"Colosseum Slavers","floor":21,"turns":5},{"damage":8,"enemies":"Snecko","floor":23,"turns":7},{"damage":0,"enemies":"Centurion and Healer","floor":24,"turns":7},{"damage":15,"enemies":"Shelled Parasite and Fungi","floor":27,"turns":3}],"seed_played":"-5022623917049711828","potions_obtained":[{"floor":1.0,"key":"AttackPotion"},{"floor":13,"key":"Dexterity Potion"},{"floor":16,"key":"PowerPotion"}],"is_trial":false,"path_per_floor":["M","$","?","M","M","R","?","R","T","M","R","?","?","M","R","B",null,"M","$","M","?","?","M","M","R","T","M"],"character_chosen":"THE_SILENT","items_purchased":["Well Laid Plans","Calculated Gamble"],"campfire_rested":0,"item_purchase_floors":[2,19],"current_hp_per_floor":[59,59,59,59,59,59,59,59,59,52,52,47,38,37,37,37,59,59,59,59,44,23,15,15,15,15,0],"gold":152,"neow_bonus":"HUNDRED_GOLD","is_prod":false,"is_daily":false,"chose_seed":false,"campfire_upgraded":5,"win_rate":0,"timestamp":1550499054,"path_taken":["M","$","?","M","?","R","?","R","T","?","R","?","?","M","R","BOSS","M","$","M","?","?","?","M","R","T","M"],"build_version":"2019-01-23","purchased_purges":2,"victory":false,"max_hp_per_floor":[66,66,66,66,66,66,66,66,66,66,66,66,66,66,66,66,66,66,66,66,66,66,66,66,66,66,66],"card_choices":[{"not_picked":["Heel Hook","Dodge and Roll","Riddle With Holes"],"picked":"SKIP","floor":1.0},{"not_picked":["Crippling Poison","Underhanded Strike","Quick Slash"],"picked":"SKIP","floor":4.0},{"not_picked":["Distraction","Dagger Throw"],"picked":"Footwork","floor":5.0},{"not_picked":["Dodge and Roll","Underhanded Strike"],"picked":"Acrobatics","floor":10},{"not_picked":["Quick Slash","Prepared"],"picked":"Malaise","floor":13},{"not_picked":["Bane","Infinite Blades"],"picked":"Caltrops","floor":14},{"not_picked":["Die Die Die","Night Terror"],"picked":"After Image","floor":16},{"not_picked":["Sucker Punch","Blade Dance+1"],"picked":"Deadly Poison","floor":18},{"not_picked":["Finisher","Dagger Spray","Tactician"],"picked":"SKIP","floor":20},{"not_picked":["Poisoned Stab","Dash"],"picked":"Concentrate+1","floor":23},{"not_picked":["Outmaneuver","Endless Agony+1"],"picked":"Catalyst","floor":24}],"player_experience":825100,"relics_obtained":[{"floor":9,"key":"Bag of Marbles"},{"floor":22,"key":"Nilry\u0027s Codex"}],"event_choices":[{"damage_healed":0.0,"max_hp_gain":0.0,"max_hp_loss":0.0,"gold_gain":0.0,"event_name":"WeMeetAgain","player_choice":"Gave Potion","floor":3.0,"gold_loss":0.0,"damage_taken":0.0,"relics_obtained":["Regal Pillow"]},{"damage_healed":0,"gold_gain":0,"cards_transformed":["Strike_G"],"player_choice":"Transformed","damage_taken":0,"max_hp_gain":0,"max_hp_loss":0,"event_name":"Transmorgrifier","floor":7,"gold_loss":0,"cards_obtained":["Tactician"]},{"damage_healed":0,"gold_gain":0,"player_choice":"Success","damage_taken":5,"relics_obtained":["Mummified Hand"],"max_hp_gain":0,"max_hp_loss":0,"event_name":"Scrap Ooze","floor":12,"gold_loss":0},{"damage_healed":0,"gold_gain":0,"player_choice":"Searched \u00272\u0027 times","damage_taken":0,"relics_obtained":["Bronze Scales"],"max_hp_gain":0,"max_hp_loss":0,"event_name":"Dead Adventurer","floor":13,"gold_loss":0},{"damage_healed":0,"gold_gain":0,"player_choice":"Fight","damage_taken":0,"max_hp_gain":0,"max_hp_loss":0,"event_name":"Colosseum","floor":21,"gold_loss":0},{"damage_healed":0,"gold_gain":0,"player_choice":"Fled From Nobs","damage_taken":0,"max_hp_gain":0,"max_hp_loss":0,"event_name":"Colosseum","floor":21,"gold_loss":0},{"damage_healed":0,"gold_gain":0,"player_choice":"Obtained Book","damage_taken":21,"max_hp_gain":0,"max_hp_loss":0,"event_name":"Cursed Tome","floor":22,"gold_loss":0}],"is_beta":false,"boss_relics":[{"not_picked":["Ring of the Serpent","Coffee Dripper"],"picked":"Empty Cage"}],"items_purged_floors":[2,19],"is_endless":false,"potions_floor_spawned":[1,13,16,24],"killed_by":"Shelled Parasite and Fungi","ascension_level":15}