{"gold_per_floor":[111,111,36,36,56,88,116,128,140,152,197,220,232,258,270,282],"floor_reached":16,"playtime":616,"items_purged":["Strike_R"],"score":270,"play_id":"359b444c-cf85-44cc-92d0-c36eaa7e31a0","local_time":"20190121112135","is_ascension_mode":true,"campfire_choices":[{"data":"Flex","floor":8,"key":"SMITH"},{"data":"Spot Weakness","floor":13,"key":"SMITH"},{"data":"Bash","floor":15,"key":"SMITH"}],"neow_cost":"NONE","seed_source_timestamp":1520601871753,"circlet_count":0,"master_deck":["AscendersBane","Strike_R","Strike_R","Strike_R+1","Defend_R","Defend_R","Defend_R","Defend_R","Bash+1","Evolve+1","Power Through","Impervious","Flex+1","Spot Weakness+1"],"relics":["Burning Blood","NeowsBlessing","MawBank","Mummified Hand","WingedGreaves"],"potions_floor_usage":[11,14,16],"damage_taken":[{"damage":0,"enemies":"2 Louse","floor":1,"turns":1},{"damage":0,"enemies":"Small Slimes","floor":5,"turns":1},{"damage":0,"enemies":"Lagavulin","floor":6,"turns":1},{"damage":4,"enemies":"Jaw Worm","floor":7,"turns":6},{"damage":40,"enemies":"Gremlin Nob","floor":11,"turns":5},{"damage":15,"enemies":"3 Louse","floor":12,"turns":8},{"damage":25,"enemies":"Exordium Thugs","floor":14,"turns":8},{"damage":20,"enemies":"Hexaghost","floor":16,"turns":7}],"seed_played":"6276533821765272012","potions_obtained":[{"floor":5,"key":"Regen Potion"},{"floor":6,"key":"EssenceOfSteel"},{"floor":11,"key":"Block Potion"},{"floor":14,"key":"Explosive Potion"}],"is_trial":false,"path_per_floor":["M","?","$","?","M","E","M","R","T","?","E","M","R","M","R","B"],"character_chosen":"IRONCLAD","items_purchased":[],"campfire_rested":0,"item_purchase_floors":[],"current_hp_per_floor":[74,67,67,44,50,56,58,58,58,63,43,34,34,15,15,0],"gold":282,"neow_bonus":"THREE_ENEMY_KILL","is_prod":false,"is_daily":false,"chose_seed":false,"campfire_upgraded":3,"win_rate":0,"timestamp":1548040895,"path_taken":["M","?","$","?","M","E","M","R","T","?","E","M","R","M","R","BOSS"],"build_version":"2019-01-17v2","purchased_purges":1,"victory":false,"max_hp_per_floor":[75,75,75,75,75,75,75,75,75,80,80,80,80,80,80,80],"card_choices":[{"not_picked":["Armaments","Shrug It Off"],"picked":"Evolve","floor":1},{"not_picked":["True Grit","Cleave"],"picked":"Power Through","floor":5},{"not_picked":["Fiend Fire","Metallicize"],"picked":"Impervious","floor":6},{"not_picked":["Rage","Havoc"],"picked":"Flex","floor":7},{"not_picked":["Sever Soul","Blood for Blood","Cleave"],"picked":"SKIP","floor":11},{"not_picked":["Iron Wave","Searing Blow"],"picked":"Spot Weakness","floor":12},{"not_picked":["Iron Wave","Anger","Dark Embrace"],"picked":"SKIP","floor":14}],"player_experience":2095556,"relics_obtained":[{"floor":6,"key":"MawBank"},{"floor":9,"key":"Mummified Hand"},{"floor":11,"key":"WingedGreaves"}],"event_choices":[{"cards_removed":["Strike_R"],"damage_healed":0,"gold_gain":0,"player_choice":"Card Removal","damage_taken":7,"max_hp_gain":0,"max_hp_loss":0,"event_name":"Golden Wing","floor":2,"gold_loss":0},{"damage_healed":0,"gold_gain":0,"player_choice":"Entered Light","damage_taken":23,"max_hp_gain":0,"max_hp_loss":0,"event_name":"Shining Light","floor":4,"gold_loss":0,"cards_upgraded":["Strike_R","Evolve"]},{"damage_healed":0,"gold_gain":0,"player_choice":"Donut","damage_taken":0,"max_hp_gain":5,"max_hp_loss":0,"event_name":"Big Fish","floor":10,"gold_loss":0}],"is_beta":false,"boss_relics":[],"items_purged_floors":[3],"is_endless":false,"potions_floor_spawned":[5,6,11,14],"killed_by":"Hexaghost","ascension_level":20}