{"gold_per_floor":[115,40,190,190,115,145,145,171,196,212,212,227,243,258,258,258],"floor_reached":16,"playtime":419,"items_purged":["Doubt"],"score":320,"play_id":"b557e5dc-0360-4532-962c-883732c1b436","local_time":"20190325190558","is_ascension_mode":true,"campfire_choices":[{"data":"Zap","floor":7,"key":"SMITH"},{"data":"Chaos","floor":11,"key":"SMITH"},{"data":"Dualcast","floor":15,"key":"SMITH"}],"neow_cost":"NONE","seed_source_timestamp":28957198530877,"circlet_count":0,"master_deck":["AscendersBane","Strike_B","Strike_B","Strike_B","Defend_B","Defend_B","Defend_B","Defend_B","Zap+1","Dualcast+1","Glacier","Chaos+1","Skim"],"relics":["Cracked Core","NeowsBlessing","Happy Flower","Singing Bowl"],"potions_floor_usage":[16,16],"damage_taken":[{"damage":0,"enemies":"Jaw Worm","floor":1,"turns":1},{"damage":0,"enemies":"Lagavulin","floor":6,"turns":1},{"damage":0,"enemies":"Gremlin Nob","floor":8,"turns":1},{"damage":0,"enemies":"2 Louse","floor":10,"turns":3},{"damage":0,"enemies":"Cultist","floor":12,"turns":3},{"damage":12,"enemies":"Looter","floor":13,"turns":4},{"damage":21,"enemies":"Large Slime","floor":14,"turns":7},{"damage":66,"enemies":"Slime Boss","floor":16,"turns":11}],"seed_played":"3564511698068322060","potions_obtained":[{"floor":12,"key":"Block Potion"},{"floor":14,"key":"Regen Potion"}],"is_trial":false,"path_per_floor":["M","?","?","?","$","E","R","E","T","M","R","M","M","M","R","B"],"character_chosen":"DEFECT","items_purchased":[],"campfire_rested":0,"item_purchase_floors":[],"current_hp_per_floor":[64,64,64,69,69,69,69,69,69,69,69,71,61,42,42,0],"gold":258,"neow_bonus":"THREE_ENEMY_KILL","is_prod":false,"is_daily":false,"chose_seed":false,"campfire_upgraded":3,"win_rate":0,"timestamp":1553511958,"path_taken":["M","?","?","?","?","E","R","E","T","M","R","M","M","M","R","BOSS"],"build_version":"2019-01-23","purchased_purges":1,"victory":false,"max_hp_per_floor":[71,71,71,76,76,76,76,76,76,76,76,78,80,82,82,82],"card_choices":[{"not_picked":["Stack","Sunder"],"picked":"Glacier","floor":1},{"not_picked":["Redo","Go for the Eyes","Rebound"],"picked":"SKIP","floor":6},{"not_picked":["Redo","Self Repair"],"picked":"Chaos","floor":8},{"not_picked":["Fusion","Conserve Battery"],"picked":"Skim","floor":10},{"not_picked":["Auto Shields","Barrage","Stack"],"picked":"Singing Bowl","floor":12},{"not_picked":["Scrape","Coolheaded","Redo"],"picked":"Singing Bowl","floor":13},{"not_picked":["Sweeping Beam","Leap","Melter"],"picked":"Singing Bowl","floor":14}],"player_experience":3867410,"relics_obtained":[{"floor":6,"key":"Happy Flower"},{"floor":8,"key":"Singing Bowl"}],"event_choices":[{"cards_removed":["Strike_B"],"damage_healed":0,"gold_gain":0,"player_choice":"Card Removal","damage_taken":0,"max_hp_gain":0,"max_hp_loss":0,"event_name":"The Cleric","floor":2,"gold_loss":75},{"damage_healed":0,"gold_gain":150,"player_choice":"AGREE","damage_taken":0,"max_hp_gain":0,"max_hp_loss":0,"event_name":"Liars Game","floor":3,"gold_loss":0,"cards_obtained":["Doubt"]},{"damage_healed":0,"gold_gain":0,"player_choice":"Donut","damage_taken":0,"max_hp_gain":5,"max_hp_loss":0,"event_name":"Big Fish","floor":4,"gold_loss":0}],"is_beta":false,"boss_relics":[],"items_purged_floors":[5],"is_endless":false,"potions_floor_spawned":[12,14],"killed_by":"Slime Boss","ascension_level":20}