{"gold_per_floor":[119,169,169,19,19,19,37,37,37,65,79,79,107,107,107,179,179,194,0,0,0,0,0,0,25,25,25,25,25,25,25,25,96,96,110,110,30,0,0,31,31,59,59,72,172,172,184,218,218,218,218,218,218,9,37,37],"floor_reached":57,"playtime":2339,"items_purged":["Strike_B","Defend_B","Zap+1"],"score":3133,"play_id":"d61624a3-2505-4bd8-a318-d2a65dea2b66","local_time":"20190216174506","is_ascension_mode":true,"campfire_choices":[{"data":"Streamline","floor":6.0,"key":"SMITH"},{"data":"Beam Cell","floor":12.0,"key":"SMITH"},{"data":"Loop","floor":15.0,"key":"SMITH"},{"data":"Fission","floor":23.0,"key":"SMITH"},{"data":"Zap","floor":27.0,"key":"SMITH"},{"data":"Dualcast","floor":29.0,"key":"SMITH"},{"data":"Ghostly","floor":32.0,"key":"SMITH"},{"data":"Impatience","floor":41.0,"key":"SMITH"},{"data":"Blizzard","floor":46.0,"key":"SMITH"},{"floor":49.0,"key":"RECALL"},{"data":"Ghostly","floor":53.0,"key":"SMITH"}],"neow_cost":"NONE","seed_source_timestamp":337762724961935,"circlet_count":0,"master_deck":["AscendersBane","Defend_B","Defend_B+1","Dualcast+1","Streamline+1","Loop+1","Beam Cell+1","Self Repair","Cold Snap","Echo Form","Fission+1","Ghostly+1","Ghostly+1","Ghostly+1","Chill","Echo Form","Glacier","Impatience+1","Blizzard+1","Coolheaded+1","Defragment"],"special_seed":0,"relics":["Cracked Core","Juzu Bracelet","The Courier","Calipers","Pocketwatch","Mummified Hand","WarpedTongs","Black Star","War Paint","Anchor","Symbiotic Virus","Nuclear Battery","Red Mask","Art of War","Omamori","Singing Bowl","Bottled Tornado","Turnip","Blood Vial","Question Card","Sundial","Shuriken"],"potions_floor_usage":[],"damage_taken":[{"damage":14.0,"enemies":"Jaw Worm","floor":1.0,"turns":4.0},{"damage":1.0,"enemies":"Cultist","floor":7.0,"turns":4.0},{"damage":8.0,"enemies":"Lagavulin","floor":10.0,"turns":6.0},{"damage":12.0,"enemies":"Small Slimes","floor":11.0,"turns":2.0},{"damage":6.0,"enemies":"Gremlin Nob","floor":13.0,"turns":3.0},{"damage":9.0,"enemies":"Hexaghost","floor":16.0,"turns":8.0},{"damage":34.0,"enemies":"Shell Parasite","floor":18.0,"turns":7.0},{"damage":28.0,"enemies":"Gremlin Leader","floor":25.0,"turns":8.0},{"damage":7.0,"enemies":"Automaton","floor":33.0,"turns":14.0},{"damage":0.0,"enemies":"3 Darklings","floor":35.0,"turns":5.0},{"damage":0.0,"enemies":"Giant Head","floor":40.0,"turns":8.0},{"damage":0.0,"enemies":"Nemesis","floor":42.0,"turns":7.0},{"damage":0.0,"enemies":"Orb Walker","floor":44.0,"turns":3.0},{"damage":0.0,"enemies":"Mind Bloom Boss Battle","floor":45.0,"turns":7.0},{"damage":0.0,"enemies":"4 Shapes","floor":47.0,"turns":4.0},{"damage":0.0,"enemies":"Giant Head","floor":48.0,"turns":7.0},{"damage":19.0,"enemies":"Time Eater","floor":50.0,"turns":15.0},{"damage":0.0,"enemies":"Donu and Deca","floor":51.0,"turns":9.0},{"damage":0.0,"enemies":"Shield and Spear","floor":55.0,"turns":6.0},{"damage":0,"enemies":"The Heart","floor":56,"turns":12}],"seed_played":"8763197994892304593","potions_obtained":[{"floor":1.0,"key":"Block Potion"},{"floor":3.0,"key":"Explosive Potion"},{"floor":16.0,"key":"SpeedPotion"},{"floor":25.0,"key":"Explosive Potion"},{"floor":40.0,"key":"Ancient Potion"}],"is_trial":false,"path_per_floor":["M","?","?","$","T","R","M","?","T","E","M","R","E","?","R","B",null,"M","?","?","?","?","R","$","E","T","R","?","R","?","?","R","B",null,"M","?","$","?","?","E","R","E","T","M","?","R","M","E","R","B","B",null,"R","$","E","B",null],"character_chosen":"DEFECT","items_purchased":["Loop","Defragment","Swift Potion"],"campfire_rested":0,"item_purchase_floors":[4,54,54],"current_hp_per_floor":[50,43,43,43,43,43,42,42,42,34,22,22,23,23,23,14,57,30,30,30,30,30,30,30,9,9,9,9,9,9,9,9,9,29,35,35,35,35,35,35,35,35,35,37,39,39,39,41,41,41,41,41,41,41,43,43],"gold":37,"neow_bonus":"RANDOM_COMMON_RELIC","is_prod":false,"is_daily":false,"chose_seed":false,"campfire_upgraded":10,"win_rate":0,"timestamp":1550310306,"path_taken":["M","?","?","$","?","R","M","?","T","E","M","R","E","?","R","BOSS","M","?","?","?","?","R","$","E","T","R","?","R","?","?","R","BOSS","M","?","$","?","?","E","R","E","T","M","?","R","M","E","R","BOSS","BOSS","R","$","E","BOSS"],"build_version":"2019-01-23","purchased_purges":3,"victory":true,"max_hp_per_floor":[71,71,71,71,71,71,71,71,71,71,71,71,71,71,71,71,71,71,71,35,35,35,35,35,35,35,35,35,35,35,35,35,35,35,35,35,35,35,35,35,35,35,35,37,39,39,39,41,41,41,41,41,41,41,43,43],"card_choices":[{"not_picked":["Rebound","Coolheaded"],"picked":"Streamline","floor":1.0},{"not_picked":["Auto Shields","Genetic Algorithm","Sweeping Beam"],"picked":"SKIP","floor":7.0},{"not_picked":["Steam","Chill"],"picked":"Self Repair","floor":10.0},{"not_picked":["Melter","Storm"],"picked":"Cold Snap","floor":11.0},{"not_picked":["Melter","Rip and Tear"],"picked":"Echo Form","floor":13.0},{"not_picked":["Meteor Strike","Rainbow"],"picked":"Fission","floor":16.0},{"not_picked":["Redo","Tempest","Streamline+1"],"picked":"SKIP","floor":18.0},{"not_picked":["Conserve Battery","White Noise","Hologram"],"picked":"SKIP","floor":25.0},{"not_picked":["All For One","Multi-Cast"],"picked":"Echo Form","floor":33.0},{"not_picked":["Gash","Streamline"],"picked":"Glacier","floor":35.0},{"not_picked":["Flash of Steel","Apotheosis"],"picked":"Impatience","floor":39.0},{"not_picked":["Hologram","Rebound","Reboot"],"picked":"SKIP","floor":40.0},{"not_picked":["Steam Power+1","Beam Cell+1"],"picked":"Blizzard","floor":42.0},{"not_picked":["Hologram","Compile Driver","Lockon"],"picked":"Singing Bowl","floor":44.0},{"not_picked":["Electrodynamics","Redo","Stack"],"picked":"Singing Bowl","floor":45.0},{"not_picked":["Sweeping Beam","Go for the Eyes"],"picked":"Coolheaded+1","floor":47.0},{"not_picked":["Heatsinks","Auto Shields","Steam Power"],"picked":"Singing Bowl","floor":48.0},{"not_picked":["Stack","Conserve Battery","Hyperbeam","Rebound+1"],"picked":"Singing Bowl","floor":55.0}],"player_experience":788838,"relics_obtained":[{"floor":5.0,"key":"The Courier"},{"floor":9.0,"key":"Calipers"},{"floor":10.0,"key":"Pocketwatch"},{"floor":13.0,"key":"Mummified Hand"},{"floor":25.0,"key":"War Paint"},{"floor":25.0,"key":"Anchor"},{"floor":26.0,"key":"Symbiotic Virus"},{"floor":40.0,"key":"Art of War"},{"floor":40.0,"key":"Omamori"},{"floor":42.0,"key":"Singing Bowl"},{"floor":42.0,"key":"Bottled Tornado"},{"floor":45.0,"key":"Turnip"},{"floor":48.0,"key":"Blood Vial"},{"floor":48.0,"key":"Question Card"},{"floor":55.0,"key":"Sundial"},{"floor":55.0,"key":"Shuriken"}],"event_choices":[{"damage_healed":0.0,"max_hp_gain":0.0,"max_hp_loss":0.0,"gold_gain":50.0,"event_name":"FaceTrader","player_choice":"Touch","floor":2.0,"gold_loss":0.0,"damage_taken":7.0},{"damage_healed":0.0,"max_hp_gain":0.0,"max_hp_loss":0.0,"gold_gain":0.0,"event_name":"Lab","player_choice":"Got Potions","floor":3.0,"gold_loss":0.0,"damage_taken":0.0},{"damage_healed":0.0,"max_hp_gain":0.0,"max_hp_loss":0.0,"gold_gain":0.0,"cards_transformed":["Strike_B"],"event_name":"Transmorgrifier","player_choice":"Transformed","floor":8.0,"gold_loss":0.0,"damage_taken":0.0,"cards_obtained":["Beam Cell"]},{"damage_healed":0.0,"max_hp_gain":0.0,"max_hp_loss":0.0,"gold_gain":0.0,"event_name":"Accursed Blacksmith","player_choice":"Rummage","floor":14.0,"gold_loss":0.0,"damage_taken":0.0,"relics_obtained":["WarpedTongs"],"cards_obtained":["Pain"]},{"damage_healed":0.0,"max_hp_gain":0.0,"max_hp_loss":0.0,"gold_gain":0.0,"event_name":"Masked Bandits","player_choice":"Paid Fearfully","floor":19.0,"gold_loss":194.0,"damage_taken":0.0},{"damage_healed":0.0,"max_hp_gain":0.0,"max_hp_loss":36.0,"gold_gain":0.0,"event_name":"Ghosts","player_choice":"Became a Ghost","floor":20.0,"gold_loss":0.0,"damage_taken":0.0,"cards_obtained":["Ghostly","Ghostly","Ghostly"]},{"cards_removed":["Strike_B"],"damage_healed":0.0,"max_hp_gain":0.0,"max_hp_loss":0.0,"gold_gain":0.0,"event_name":"Wheel of Change","player_choice":"Card Removal","floor":21.0,"gold_loss":0.0,"damage_taken":0.0},{"damage_healed":0.0,"max_hp_gain":0.0,"max_hp_loss":0.0,"gold_gain":0.0,"cards_transformed":["Strike_B"],"event_name":"Transmorgrifier","player_choice":"Transformed","floor":28.0,"gold_loss":0.0,"damage_taken":0.0,"cards_obtained":["Chill"]},{"cards_removed":["Defend_B"],"damage_healed":0.0,"max_hp_gain":0.0,"max_hp_loss":0.0,"gold_gain":0.0,"event_name":"Back to Basics","player_choice":"Elegance","floor":30.0,"gold_loss":0.0,"damage_taken":0.0},{"cards_removed":["Pain"],"damage_healed":0.0,"max_hp_gain":0.0,"max_hp_loss":0.0,"gold_gain":0.0,"event_name":"Fountain of Cleansing","player_choice":"Removed Curses","floor":31.0,"gold_loss":0.0,"damage_taken":0.0},{"damage_healed":0.0,"max_hp_gain":0.0,"max_hp_loss":0.0,"gold_gain":0.0,"event_name":"Mysterious Sphere","player_choice":"Ignored","floor":36.0,"gold_loss":0.0,"damage_taken":0.0},{"damage_healed":0.0,"max_hp_gain":0.0,"max_hp_loss":0.0,"gold_gain":0.0,"event_name":"Tomb of Lord Red Mask","player_choice":"Paid","floor":38.0,"gold_loss":30.0,"damage_taken":0.0,"relics_obtained":["Red Mask"]},{"damage_healed":0.0,"max_hp_gain":0.0,"max_hp_loss":0.0,"gold_gain":0.0,"event_name":"SensoryStone","player_choice":"Memory 1","floor":39.0,"gold_loss":0.0,"damage_taken":0.0},{"damage_healed":0.0,"max_hp_gain":0.0,"max_hp_loss":0.0,"gold_gain":0.0,"event_name":"MindBloom","player_choice":"Fight","floor":45.0,"gold_loss":0.0,"damage_taken":0.0}],"is_beta":false,"boss_relics":[{"not_picked":["Fusion Hammer","Cursed Key"],"picked":"Black Star"},{"not_picked":["Runic Dome","Lizard Tail"],"picked":"Nuclear Battery"}],"items_purged_floors":[4,37,54],"is_endless":false,"potions_floor_spawned":[1,16,25,40,45,47],"ascension_level":20}