{"gold_per_floor":[114,130,142,142,67,67,99,99,174,193,14,32,32,32,32,32],"floor_reached":16,"playtime":381,"items_purged":["Defend_B"],"score":200,"play_id":"d59208a7-507e-452a-b282-5305421bffec","local_time":"20190116180453","is_ascension_mode":true,"campfire_choices":[{"data":"Defragment","floor":6,"key":"SMITH"},{"data":"Capacitor","floor":8,"key":"SMITH"},{"data":"Capacitor","floor":13,"key":"SMITH"},{"data":"Zap","floor":15,"key":"SMITH"}],"neow_cost":"NONE","seed_source_timestamp":25613691822125,"circlet_count":0,"master_deck":["AscendersBane","Strike_B","Strike_B","Strike_B","Defend_B","Defend_B","Defend_B","Zap+1","Dualcast","Gash","Defragment+1","Capacitor+1","Self Repair","All For One","Capacitor+1","Parasite"],"relics":["Cracked Core","Dream Catcher","Kunai"],"potions_floor_usage":[7,10],"damage_taken":[{"damage":2,"enemies":"Jaw Worm","floor":1,"turns":6},{"damage":7,"enemies":"Cultist","floor":2,"turns":4},{"damage":4,"enemies":"Small Slimes","floor":3,"turns":3},{"damage":30,"enemies":"Lagavulin","floor":7,"turns":7},{"damage":7,"enemies":"Looter","floor":10,"turns":3},{"damage":24,"enemies":"Large Slime","floor":12,"turns":6},{"damage":38,"enemies":"Slime Boss","floor":16,"turns":3}],"seed_played":"1655774203926233401","potions_obtained":[{"floor":2,"key":"Regen Potion"},{"floor":4,"key":"GamblersBrew"},{"floor":12,"key":"Dexterity Potion"}],"is_trial":false,"path_per_floor":["M","M","M","?","$","R","E","R","T","M","$","M","R","?","R","B"],"character_chosen":"DEFECT","items_purchased":["All For One"],"campfire_rested":0,"item_purchase_floors":[11],"current_hp_per_floor":[62,55,51,51,51,51,36,36,36,29,29,12,12,29,29,0],"gold":32,"neow_bonus":"REMOVE_CARD","is_prod":false,"is_daily":false,"chose_seed":false,"campfire_upgraded":4,"win_rate":0,"timestamp":1547633093,"path_taken":["M","M","M","?","$","R","E","R","T","?","$","M","R","?","R","BOSS"],"build_version":"2019-01-10","purchased_purges":1,"victory":false,"max_hp_per_floor":[71,71,71,71,71,71,71,71,71,71,71,71,71,71,71,71],"card_choices":[{"not_picked":["Rebound","Steam"],"picked":"Gash","floor":1},{"not_picked":["Redo","Steam"],"picked":"Defragment","floor":2},{"not_picked":["Leap","Sweeping Beam"],"picked":"Capacitor","floor":3},{"not_picked":["Redo","Scrape","Leap"],"picked":"SKIP","floor":7},{"not_picked":["Steam Power","Ball Lightning"],"picked":"Self Repair","floor":10},{"not_picked":["Glacier","Reprogram"],"picked":"Capacitor","floor":12}],"player_experience":1950172,"relics_obtained":[{"floor":7,"key":"Dream Catcher"},{"floor":9,"key":"Kunai"}],"event_choices":[{"damage_healed":0,"gold_gain":0,"player_choice":"Got Potions","damage_taken":0,"max_hp_gain":0,"max_hp_loss":0,"event_name":"Lab","floor":4,"gold_loss":0},{"damage_healed":17,"gold_gain":0,"player_choice":"Healed and dodged fight","damage_taken":0,"max_hp_gain":0,"max_hp_loss":0,"event_name":"Mushrooms","floor":14,"gold_loss":0,"cards_obtained":["Parasite"]}],"is_beta":false,"boss_relics":[],"items_purged_floors":[5],"is_endless":false,"potions_floor_spawned":[2,12],"killed_by":"Slime Boss","ascension_level":20}