{"gold_per_floor":[115,115,190,204,14,14,14,14,14,14,27,27,27,40,40,138,138,158,158,7,7,26,26,58,58,58,78,98,113,113,125,125,220,220,235,235,12,12,12,12,31,31,31,49,49,64,24,39,39,39],"floor_reached":51,"playtime":1411,"items_purged":["Strike_B"],"score":780,"play_id":"32d86e72-9100-441e-908c-5a509dec3563","local_time":"20190614203503","is_ascension_mode":false,"campfire_choices":[{"data":"Darkness","floor":6.0,"key":"SMITH"},{"data":"Defragment","floor":8.0,"key":"SMITH"},{"data":"Dualcast","floor":10.0,"key":"SMITH"},{"data":"Consume","floor":15.0,"key":"SMITH"},{"data":"Capacitor","floor":23.0,"key":"SMITH"},{"data":"Buffer","floor":25.0,"key":"SMITH"},{"data":"Heatsinks","floor":32,"key":"SMITH"},{"data":"Defragment","floor":40,"key":"SMITH"},{"data":"Reinforced Body","floor":42,"key":"SMITH"},{"data":"Multi-Cast","floor":49,"key":"SMITH"}],"neow_cost":"NONE","seed_source_timestamp":35684156697912,"circlet_count":0,"master_deck":["Defend_B","Defend_B","Defend_B","Defend_B","Zap+1","Dualcast+1","Consume+1","Self Repair","Defragment+1","Darkness+1","Reinforced Body+1","Capacitor+1","Buffer+1","Ghostly","Ghostly","Ghostly","Ghostly","Ghostly","Heatsinks+1","Echo Form","Defragment+1","Reprogram","Multi-Cast+1"],"special_seed":0,"relics":["Dodecahedron","Dream Catcher","Cursed Key","DataDisk","Nloth\u0027s Gift","The Courier","Coffee Dripper","Mummified Hand"],"potions_floor_usage":[35,50,50],"damage_taken":[{"damage":3.0,"enemies":"Small Slimes","floor":1.0,"turns":3.0},{"damage":6.0,"enemies":"Cultist","floor":4.0,"turns":3.0},{"damage":0.0,"enemies":"2 Louse","floor":11.0,"turns":2.0},{"damage":2.0,"enemies":"Blue Slaver","floor":14.0,"turns":4.0},{"damage":35.0,"enemies":"Slime Boss","floor":16.0,"turns":7.0},{"damage":5.0,"enemies":"Chosen","floor":18.0,"turns":5.0},{"damage":0.0,"enemies":"Spheric Guardian","floor":22.0,"turns":6.0},{"damage":22.0,"enemies":"Slavers","floor":24.0,"turns":8.0},{"damage":6,"enemies":"Chosen and Byrds","floor":27,"turns":8},{"damage":2,"enemies":"Shelled Parasite and Fungi","floor":28,"turns":7},{"damage":0,"enemies":"Centurion and Healer","floor":29,"turns":9},{"damage":0,"enemies":"Snecko","floor":31,"turns":7},{"damage":0,"enemies":"Collector","floor":33,"turns":12},{"damage":13,"enemies":"Orb Walker","floor":35,"turns":4},{"damage":1,"enemies":"3 Darklings","floor":41,"turns":7},{"damage":0,"enemies":"Spire Growth","floor":44,"turns":6},{"damage":0,"enemies":"Jaw Worm Horde","floor":46,"turns":5},{"damage":13,"enemies":"Transient","floor":48,"turns":5},{"damage":3,"enemies":"Time Eater","floor":50,"turns":5}],"seed_played":"-7178064599803634110","potions_obtained":[{"floor":28,"key":"Ancient Potion"},{"floor":29,"key":"AttackPotion"},{"floor":31,"key":"Fire Potion"},{"floor":35,"key":"Fruit Juice"},{"floor":41,"key":"FocusPotion"},{"floor":44,"key":"SkillPotion"}],"is_trial":false,"path_per_floor":["M","?","?","M","$","R","?","R","T","R","M","$","?","M","R","B",null,"M","?","$","?","M","R","E","R","T","M","M","M","?","M","R","B",null,"M","?","$","?","?","R","M","R","T","M","$","M","?","M","R","B",null],"character_chosen":"DEFECT","items_purchased":["Defragment","Darkness","DataDisk","Mummified Hand","Defragment"],"campfire_rested":0,"item_purchase_floors":[5,5,20,37,37],"current_hp_per_floor":[72,60,53,47,47,47,47,47,47,47,47,47,40,45,45,17,75,75,37,37,37,37,37,22,22,22,23,28,35,35,37,37,37,37,36,36,36,36,36,36,42,42,42,42,42,42,42,42,42,39],"gold":39,"neow_bonus":"UPGRADE_CARD","is_prod":false,"is_daily":false,"chose_seed":false,"campfire_upgraded":10,"win_rate":0,"timestamp":1560515703,"path_taken":["M","?","?","?","$","R","?","R","T","R","M","?","?","M","R","BOSS","M","?","$","?","M","R","E","R","T","?","M","M","?","M","R","BOSS","M","?","$","?","?","R","?","R","T","M","$","M","?","M","R","BOSS"],"build_version":"2019-01-23","purchased_purges":1,"victory":true,"max_hp_per_floor":[75,75,75,75,75,75,75,75,75,75,75,75,75,75,75,75,75,75,37,37,37,37,37,37,37,37,37,37,37,37,37,37,37,37,42,42,42,42,42,42,42,42,42,42,42,42,42,42,42,42],"card_choices":[{"not_picked":["Redo","Auto Shields"],"picked":"Consume","floor":1.0},{"not_picked":["Lockon","Compile Driver"],"picked":"Self Repair","floor":4.0},{"not_picked":["FTL","Stack"],"picked":"Reinforced Body","floor":11.0},{"not_picked":["BootSequence","Stack"],"picked":"Capacitor","floor":14.0},{"not_picked":["Reboot","Creative AI"],"picked":"Buffer","floor":16.0},{"not_picked":["Steam","Beam Cell+1"],"picked":"Cold Snap","floor":18.0},{"not_picked":["Lockon","Static Discharge","Go for the Eyes"],"picked":"SKIP","floor":22.0},{"not_picked":["Rainbow","Steam","Consume"],"picked":"SKIP","floor":24.0},{"not_picked":["Hologram+1","Coolheaded"],"picked":"Heatsinks","floor":27},{"not_picked":["Streamline","Stack+1","Static Discharge"],"picked":"SKIP","floor":28},{"not_picked":["Beam Cell","Genetic Algorithm","Darkness"],"picked":"SKIP","floor":29},{"not_picked":["Compile Driver+1","Redo"],"picked":"Echo Form","floor":31},{"not_picked":["Lockon+1","Leap","Reinforced Body+1"],"picked":"SKIP","floor":35},{"not_picked":["Ball Lightning","Stack+1","Conserve Battery+1"],"picked":"SKIP","floor":41},{"not_picked":["Conserve Battery+1","Compile Driver+1","Go for the Eyes+1"],"picked":"SKIP","floor":44},{"not_picked":["Ball Lightning","Sweeping Beam"],"picked":"Multi-Cast","floor":46},{"not_picked":["Steam+1","Redo","Go for the Eyes"],"picked":"SKIP","floor":48}],"player_experience":5210013,"relics_obtained":[{"floor":9.0,"key":"Dream Catcher"},{"floor":24.0,"key":"The Courier"}],"event_choices":[{"damage_healed":0.0,"max_hp_gain":0.0,"max_hp_loss":0.0,"gold_gain":0.0,"event_name":"Scrap Ooze","player_choice":"Success","floor":2.0,"gold_loss":0.0,"damage_taken":12.0,"relics_obtained":["Dodecahedron"]},{"damage_healed":0.0,"max_hp_gain":0.0,"max_hp_loss":0.0,"gold_gain":75.0,"event_name":"FaceTrader","player_choice":"Touch","floor":3.0,"gold_loss":0.0,"damage_taken":7.0},{"cards_removed":["Strike_B"],"damage_healed":0.0,"max_hp_gain":0.0,"max_hp_loss":0.0,"gold_gain":0.0,"event_name":"Purifier","player_choice":"Purged","floor":7.0,"gold_loss":0.0,"damage_taken":0.0},{"cards_removed":["Strike_B"],"damage_healed":0.0,"max_hp_gain":0.0,"max_hp_loss":0.0,"gold_gain":0.0,"event_name":"Golden Wing","player_choice":"Card Removal","floor":13.0,"gold_loss":0.0,"damage_taken":7.0},{"damage_healed":0.0,"max_hp_gain":0.0,"max_hp_loss":38.0,"gold_gain":0.0,"event_name":"Ghosts","player_choice":"Became a Ghost","floor":19.0,"gold_loss":0.0,"damage_taken":0.0,"cards_obtained":["Ghostly","Ghostly","Ghostly","Ghostly","Ghostly"]},{"damage_healed":0.0,"max_hp_gain":0.0,"max_hp_loss":0.0,"gold_gain":0.0,"event_name":"N\u0027loth","player_choice":"Traded Relic","floor":21.0,"relics_lost":["Cracked Core"],"gold_loss":0.0,"damage_taken":0.0,"relics_obtained":["Nloth\u0027s Gift"]},{"damage_healed":0,"gold_gain":0,"player_choice":"Ignored","damage_taken":0,"max_hp_gain":0,"max_hp_loss":0,"event_name":"Vampires","floor":30,"gold_loss":0},{"damage_healed":0,"gold_gain":0,"player_choice":"Ignored","damage_taken":0,"max_hp_gain":0,"max_hp_loss":0,"event_name":"Tomb of Lord Red Mask","floor":36,"gold_loss":0},{"cards_removed":["Cold Snap"],"damage_healed":0,"gold_gain":0,"player_choice":"Removed Attack","damage_taken":0,"max_hp_gain":0,"max_hp_loss":0,"event_name":"Falling","floor":38,"gold_loss":0},{"damage_healed":0,"gold_gain":0,"cards_transformed":["Strike_B"],"player_choice":"Transformed","damage_taken":0,"max_hp_gain":0,"max_hp_loss":0,"event_name":"Transmorgrifier","floor":39,"gold_loss":0,"cards_obtained":["Reprogram"]},{"damage_healed":0,"gold_gain":0,"player_choice":"Bought 3 Potions","damage_taken":0,"max_hp_gain":0,"max_hp_loss":0,"event_name":"The Woman in Blue","floor":47,"gold_loss":0}],"is_beta":false,"boss_relics":[{"not_picked":["Runic Dome","Sozu"],"picked":"Cursed Key"},{"not_picked":["Calling Bell","Tiny House"],"picked":"Coffee Dripper"}],"items_purged_floors":[5],"is_endless":false,"potions_floor_spawned":[28,29,31,35,41,44],"ascension_level":0}