{"path_per_floor":["M","?","M","?","?","E","T","R","T","M","R","M","?","E","R","B",null,"M","M","$"],"character_chosen":"DEFECT","items_purchased":["Self Repair","Potion Belt"],"gold_per_floor":[115,115,133,208,208,235,235,235,260,275,275,285,285,313,313,416,416,416,416,188,188],"floor_reached":21,"campfire_rested":1,"playtime":879,"item_purchase_floors":[20,20],"current_hp_per_floor":[74,74,74,63,63,42,42,64,64,63,63,63,63,49,49,46,75,65,30,30,0],"items_purged":[],"gold":188,"score":187,"play_id":"20954eb7-4277-4050-8864-7ce15207e1ee","local_time":"20180525203846","is_prod":false,"is_daily":false,"chose_seed":false,"is_ascension_mode":false,"campfire_upgraded":2,"win_rate":0,"timestamp":1527273526,"campfire_choices":[{"floor":8,"key":"REST"},{"data":"Madness","floor":11,"key":"SMITH"},{"data":"Echo Form","floor":15,"key":"SMITH"}],"path_taken":["M","?","?","?","?","E","?","R","T","?","R","M","?","E","R","BOSS","M","M","$","M"],"build_version":"2018-05-24","seed_source_timestamp":7676634416609,"purchased_purges":0,"victory":false,"master_deck":["Strike_B+1","Strike_B","Strike_B+1","Strike_B","Defend_B","Defend_B","Defend_B","Defend_B","Zap","Dualcast","Lockon","Madness+1","Sunder+1","Heatsinks","Hello World","Rip and Tear","Storm","Echo Form+1","Electrodynamics","Cold Snap","Steam Power","Self Repair"],"max_hp_per_floor":[75,75,75,75,75,75,75,75,75,75,75,75,75,75,75,75,75,75,75,75,75],"relics":["Runic Dome","Whetstone","Cables","Bag of Preparation","Juzu Bracelet","Ectoplasm","Potion Belt"],"card_choices":[{"not_picked":["Loop","Leap"],"picked":"Lockon","floor":1},{"not_picked":["Rebound","Go for the Eyes"],"picked":"Heatsinks","floor":3},{"not_picked":["Scrape","Barrage"],"picked":"Hello World","floor":6},{"not_picked":["Fission","Rebound"],"picked":"Rip and Tear","floor":10},{"not_picked":["Turbo","Consume"],"picked":"Storm","floor":12},{"not_picked":["Hello World","Streamline"],"picked":"Echo Form","floor":14},{"not_picked":["Echo Form","Multi-Cast"],"picked":"Electrodynamics","floor":16},{"not_picked":["Compile Driver","Rebound"],"picked":"Cold Snap","floor":18},{"not_picked":["Barrage","Storm"],"picked":"Steam Power","floor":19}],"player_experience":55439,"potions_floor_usage":[14,21],"damage_taken":[{"damage":1,"enemies":"Jaw Worm","floor":1,"turns":3},{"damage":0,"enemies":"Cultist","floor":3,"turns":3},{"damage":21,"enemies":"Lagavulin","floor":6,"turns":6},{"damage":1,"enemies":"2 Louse","floor":10,"turns":2},{"damage":0,"enemies":"Gremlin Gang","floor":12,"turns":2},{"damage":14,"enemies":"Gremlin Nob","floor":14,"turns":3},{"damage":3,"enemies":"Slime Boss","floor":16,"turns":7},{"damage":10,"enemies":"Spheric Guardian","floor":18,"turns":3},{"damage":35,"enemies":"Shell Parasite","floor":19,"turns":4},{"damage":30,"enemies":"Snake Plant","floor":21,"turns":2}],"relics_obtained":[{"floor":6,"key":"Whetstone"},{"floor":7,"key":"Cables"},{"floor":9,"key":"Bag of Preparation"},{"floor":14,"key":"Juzu Bracelet"}],"event_choices":[{"event_name":"Match and Keep!","player_choice":"2 cards matched","floor":2,"damage_taken":0},{"event_name":"World of Goop","player_choice":"Gather Gold","floor":4,"damage_taken":0},{"event_name":"Upgrade Shrine","player_choice":"Upgraded","floor":5,"damage_taken":0},{"event_name":"Liars Game","player_choice":"disagreed","floor":13,"damage_taken":0}],"boss_relics":[{"not_picked":["Velvet Choker","Calling Bell"],"picked":"Ectoplasm"}],"items_purged_floors":[],"potions_floor_spawned":[1,10,12,14,19],"seed_played":"5918604013980169753","killed_by":"Snake Plant","ascension_level":0,"potions_obtained":[{"floor":1,"key":"SteroidPotion"},{"floor":10,"key":"Poison Potion"},{"floor":12,"key":"Dexterity Potion"},{"floor":14,"key":"GamblersBrew"},{"floor":19,"key":"PowerPotion"}],"is_trial":false}