{"gold_per_floor":[113,124,199,218,168,168,188,188,188,263,263,275,291,309,309,406,406,420,420,434,453,15,32,49,65,65,65,65,65,76,26,26,129,129,145,145,159,179,116,116,116,116,116,135,135,153,153,172,172,172],"floor_reached":51,"playtime":1789,"items_purged":["Strike_R","Strike_R","Bash"],"score":720,"play_id":"1ef0c248-608d-4ccd-b18e-2abbf47e0194","local_time":"20181109221724","is_ascension_mode":false,"campfire_choices":[{"data":"Uppercut","floor":6.0,"key":"SMITH"},{"data":"Barricade","floor":8.0,"key":"SMITH"},{"data":"Inflame","floor":11.0,"key":"SMITH"},{"data":"Metallicize","floor":15.0,"key":"SMITH"},{"data":"Apotheosis","floor":27.0,"key":"SMITH"},{"data":"Limit Break","floor":29.0,"key":"SMITH"},{"data":"Juggernaut","floor":32.0,"key":"SMITH"},{"data":"Offering","floor":41,"key":"SMITH"},{"data":"Burning Pact","floor":45,"key":"SMITH"},{"data":"Evolve","floor":49,"key":"SMITH"}],"neow_cost":"NONE","seed_source_timestamp":0,"circlet_count":0,"master_deck":["Defend_R","Defend_R","Inflame+1","Uppercut+1","Ghostly Armor","Barricade+1","Second Wind","Ghostly Armor","Metallicize+1","Offering+1","Burning Pact+1","Brutality","Limit Break+1","Body Slam","Spot Weakness","Evolve+1","Apotheosis+1","Juggernaut+1","Limit Break+1","Impervious+1","Heavy Blade+1","Flex+1","Whirlwind+1"],"special_seed":0,"relics":["Burning Blood","Unceasing Top","Velvet Choker","Membership Card","Bag of Preparation","Toxic Egg 2","Coffee Dripper","Singing Bowl"],"potions_floor_usage":[46,50,50],"damage_taken":[{"damage":3.0,"enemies":"Jaw Worm","floor":1.0,"turns":4.0},{"damage":4.0,"enemies":"2 Louse","floor":2.0,"turns":3.0},{"damage":0.0,"enemies":"Cultist","floor":4.0,"turns":3.0},{"damage":11.0,"enemies":"3 Louse","floor":7.0,"turns":4.0},{"damage":8.0,"enemies":"Red Slaver","floor":12.0,"turns":4.0},{"damage":1.0,"enemies":"Gremlin Gang","floor":13.0,"turns":5.0},{"damage":6.0,"enemies":"Exordium Thugs","floor":14.0,"turns":5.0},{"damage":0.0,"enemies":"Slime Boss","floor":16.0,"turns":21.0},{"damage":6.0,"enemies":"Chosen","floor":18.0,"turns":6.0},{"damage":6.0,"enemies":"Spheric Guardian","floor":20.0,"turns":8.0},{"damage":6.0,"enemies":"3 Cultists","floor":21.0,"turns":6.0},{"damage":7.0,"enemies":"Snake Plant","floor":23.0,"turns":5.0},{"damage":6.0,"enemies":"Centurion and Healer","floor":24.0,"turns":6.0},{"damage":17.0,"enemies":"Snecko","floor":25.0,"turns":6.0},{"damage":21.0,"enemies":"Snake Plant","floor":30.0,"turns":5.0},{"damage":23.0,"enemies":"Champ","floor":33.0,"turns":6.0},{"damage":6.0,"enemies":"Orb Walker","floor":35.0,"turns":4.0},{"damage":6.0,"enemies":"3 Darklings","floor":37.0,"turns":7.0},{"damage":12,"enemies":"Spire Growth","floor":38,"turns":4},{"damage":9,"enemies":"Writhing Mass","floor":44,"turns":4},{"damage":21,"enemies":"3 Darklings","floor":46,"turns":6},{"damage":9,"enemies":"Spire Growth","floor":48,"turns":5},{"damage":42,"enemies":"Donu and Deca","floor":50,"turns":6}],"seed_played":"-5797519883489183326","potions_obtained":[{"floor":1.0,"key":"Block Potion"},{"floor":16.0,"key":"Fire Potion"},{"floor":20.0,"key":"Fire Potion"},{"floor":30.0,"key":"PowerPotion"},{"floor":33.0,"key":"Swift Potion"},{"floor":35.0,"key":"BloodPotion"},{"floor":38,"key":"Ancient Potion"},{"floor":46,"key":"FairyPotion"}],"is_trial":false,"path_per_floor":["M","M","?","M","?","R","M","R","T","?","R","M","M","M","R","B",null,"M","?","M","M","$","M","M","M","T","R","?","R","M","$","R","B",null,"M","?","M","M","$","?","R","?","T","M","R","M","?","M","R","B",null],"character_chosen":"IRONCLAD","items_purchased":["Membership Card","Bag of Preparation","Evolve","Apotheosis"],"campfire_rested":0,"item_purchase_floors":[22,22,22,22],"current_hp_per_floor":[80,80,69,75,75,75,70,70,70,62,62,60,65,65,65,71,80,80,80,80,80,80,79,79,68,68,68,68,68,53,53,53,36,80,80,80,80,74,74,74,74,74,74,73,73,66,68,65,65,29],"gold":172,"neow_bonus":"REMOVE_CARD","is_prod":false,"is_daily":false,"chose_seed":false,"campfire_upgraded":10,"win_rate":0,"timestamp":1541773044,"path_taken":["M","M","?","M","?","R","M","R","T","?","R","M","M","M","R","BOSS","M","?","M","M","$","M","M","M","T","R","?","R","M","$","R","BOSS","M","?","M","?","$","?","R","?","T","M","R","?","?","M","R","BOSS"],"build_version":"2018-11-08","purchased_purges":3,"victory":true,"max_hp_per_floor":[80,80,80,80,80,80,80,80,80,80,80,80,80,80,80,80,80,80,80,80,80,80,80,80,80,80,80,80,80,80,80,80,80,80,80,80,80,80,80,80,80,80,80,82,82,82,84,84,84,84],"card_choices":[{"not_picked":["Shockwave","Body Slam"],"picked":"Inflame","floor":1.0},{"not_picked":["Combust","True Grit"],"picked":"Uppercut","floor":2.0},{"not_picked":["Battle Trance","True Grit"],"picked":"Ghostly Armor","floor":4.0},{"not_picked":["Clothesline","Perfected Strike"],"picked":"Barricade","floor":7.0},{"not_picked":["Warcry","Combust"],"picked":"Second Wind","floor":12.0},{"not_picked":["Cleave","Combust"],"picked":"Ghostly Armor","floor":13.0},{"not_picked":["Combust","Pummel"],"picked":"Metallicize","floor":14.0},{"not_picked":["Immolate","Bludgeon"],"picked":"Offering","floor":16.0},{"not_picked":["Twin Strike","Thunderclap"],"picked":"Burning Pact","floor":18.0},{"not_picked":["Combust","Wild Strike"],"picked":"Body Slam","floor":20.0},{"not_picked":["Sword Boomerang","True Grit+1"],"picked":"Spot Weakness","floor":21.0},{"not_picked":["Armaments+1","Rage+1","Clothesline"],"picked":"SKIP","floor":23.0},{"not_picked":["Body Slam","Evolve+1"],"picked":"Juggernaut","floor":24.0},{"not_picked":["Intimidate","Havoc","Iron Wave"],"picked":"SKIP","floor":25.0},{"not_picked":["Sever Soul+1","Sword Boomerang","Armaments+1"],"picked":"SKIP","floor":30.0},{"not_picked":["Barricade","Offering+1"],"picked":"Impervious+1","floor":33.0},{"not_picked":["Wild Strike","Pommel Strike+1","Searing Blow+1"],"picked":"SKIP","floor":35.0},{"not_picked":["Sword Boomerang","Perfected Strike","Body Slam+1"],"picked":"SKIP","floor":37.0},{"not_picked":["Clothesline+1","Cleave"],"picked":"Heavy Blade+1","floor":38},{"not_picked":["Disarm+1","Sever Soul+1","Cleave"],"picked":"Singing Bowl","floor":44},{"not_picked":["Blood for Blood+1","Evolve+1"],"picked":"Flex+1","floor":46},{"not_picked":["PanicButton+1","Bandage Up+1","Finesse+1"],"picked":"Singing Bowl","floor":47},{"not_picked":["Intimidate+1","Pommel Strike"],"picked":"Whirlwind+1","floor":48}],"player_experience":949528,"relics_obtained":[{"floor":9.0,"key":"Unceasing Top"},{"floor":26.0,"key":"Toxic Egg 2"},{"floor":43,"key":"Singing Bowl"}],"event_choices":[{"damage_healed":0.0,"max_hp_gain":0.0,"max_hp_loss":0.0,"gold_gain":75.0,"event_name":"World of Goop","player_choice":"Gather Gold","floor":3.0,"gold_loss":0.0,"damage_taken":11.0},{"cards_removed":["Defend_R"],"damage_healed":0.0,"max_hp_gain":0.0,"max_hp_loss":0.0,"gold_gain":0.0,"event_name":"The Cleric","player_choice":"Card Removal","floor":5.0,"gold_loss":50.0,"damage_taken":0.0},{"damage_healed":0.0,"max_hp_gain":0.0,"max_hp_loss":0.0,"gold_gain":75.0,"event_name":"FaceTrader","player_choice":"Touch","floor":10.0,"gold_loss":0.0,"damage_taken":8.0},{"damage_healed":0.0,"max_hp_gain":0.0,"max_hp_loss":0.0,"gold_gain":0.0,"cards_transformed":["Strike_R","Strike_R"],"event_name":"Drug Dealer","player_choice":"Became Test Subject","floor":19.0,"gold_loss":0.0,"damage_taken":0.0,"cards_obtained":["Brutality","Limit Break"]},{"damage_healed":0.0,"max_hp_gain":0.0,"max_hp_loss":0.0,"gold_gain":0.0,"event_name":"Duplicator","player_choice":"Copied","floor":28.0,"gold_loss":0.0,"damage_taken":0.0,"cards_obtained":["Limit Break"]},{"cards_removed":["Defend_R"],"damage_healed":0.0,"max_hp_gain":0.0,"max_hp_loss":0.0,"gold_gain":0.0,"event_name":"Purifier","player_choice":"Purged","floor":36.0,"gold_loss":0.0,"damage_taken":0.0},{"damage_healed":0,"gold_gain":0,"player_choice":"Ignored","damage_taken":0,"max_hp_gain":0,"max_hp_loss":0,"event_name":"Tomb of Lord Red Mask","floor":40,"gold_loss":0},{"damage_healed":0,"gold_gain":0,"player_choice":"Ignored","damage_taken":0,"max_hp_gain":0,"max_hp_loss":0,"event_name":"Mysterious Sphere","floor":42,"gold_loss":0},{"damage_healed":0,"gold_gain":0,"player_choice":"Memory 1","damage_taken":0,"max_hp_gain":0,"max_hp_loss":0,"event_name":"SensoryStone","floor":47,"gold_loss":0}],"is_beta":false,"boss_relics":[{"not_picked":["Fusion Hammer","Snecko Eye"],"picked":"Velvet Choker"},{"not_picked":["Black Star","Pandora\u0027s Box"],"picked":"Coffee Dripper"}],"items_purged_floors":[22,31,39],"is_endless":false,"potions_floor_spawned":[1,16,20,30,33,35,38,46,48],"ascension_level":0}