{"gold_per_floor":[116,191,211,226,211,211,226,226,226,246,260,260,185,85,85,185,185,198,73,73,3,20,20,40,40,40,55,55,68,68,82,82,177,177,196,210,221,239,239,239,149,169,193,193,4,20,20,20,20,20],"floor_reached":51,"playtime":1950,"items_purged":["Strike_G","Defend_G","Strike_G","Defend_G"],"score":693,"play_id":"d55f4554-a835-4ac7-9b13-5b075c091653","local_time":"20181022110659","is_ascension_mode":false,"campfire_choices":[{"data":"A Thousand Cuts","floor":6.0,"key":"SMITH"},{"data":"Blind","floor":8.0,"key":"SMITH"},{"data":"Neutralize","floor":12,"key":"SMITH"},{"data":"Survivor","floor":15,"key":"SMITH"},{"data":"RitualDagger","floor":23,"key":"SMITH"},{"data":"Defend_G","floor":25,"key":"SMITH"},{"data":"1","floor":30,"key":"LIFT"},{"data":"2","floor":32,"key":"LIFT"},{"data":"3","floor":40,"key":"LIFT"},{"data":"Footwork","floor":47,"key":"SMITH"},{"data":"Defend_G","floor":49,"key":"SMITH"}],"neow_cost":"PERCENT_DAMAGE","seed_source_timestamp":10632115410106,"circlet_count":0,"master_deck":["Defend_G+1","Defend_G+1","Defend_G","Strike_G","Strike_G","Strike_G","Survivor+1","Neutralize+1","Dramatic Entrance","Blind+1","A Thousand Cuts+1","Heel Hook","PiercingWail+1","Bouncing Flask+1","Malaise+1","Deadly Poison+1","RitualDagger+1","Leg Sweep+1","Deadly Poison+1","Dodge and Roll+1","Infinite Blades","Malaise+1","Terror+1","Cloak And Dagger+1","Deflect+1","Enlightenment+1","Footwork+1","Madness+1","Madness+1","Setup+1","Backflip+1"],"special_seed":0,"relics":["Ring of the Snake","Toxic Egg 2","Eternal Feather","Girya","Runic Pyramid","Centennial Puzzle"],"potions_floor_usage":[33,50,50],"damage_taken":[{"damage":0.0,"enemies":"Small Slimes","floor":1.0,"turns":4.0},{"damage":0.0,"enemies":"2 Louse","floor":3.0,"turns":3.0},{"damage":0.0,"enemies":"Cultist","floor":4.0,"turns":4.0},{"damage":4.0,"enemies":"Exordium Thugs","floor":5.0,"turns":5.0},{"damage":0.0,"enemies":"Gremlin Gang","floor":7.0,"turns":4.0},{"damage":0,"enemies":"Lots of Slimes","floor":10,"turns":1},{"damage":1,"enemies":"Red Slaver","floor":11,"turns":3},{"damage":0,"enemies":"Hexaghost","floor":16,"turns":9},{"damage":18,"enemies":"3 Byrds","floor":18,"turns":5},{"damage":11,"enemies":"Spheric Guardian","floor":22,"turns":4},{"damage":10,"enemies":"Cultist and Chosen","floor":24,"turns":6},{"damage":14,"enemies":"Centurion and Healer","floor":27,"turns":8},{"damage":1,"enemies":"Shelled Parasite and Fungi","floor":29,"turns":5},{"damage":8,"enemies":"Snecko","floor":31,"turns":5},{"damage":43,"enemies":"Automaton","floor":33,"turns":10},{"damage":7,"enemies":"3 Darklings","floor":35,"turns":7},{"damage":1,"enemies":"Orb Walker","floor":36,"turns":5},{"damage":11,"enemies":"Spire Growth","floor":37,"turns":5},{"damage":2,"enemies":"Jaw Worm Horde","floor":38,"turns":5},{"damage":2,"enemies":"Maw","floor":42,"turns":8},{"damage":0,"enemies":"4 Shapes","floor":46,"turns":6},{"damage":10,"enemies":"Donu and Deca","floor":50,"turns":9}],"seed_played":"-7379905085690265618","potions_obtained":[{"floor":3.0,"key":"Energy Potion"},{"floor":7.0,"key":"EssenceOfSteel"},{"floor":10,"key":"EssenceOfSteel"},{"floor":31,"key":"Dexterity Potion"},{"floor":33,"key":"LiquidBronze"},{"floor":35,"key":"Dexterity Potion"}],"is_trial":false,"path_per_floor":["M","?","M","M","M","R","M","R","T","M","M","R","$","$","R","B",null,"M","$","?","$","M","R","M","R","T","M","$","M","R","M","R","B",null,"M","M","M","M","?","R","$","M","T","?","$","M","R","$","R","B"],"character_chosen":"THE_SILENT","items_purchased":["Leg Sweep+1","Enlightenment+1","Setup+1"],"campfire_rested":0,"item_purchase_floors":[21,41,45],"current_hp_per_floor":[49,38,38,38,34,34,34,34,34,34,33,33,33,33,33,33,70,52,52,46,46,35,44,34,46,46,32,32,31,43,35,47,4,70,63,62,51,49,49,64,64,62,62,53,53,53,70,70,70,60],"gold":20,"neow_bonus":"RANDOM_COLORLESS_2","is_prod":false,"is_daily":false,"chose_seed":false,"campfire_upgraded":8,"win_rate":0,"timestamp":1540177619,"path_taken":["M","?","M","M","M","R","M","R","T","M","M","R","?","$","R","BOSS","M","$","?","$","?","R","M","R","T","M","?","M","R","M","R","BOSS","M","M","?","M","?","R","$","M","T","?","$","M","R","?","R","BOSS"],"build_version":"2018-10-18","purchased_purges":4,"victory":true,"max_hp_per_floor":[70,70,70,70,70,70,70,70,70,70,70,70,70,70,70,70,70,70,70,70,70,70,70,70,70,70,70,70,70,70,70,70,70,70,70,70,70,70,70,70,70,70,70,70,70,70,70,70,70,70],"card_choices":[{"not_picked":["Acrobatics","Sucker Punch","Slice"],"picked":"SKIP","floor":1.0},{"not_picked":["Prepared","Flechettes","Dagger Spray"],"picked":"SKIP","floor":3.0},{"not_picked":["Bane","Caltrops","Sucker Punch"],"picked":"SKIP","floor":4.0},{"not_picked":["Bane","Caltrops","Sucker Punch"],"picked":"SKIP","floor":4.0},{"not_picked":["Expertise","Backflip"],"picked":"A Thousand Cuts","floor":5.0},{"not_picked":["Slice","Quick Slash"],"picked":"Heel Hook","floor":7.0},{"not_picked":["PiercingWail+1","Flying Knee","Concentrate+1"],"picked":"SKIP","floor":10},{"not_picked":["Flying Knee","Concentrate+1"],"picked":"PiercingWail+1","floor":10},{"not_picked":["Poisoned Stab","Crippling Poison+1"],"picked":"Bouncing Flask+1","floor":11},{"not_picked":["After Image","Storm of Steel+1"],"picked":"Malaise+1","floor":16},{"not_picked":["Acrobatics+1","Dagger Throw"],"picked":"Deadly Poison+1","floor":18},{"not_picked":["Bouncing Flask+1","Caltrops","Terror+1"],"picked":"SKIP","floor":22},{"not_picked":["Underhanded Strike","Slice"],"picked":"Deadly Poison+1","floor":24},{"not_picked":["Reflex+1","Crippling Poison+1"],"picked":"Dodge and Roll+1","floor":27},{"not_picked":["Caltrops","Accuracy","Masterful Stab"],"picked":"SKIP","floor":29},{"not_picked":["Escape Plan+1","Flying Knee+1"],"picked":"Infinite Blades","floor":31},{"not_picked":["After Image","Doppelganger+1"],"picked":"Malaise+1","floor":33},{"not_picked":["Bouncing Flask+1","Flying Knee"],"picked":"Terror+1","floor":35},{"not_picked":["Choke+1","PiercingWail+1"],"picked":"Cloak And Dagger+1","floor":36},{"not_picked":["Riddle With Holes","Eviscerate+1","All Out Attack"],"picked":"SKIP","floor":37},{"not_picked":["Underhanded Strike+1","Blur+1"],"picked":"Deflect+1","floor":38},{"not_picked":["Skewer","Distraction+1"],"picked":"Footwork","floor":42},{"not_picked":["Poisoned Stab","PiercingWail+1"],"picked":"Backflip+1","floor":46}],"player_experience":496730,"relics_obtained":[{"floor":9.0,"key":"Toxic Egg 2"},{"floor":26,"key":"Girya"},{"floor":43,"key":"Centennial Puzzle"}],"event_choices":[{"damage_healed":0.0,"max_hp_gain":0.0,"max_hp_loss":0.0,"gold_gain":75.0,"event_name":"World of Goop","player_choice":"Gather Gold","floor":2.0,"gold_loss":0.0,"damage_taken":11.0},{"damage_healed":0,"gold_gain":0,"player_choice":"Joined the Cult","damage_taken":6,"max_hp_gain":0,"max_hp_loss":0,"event_name":"Nest","floor":20,"gold_loss":0,"cards_obtained":["RitualDagger"]},{"damage_healed":0,"gold_gain":0,"player_choice":"Ignored","damage_taken":0,"max_hp_gain":0,"max_hp_loss":0,"event_name":"Tomb of Lord Red Mask","floor":39,"gold_loss":0},{"damage_healed":0,"gold_gain":0,"player_choice":"Embrace Madness","damage_taken":9,"max_hp_gain":0,"max_hp_loss":0,"event_name":"Winding Halls","floor":44,"gold_loss":0,"cards_obtained":["Madness","Madness"]}],"is_beta":false,"boss_relics":[{"not_picked":["Busted Crown","HoveringKite"],"picked":"Eternal Feather"},{"not_picked":["White Beast Statue","Ring of the Serpent"],"picked":"Runic Pyramid"}],"items_purged_floors":[13,14,19,45],"is_endless":false,"potions_floor_spawned":[3,7,10,27,31,33,35,42],"ascension_level":0}