{"gold_per_floor":[114,114,114,40,40,75,75,106,131,131,162,177,177],"floor_reached":13,"playtime":312,"items_purged":[],"score":129,"play_id":"c757db46-8a50-4cc3-afb4-2c7dd7641834","local_time":"20181008005910","is_ascension_mode":true,"campfire_choices":[{"floor":7,"key":"REST"},{"floor":10,"key":"REST"}],"neow_cost":"PERCENT_DAMAGE","seed_source_timestamp":472359496191272,"circlet_count":0,"master_deck":["Strike_B","Strike_B+1","Defend_B","Defend_B","Defend_B+1","Zap","Dualcast","Consume","Capacitor","Leap"],"special_seed":0,"relics":["Cracked Core","Golden Idol","Smiling Mask","Bag of Preparation","Regal Pillow","Strawberry"],"potions_floor_usage":[6],"damage_taken":[{"damage":2,"enemies":"Jaw Worm","floor":1,"turns":3},{"damage":12,"enemies":"Lagavulin","floor":6,"turns":6},{"damage":25,"enemies":"Gremlin Nob","floor":8,"turns":4},{"damage":38,"enemies":"3 Sentries","floor":11,"turns":9},{"damage":0,"enemies":"Small Slimes","floor":12,"turns":3},{"damage":31,"enemies":"Gremlin Nob","floor":13,"turns":3}],"seed_played":"6048635692908975314","potions_obtained":[{"floor":1,"key":"Weak Potion"},{"floor":8,"key":"SteroidPotion"}],"is_trial":false,"path_per_floor":["M","?","?","$","?","E","R","E","T","R","E","M"],"character_chosen":"DEFECT","items_purchased":["Capacitor"],"campfire_rested":2,"item_purchase_floors":[4],"current_hp_per_floor":[48,33,26,26,26,14,34,9,9,44,13,13,0],"gold":177,"neow_bonus":"REMOVE_TWO","is_prod":false,"is_daily":false,"chose_seed":false,"campfire_upgraded":0,"win_rate":0,"timestamp":1538931550,"path_taken":["M","?","?","$","?","E","R","E","T","R","E","?","E"],"build_version":"2018-10-04v2","purchased_purges":0,"victory":false,"max_hp_per_floor":[75,75,75,75,69,69,69,69,69,69,76,76,76],"card_choices":[{"not_picked":["Loop","Reprogram"],"picked":"Consume","floor":1},{"not_picked":["Redo","Turbo"],"picked":"Leap","floor":6},{"not_picked":["Streamline","Meteor Strike","Stack"],"picked":"SKIP","floor":8},{"not_picked":["Rebound","Lockon","Skim"],"picked":"SKIP","floor":11},{"not_picked":["Beam Cell","Gash","Lockon"],"picked":"SKIP","floor":12}],"player_experience":230005,"relics_obtained":[{"floor":6,"key":"Smiling Mask"},{"floor":8,"key":"Bag of Preparation"},{"floor":9,"key":"Regal Pillow"},{"floor":11,"key":"Strawberry"}],"event_choices":[{"event_name":"Shining Light","player_choice":"Entered Light","floor":2,"damage_taken":0},{"event_name":"Golden Wing","player_choice":"Card Removal","floor":3,"damage_taken":0},{"event_name":"Golden Idol","player_choice":"Lose Max HP","floor":5,"damage_taken":0}],"is_beta":false,"boss_relics":[],"items_purged_floors":[],"is_endless":false,"potions_floor_spawned":[1,8],"killed_by":"Gremlin Nob","ascension_level":6}