{"path_per_floor":["M","M","?","M","?","E","R","E","T","$","M","M","$","M","R","B",null,"M","?","$","?","$","R","E","R","T","E","M","E","M","T","R","B",null,"M","M","M","?","?","E","M","M","T","M","E","M","?","$","R","B"],"character_chosen":"IRONCLAD","items_purchased":["Toxic Egg 2","Sword Boomerang","Armaments","Orichalcum","Trip","Kunai"],"gold_per_floor":[144,189,189,234,234,324,324,414,414,414,459,504,129,174,174,474,474,519,519,467,467,221,221,311,311,311,431,476,566,611,611,611,911,911,956,1001,1046,1046,1046,1136,1181,1226,1226,1271,1361,1406,1406,1056,1056,1056],"floor_reached":51,"campfire_rested":6,"playtime":1420,"current_hp_per_floor":[80,80,80,73,73,79,80,80,80,80,76,80,80,80,80,75,80,74,74,74,74,74,80,33,57,57,43,28,15,17,17,41,7,80,79,80,80,70,70,69,75,80,80,80,38,41,31,31,55,21],"items_purged":["Body Slam","Hemokinesis"],"gold":1056,"score":877,"play_id":"98ba0060-3645-4384-8293-1c9959e30b57","local_time":"20180419183316","daily_mods":["Draft","Midas","Lethality"],"is_prod":false,"is_daily":true,"chose_seed":false,"is_ascension_mode":false,"campfire_upgraded":0,"timestamp":1524133996,"path_taken":["M","M","?","?","?","E","R","E","T","$","?","M","$","M","R","BOSS","M","?","$","?","?","R","E","R","T","E","?","E","M","?","R","BOSS","M","?","M","?","?","E","M","M","T","M","E","M","?","$","R","BOSS"],"build_version":"2018-04-12","seed_source_timestamp":0,"purchased_purges":4,"victory":true,"master_deck":["Cleave","Clash","Headbutt","True Grit+1","Uppercut+1","Cleave","Iron Wave","Inflame","Pommel Strike","Twin Strike","Pummel","Iron Wave","Havoc+1","Carnage","Shockwave+1","Headbutt","Iron Wave+1","Sword Boomerang+1","Armaments+1","Trip+1","Dropkick+1","Iron Wave+1","Clash+1","Limit Break+1","Battle Trance+1","Shrug It Off+1","Madness+1","Madness+1","Evolve","Secret Technique+1","Finesse+1","Madness+1"],"max_hp_per_floor":[80,80,80,80,80,80,80,80,80,80,80,80,80,80,80,80,80,80,80,80,80,80,80,80,80,80,80,80,80,80,80,80,80,80,80,80,80,80,80,80,80,80,80,80,80,80,80,80,80,80],"relics":["Burning Blood","Ice Cream","Molten Egg 2","Paper Frog","Toxic Egg 2","Black Star","Orichalcum","Blue Candle","Mummified Hand","Toolbox","Lantern","Tiny Chest","Girya","Calipers","Shuriken","Sozu","Torii","Charon\u0027s Ashes","Darkstone Periapt","Ancient Tea Set","War Paint","Kunai"],"card_choices":[{"not_picked":["Warcry","Flex"],"picked":"Cleave","floor":0},{"not_picked":["Sword Boomerang","Havoc"],"picked":"Clash","floor":0},{"not_picked":["Warcry","Intimidate"],"picked":"Headbutt","floor":0},{"not_picked":["Anger","Havoc"],"picked":"True Grit","floor":0},{"not_picked":["Sword Boomerang","Armaments"],"picked":"Uppercut","floor":0},{"not_picked":["Uppercut","Sword Boomerang"],"picked":"Cleave","floor":0},{"not_picked":["Evolve","Cleave"],"picked":"Iron Wave","floor":0},{"not_picked":["Combust","Rupture"],"picked":"Hemokinesis","floor":0},{"not_picked":["Dual Wield","Thunderclap"],"picked":"Inflame","floor":0},{"not_picked":["Dropkick","Searing Blow"],"picked":"Pommel Strike","floor":0},{"not_picked":["Sever Soul","Spot Weakness"],"picked":"Body Slam","floor":0},{"not_picked":["Anger","True Grit"],"picked":"Twin Strike","floor":0},{"not_picked":["Iron Wave","Spot Weakness"],"picked":"Pummel","floor":0},{"not_picked":["Armaments","Body Slam"],"picked":"Iron Wave","floor":0},{"not_picked":["Anger","Perfected Strike"],"picked":"Havoc","floor":0},{"not_picked":["Headbutt","Bloodletting"],"picked":"Carnage","floor":1},{"not_picked":["Perfected Strike","Dropkick"],"picked":"Shockwave","floor":2},{"not_picked":["Pommel Strike","Inflame"],"picked":"Headbutt","floor":6},{"not_picked":["Body Slam","Thunderclap"],"picked":"Iron Wave","floor":8},{"not_picked":["Spot Weakness","Corruption"],"picked":"Dropkick","floor":27},{"not_picked":["Combust","Perfected Strike"],"picked":"Iron Wave","floor":28},{"not_picked":["Iron Wave","Heavy Blade"],"picked":"Clash","floor":30},{"not_picked":["Fiend Fire","Dark Embrace"],"picked":"Limit Break","floor":33},{"not_picked":["Burning Pact","Anger"],"picked":"Battle Trance","floor":36},{"not_picked":["Burning Pact","Twin Strike"],"picked":"Shrug It Off","floor":37},{"not_picked":["Body Slam","Cleave"],"picked":"Evolve","floor":44},{"not_picked":["Trip","Jack Of All Trades"],"picked":"Secret Technique","floor":47},{"not_picked":["Sadistic Nature","Good Instincts"],"picked":"Finesse","floor":47},{"not_picked":["Purity","Finesse"],"picked":"Madness","floor":47}],"player_experience":413749,"potions_floor_usage":[16,33,50,50],"damage_taken":[{"damage":5,"enemies":"Jaw Worm","floor":1,"turns":2},{"damage":0,"enemies":"Cultist","floor":2,"turns":2},{"damage":13,"enemies":"Small Slimes","floor":4,"turns":2},{"damage":0,"enemies":"Gremlin Nob","floor":6,"turns":2},{"damage":0,"enemies":"Lagavulin","floor":8,"turns":3},{"damage":10,"enemies":"Exordium Thugs","floor":11,"turns":3},{"damage":0,"enemies":"2 Fungi Beasts","floor":12,"turns":1},{"damage":6,"enemies":"Red Slaver","floor":14,"turns":2},{"damage":11,"enemies":"The Guardian","floor":16,"turns":5},{"damage":12,"enemies":"Shell Parasite","floor":18,"turns":2},{"damage":53,"enemies":"Slavers","floor":24,"turns":4},{"damage":20,"enemies":"Book of Stabbing","floor":27,"turns":3},{"damage":21,"enemies":"3 Byrds","floor":28,"turns":2},{"damage":19,"enemies":"Slavers","floor":29,"turns":3},{"damage":4,"enemies":"Centurion and Healer","floor":30,"turns":3},{"damage":40,"enemies":"Collector","floor":33,"turns":4},{"damage":7,"enemies":"3 Darklings","floor":35,"turns":3},{"damage":0,"enemies":"Orb Walker","floor":36,"turns":1},{"damage":5,"enemies":"Maw","floor":37,"turns":3},{"damage":7,"enemies":"2 Orb Walkers","floor":40,"turns":2},{"damage":0,"enemies":"3 Darklings","floor":41,"turns":2},{"damage":0,"enemies":"4 Shapes","floor":42,"turns":1},{"damage":1,"enemies":"Maw","floor":44,"turns":3},{"damage":48,"enemies":"Nemesis","floor":45,"turns":3},{"damage":3,"enemies":"3 Darklings","floor":46,"turns":2},{"damage":40,"enemies":"Time Eater","floor":50,"turns":5}],"event_choices":[{"event_name":"Upgrade Shrine","player_choice":"Upgraded","floor":3,"damage_taken":0},{"event_name":"Accursed Blacksmith","player_choice":"Forge","floor":5,"damage_taken":0},{"event_name":"Vampires","player_choice":"Ignored","floor":19,"damage_taken":0},{"event_name":"Upgrade Shrine","player_choice":"Upgraded","floor":21,"damage_taken":0},{"event_name":"Winding Halls","player_choice":"Embrace Madness","floor":38,"damage_taken":0},{"event_name":"Mysterious Sphere","player_choice":"Ignore","floor":39,"damage_taken":0},{"event_name":"SensoryStone","player_choice":"Memory 3","floor":47,"damage_taken":0}],"boss_relics":[{"not_picked":["Black Blood","Philosopher\u0027s Stone"],"picked":"Black Star"},{"not_picked":["Snecko Eye","Mark of Pain"],"picked":"Sozu"}],"potions_floor_spawned":[6,14,16,24,27,28,30,37,41,44],"seed_played":"8716809714031627175","ascension_level":0,"is_trial":false}