{"path_per_floor":["M","?","M","?","?","E","?","M","T","E","R","M","E","?","R","B",null,"M","?","?","?","?","E","?","M","T","$","T","E","M","T","R","B",null,"M","M","M","$","M","E","R","?","T","M","R","E","?","?","R","B"],"character_chosen":"IRONCLAD","items_purchased":["Toxic Egg 2","Double Tap","Whetstone"],"gold_per_floor":[114,114,129,129,129,159,109,124,124,154,154,169,199,199,199,299,299,314,314,314,314,314,344,344,359,384,122,122,152,167,167,167,267,267,282,297,312,132,147,177,177,215,290,305,305,335,335,335,335,335],"floor_reached":51,"campfire_rested":0,"playtime":1365,"item_purchase_floors":[27,27,38],"current_hp_per_floor":[80,72,72,78,84,78,78,76,82,80,80,78,76,82,82,56,110,110,110,110,110,110,101,101,95,101,101,107,122,118,131,131,88,141,133,140,106,106,140,137,137,136,142,140,140,138,138,138,138,120],"items_purged":["Strike_R"],"gold":335,"score":1109,"play_id":"cc8de2f7-7646-449d-ac2e-8aad75671506","local_time":"20180525090715","daily_mods":["Heirloom","Cursed Run","Time Dilation"],"is_prod":false,"is_daily":true,"chose_seed":false,"is_ascension_mode":false,"campfire_upgraded":6,"win_rate":0,"timestamp":1527210435,"campfire_choices":[{"data":"Heavy Blade","floor":11,"key":"SMITH"},{"data":"Bash","floor":15,"key":"SMITH"},{"data":"Whirlwind","floor":32,"key":"SMITH"},{"data":"Sword Boomerang","floor":41,"key":"SMITH"},{"data":"Defend_R","floor":45,"key":"SMITH"},{"data":"Defend_R","floor":49,"key":"SMITH"}],"path_taken":["M","?","M","?","?","E","?","M","T","E","R","M","E","?","R","BOSS","M","?","?","?","?","E","?","M","T","$","?","E","M","?","R","BOSS","M","M","M","$","M","E","R","?","T","M","R","E","?","?","R","BOSS"],"build_version":"2018-05-23v2","seed_source_timestamp":0,"purchased_purges":1,"victory":true,"master_deck":["Strike_R+1","Defend_R+1","Defend_R+1","Defend_R","Defend_R","Bash+1","Heavy Blade+1","Whirlwind+1","Regret","Pain","Parasite","Normality","Injury","Reaper","Whirlwind+1","Sword Boomerang+1","Regret","Double Tap+1","Clumsy","Shrug It Off+1","Pain","Decay","Warcry+1","True Grit+1","Infernal Blade+1","Heavy Blade+1","Havoc+1","Body Slam+1","Clumsy","Offering+1","Battle Trance+1","Berserk","Clumsy"],"max_hp_per_floor":[80,80,80,86,92,92,92,92,98,98,98,98,98,104,104,110,110,110,110,110,110,110,110,110,110,116,116,122,122,122,135,135,141,141,141,141,141,141,141,141,141,141,147,147,147,147,147,147,147,153],"relics":["Cursed Key","Darkstone Periapt","Du-Vu Doll","Bird Faced Urn","Bag of Preparation","Juzu Bracelet","Blue Candle","Meat on the Bone","Turnip","Ancient Tea Set","The Courier","Nloth\u0027s Gift","Boot","Toxic Egg 2","Ornamental Fan","Lantern","Strawberry","Orrery","Whetstone","Prayer Wheel","Self Forming Clay","Bottled Flame"],"card_choices":[{"not_picked":["Headbutt","Flex"],"picked":"Heavy Blade","floor":1},{"not_picked":["Headbutt","Sword Boomerang"],"picked":"Whirlwind","floor":3},{"not_picked":["Anger","Hemokinesis","Combust"],"picked":"SKIP","floor":6},{"not_picked":["Metallicize","Power Through","Ghostly Armor"],"picked":"SKIP","floor":8},{"not_picked":["Hemokinesis","Anger","Shrug It Off"],"picked":"SKIP","floor":10},{"not_picked":["Second Wind","Pommel Strike","Uppercut"],"picked":"SKIP","floor":12},{"not_picked":["Heavy Blade","Flex","Thunderclap"],"picked":"SKIP","floor":13},{"not_picked":["Offering","Dark Embrace"],"picked":"Reaper","floor":16},{"not_picked":["Twin Strike","Thunderclap+1","Armaments+1"],"picked":"SKIP","floor":18},{"not_picked":["Pommel Strike","Sever Soul+1","Cleave"],"picked":"SKIP","floor":23},{"not_picked":["Body Slam","Entrench","Intimidate"],"picked":"SKIP","floor":25},{"not_picked":["Body Slam","Reaper"],"picked":"Shrug It Off+1","floor":29},{"not_picked":["Second Wind+1","Shrug It Off+1","Anger"],"picked":"SKIP","floor":30},{"not_picked":["Wild Strike","Clothesline+1"],"picked":"Warcry+1","floor":34},{"not_picked":["Iron Wave+1","Thunderclap"],"picked":"True Grit+1","floor":34},{"not_picked":["Sentinel+1","Hemokinesis"],"picked":"Infernal Blade+1","floor":34},{"not_picked":["Thunderclap+1","Shrug It Off+1"],"picked":"Heavy Blade+1","floor":34},{"not_picked":["Clothesline+1","Immolate","True Grit+1"],"picked":"SKIP","floor":35},{"not_picked":["Pommel Strike","Anger"],"picked":"Havoc+1","floor":36},{"not_picked":["Shrug It Off+1","Flex+1","Berserk"],"picked":"SKIP","floor":37},{"not_picked":["Cleave+1","Wild Strike","Thunderclap"],"picked":"SKIP","floor":39},{"not_picked":["Reaper","Sword Boomerang","Iron Wave"],"picked":"SKIP","floor":40},{"not_picked":["Corruption+1","Metallicize+1"],"picked":"Body Slam+1","floor":42},{"not_picked":["Infernal Blade+1","Evolve+1","Thunderclap+1"],"picked":"SKIP","floor":44},{"not_picked":["Fire Breathing+1","Entrench+1","Flame Barrier+1"],"picked":"SKIP","floor":44},{"not_picked":["Rampage+1","True Grit+1"],"picked":"Offering+1","floor":46}],"player_experience":492539,"potions_floor_usage":[6,6,6,8,13,16,33,40,50,50,50],"damage_taken":[{"damage":0,"enemies":"2 Louse","floor":1,"turns":2},{"damage":0,"enemies":"Cultist","floor":3,"turns":2},{"damage":6,"enemies":"Lagavulin","floor":6,"turns":5},{"damage":2,"enemies":"Jaw Worm","floor":8,"turns":1},{"damage":2,"enemies":"Gremlin Nob","floor":10,"turns":2},{"damage":2,"enemies":"2 Fungi Beasts","floor":12,"turns":2},{"damage":2,"enemies":"3 Sentries","floor":13,"turns":2},{"damage":44,"enemies":"The Guardian","floor":16,"turns":6},{"damage":0,"enemies":"Spheric Guardian","floor":18,"turns":2},{"damage":9,"enemies":"Slavers","floor":23,"turns":2},{"damage":16,"enemies":"2 Thieves","floor":25,"turns":3},{"damage":6,"enemies":"Gremlin Leader","floor":29,"turns":3},{"damage":8,"enemies":"Centurion and Healer","floor":30,"turns":2},{"damage":56,"enemies":"Collector","floor":33,"turns":4},{"damage":8,"enemies":"3 Darklings","floor":35,"turns":4},{"damage":2,"enemies":"Flame Bruiser 1 Orb","floor":36,"turns":2},{"damage":34,"enemies":"Maw","floor":37,"turns":5},{"damage":1,"enemies":"3 Darklings","floor":39,"turns":2},{"damage":3,"enemies":"Giant Head","floor":40,"turns":3},{"damage":1,"enemies":"…Ò√ÿ‘≤«Ú","floor":42,"turns":1},{"damage":2,"enemies":"Spire Growth","floor":44,"turns":1},{"damage":2,"enemies":"2 Orb Walkers","floor":46,"turns":1},{"damage":68,"enemies":"Time Eater","floor":50,"turns":8}],"relics_obtained":[{"floor":6,"key":"Juzu Bracelet"},{"floor":9,"key":"Blue Candle"},{"floor":10,"key":"Meat on the Bone"},{"floor":13,"key":"Turnip"},{"floor":23,"key":"The Courier"},{"floor":26,"key":"Boot"},{"floor":28,"key":"Ornamental Fan"},{"floor":29,"key":"Lantern"},{"floor":31,"key":"Strawberry"},{"floor":42,"key":"Prayer Wheel"},{"floor":43,"key":"Self Forming Clay"},{"floor":46,"key":"Bottled Flame"}],"event_choices":[{"event_name":"Wheel of Change","player_choice":"Damage","floor":2,"damage_taken":0},{"event_name":"Big Fish","player_choice":"Box","floor":4,"damage_taken":0},{"event_name":"Match and Keep!","player_choice":"1 cards matched","floor":5,"damage_taken":0},{"event_name":"The Cleric","player_choice":"Card Removal","floor":7,"damage_taken":0},{"event_name":"Accursed Blacksmith","player_choice":"Rummage","floor":14,"damage_taken":0},{"event_name":"Bonfire Elementals","player_choice":"BASIC","floor":19,"damage_taken":0},{"event_name":"Duplicator","player_choice":"One dupe","floor":20,"damage_taken":0},{"event_name":"The Library","player_choice":"Read","floor":21,"damage_taken":0},{"event_name":"The Lab","player_choice":"Got Potions","floor":22,"damage_taken":0},{"event_name":"N\u0027loth","player_choice":"Traded a Mark of Pain","floor":24,"damage_taken":0},{"event_name":"Mysterious Sphere","player_choice":"Fight","floor":42,"damage_taken":0},{"event_name":"Match and Keep!","player_choice":"1 cards matched","floor":47,"damage_taken":0},{"event_name":"Transmorgrifier","player_choice":"Transform","floor":48,"damage_taken":0}],"boss_relics":[{"not_picked":["Lizard Tail","Runic Pyramid"],"picked":"Mark of Pain"},{"not_picked":["Tiny House","Runic Dome"],"picked":"Orrery"}],"items_purged_floors":[38],"potions_floor_spawned":[1,3,12,13,18,33,37,42,44],"seed_played":"-5712251583227970221","ascension_level":0,"potions_obtained":[{"floor":1,"key":"EntropicBrew"},{"floor":3,"key":"EssenceOfSteel"},{"floor":12,"key":"Strength Potion"},{"floor":13,"key":"GamblersBrew"},{"floor":18,"key":"SpeedPotion"},{"floor":22,"key":"BloodPotion"},{"floor":33,"key":"EssenceOfSteel"},{"floor":37,"key":"EssenceOfSteel"},{"floor":42,"key":"Fire Potion"},{"floor":44,"key":"GamblersBrew"}],"is_trial":false}