{"gold_per_floor":[117,117,136,136,159,159,183,183,234,234,254,254,268,268,268,364,364,344,365,31,31,31,60,60,60,360,376,376],"floor_reached":28,"playtime":833,"items_purged":[],"score":456,"play_id":"7b42a396-be81-46dc-8025-913a8faba7dd","local_time":"20190414003007","is_ascension_mode":true,"campfire_choices":[{"data":"Glass Knife","floor":6.0,"key":"SMITH"},{"data":"Well Laid Plans","floor":8.0,"key":"SMITH"},{"data":"Neutralize","floor":10.0,"key":"SMITH"},{"data":"Footwork","floor":12.0,"key":"SMITH"},{"data":"Footwork","floor":15.0,"key":"SMITH"},{"data":"Malaise","floor":24.0,"key":"SMITH"}],"neow_cost":"TEN_PERCENT_HP_LOSS","seed_source_timestamp":45029354655820,"circlet_count":0,"master_deck":["AscendersBane","Defend_G","Defend_G","Defend_G","Defend_G","Strike_G","Strike_G","Strike_G","Strike_G","Survivor","Neutralize+1","Glass Knife+1","Footwork+1","Infinite Blades","Well Laid Plans+1","Footwork+1","Malaise+1","PiercingWail+1","Footwork","Grand Finale","Acrobatics"],"special_seed":0,"relics":["Ring of the Snake","Bloody Idol","Omamori","Runic Pyramid","Oddly Smooth Stone","Bag of Preparation","Smiling Mask","Old Coin"],"potions_floor_usage":[],"damage_taken":[{"damage":3.0,"enemies":"Small Slimes","floor":1.0,"turns":3.0},{"damage":0.0,"enemies":"2 Louse","floor":3.0,"turns":3.0},{"damage":7.0,"enemies":"Jaw Worm","floor":5.0,"turns":4.0},{"damage":6.0,"enemies":"Lots of Slimes","floor":7.0,"turns":5.0},{"damage":1.0,"enemies":"Looter","floor":11.0,"turns":3.0},{"damage":6.0,"enemies":"3 Louse","floor":13.0,"turns":4.0},{"damage":18.0,"enemies":"Slime Boss","floor":16.0,"turns":10.0},{"damage":5.0,"enemies":"2 Thieves","floor":18.0,"turns":4.0},{"damage":2.0,"enemies":"3 Byrds","floor":19.0,"turns":9.0},{"damage":33.0,"enemies":"Slavers","floor":23.0,"turns":7.0},{"damage":3.0,"enemies":"Snake Plant","floor":27.0,"turns":6.0},{"damage":17,"enemies":"Cultist and Chosen","floor":28,"turns":5}],"seed_played":"-2461891087194782815","potions_obtained":[{"floor":5.0,"key":"GhostInAJar"},{"floor":7.0,"key":"GhostInAJar"},{"floor":16.0,"key":"Strength Potion"},{"floor":19.0,"key":"SpeedPotion"},{"floor":23.0,"key":"LiquidBronze"}],"is_trial":false,"path_per_floor":["M","?","M","?","M","R","M","R","T","R","M","R","M","T","R","B",null,"M","M","$","?","?","E","R","?","T","M","M"],"character_chosen":"THE_SILENT","items_purchased":["Grand Finale","Oddly Smooth Stone"],"campfire_rested":0,"item_purchase_floors":[20,20],"current_hp_per_floor":[56,56,56,54,47,47,41,41,41,41,40,40,34,34,34,16,45,40,38,38,38,38,10,10,10,15,17,0],"gold":376,"neow_bonus":"THREE_RARE_CARDS","is_prod":false,"is_daily":false,"chose_seed":false,"campfire_upgraded":6,"win_rate":0,"timestamp":1555173007,"path_taken":["M","?","M","?","M","R","M","R","T","R","M","R","M","?","R","BOSS","M","?","$","?","?","E","R","?","T","M","?"],"build_version":"2019-01-23","purchased_purges":0,"victory":false,"max_hp_per_floor":[60,60,60,54,54,54,54,54,54,54,54,54,54,54,54,54,54,54,54,54,54,54,54,54,54,54,54,54],"card_choices":[{"not_picked":["Venomology","Corpse Explosion"],"picked":"Glass Knife","floor":0.0},{"not_picked":["Slice","Cloak And Dagger","Dagger Spray"],"picked":"SKIP","floor":1.0},{"not_picked":["Dodge and Roll","Dagger Throw"],"picked":"Footwork","floor":3.0},{"not_picked":["Blur","Poisoned Stab"],"picked":"Infinite Blades","floor":5.0},{"not_picked":["Dagger Throw","Catalyst"],"picked":"Well Laid Plans","floor":7.0},{"not_picked":["Acrobatics","Well Laid Plans","Eviscerate"],"picked":"SKIP","floor":11.0},{"not_picked":["Dodge and Roll","Dagger Spray"],"picked":"Footwork","floor":13.0},{"not_picked":["Night Terror","Tools of the Trade"],"picked":"Malaise","floor":16.0},{"not_picked":["Cloak And Dagger","Escape Plan"],"picked":"PiercingWail+1","floor":18.0},{"not_picked":["Slice+1","Backflip"],"picked":"Footwork","floor":19.0},{"not_picked":["Skewer","Slice","Flying Knee+1"],"picked":"SKIP","floor":23.0},{"not_picked":["Deflect","Flying Knee"],"picked":"Acrobatics","floor":27.0}],"player_experience":4263496,"relics_obtained":[{"floor":9.0,"key":"Omamori"},{"floor":23.0,"key":"Smiling Mask"},{"floor":26.0,"key":"Old Coin"}],"event_choices":[{"cards_removed":["Defend_G"],"damage_healed":0.0,"max_hp_gain":0.0,"max_hp_loss":0.0,"gold_gain":0.0,"event_name":"Living Wall","player_choice":"Forget","floor":2.0,"gold_loss":0.0,"damage_taken":0.0},{"damage_healed":0.0,"max_hp_gain":0.0,"max_hp_loss":6.0,"gold_gain":0.0,"event_name":"Golden Idol","player_choice":"Lose Max HP","floor":4.0,"gold_loss":0.0,"damage_taken":0.0,"relics_obtained":["Golden Idol"]},{"damage_healed":0.0,"max_hp_gain":0.0,"max_hp_loss":0.0,"gold_gain":0.0,"event_name":"Addict","player_choice":"Stole Relic","floor":21.0,"gold_loss":0.0,"damage_taken":0.0,"relics_obtained":["Bag of Preparation"],"cards_obtained":["Shame"]},{"damage_healed":0.0,"max_hp_gain":0.0,"max_hp_loss":0.0,"gold_gain":0.0,"event_name":"Forgotten Altar","player_choice":"Gave Idol","floor":22.0,"relics_lost":["Golden Idol"],"gold_loss":0.0,"damage_taken":0.0,"relics_obtained":["Bloody Idol"]},{"cards_removed":["Strike_G"],"damage_healed":0.0,"max_hp_gain":0.0,"max_hp_loss":0.0,"gold_gain":0.0,"event_name":"Wheel of Change","player_choice":"Card Removal","floor":25.0,"gold_loss":0.0,"damage_taken":0.0}],"is_beta":false,"boss_relics":[{"not_picked":["Ring of the Serpent","Lizard Tail"],"picked":"Runic Pyramid"}],"items_purged_floors":[],"is_endless":false,"potions_floor_spawned":[5,7,16,19,23],"killed_by":"Cultist and Chosen","ascension_level":20}