{"gold_per_floor":[113,46,46,61,23,57,76,76,76,76,109,109,55,80,80,80],"floor_reached":16,"playtime":352,"items_purged":[],"score":213,"play_id":"dc70c316-0c0f-41a6-a8c7-557715057524","local_time":"20180922123508","is_ascension_mode":true,"campfire_choices":[{"data":"True Grit","floor":8.0,"key":"SMITH"},{"data":"Bash","floor":10.0,"key":"SMITH"},{"floor":15.0,"key":"REST"}],"neow_cost":"NONE","seed_source_timestamp":86495325694161,"circlet_count":0,"master_deck":["Strike_R","Strike_R","Strike_R","Strike_R","Strike_R","Defend_R","Defend_R","Defend_R","Defend_R","Bash+1","AscendersBane","Battle Trance","Power Through","Feel No Pain","Metallicize","True Grit+1","Body Slam","Spot Weakness"],"special_seed":0,"relics":["Burning Blood","NeowsBlessing","Golden Idol","Sundial","Matryoshka","Bottled Lightning"],"potions_floor_usage":[],"damage_taken":[{"damage":0.0,"enemies":"Small Slimes","floor":1.0,"turns":1.0},{"damage":0.0,"enemies":"2 Louse","floor":4.0,"turns":1.0},{"damage":0.0,"enemies":"3 Sentries","floor":6.0,"turns":2.0},{"damage":8.0,"enemies":"Cultist","floor":7.0,"turns":4.0},{"damage":55.0,"enemies":"Gremlin Nob","floor":11.0,"turns":5.0},{"damage":17.0,"enemies":"Gremlin Gang","floor":14.0,"turns":7.0},{"damage":42,"enemies":"The Guardian","floor":16,"turns":6}],"seed_played":"-1500755138299849336","potions_obtained":[{"floor":4.0,"key":"SneckoOil"},{"floor":6.0,"key":"Regen Potion"}],"is_trial":false,"path_per_floor":["M","$","?","M","$","E","M","R","T","R","E","?","$","M","R"],"character_chosen":"IRONCLAD","items_purchased":["Power Through","Metallicize","Body Slam"],"campfire_rested":1,"item_purchase_floors":[2,5,13],"current_hp_per_floor":[78,78,58,64,64,70,68,68,68,68,28,28,28,17,41,0],"gold":80,"neow_bonus":"THREE_ENEMY_KILL","is_prod":false,"is_daily":false,"chose_seed":false,"campfire_upgraded":2,"win_rate":0,"timestamp":1537590908,"path_taken":["M","$","?","M","$","E","?","R","T","R","E","?","$","M","R","BOSS"],"build_version":"2018-09-20","purchased_purges":0,"victory":false,"max_hp_per_floor":[80,80,80,80,80,80,80,80,80,80,80,80,80,80,80,80],"card_choices":[{"not_picked":["Clash","Warcry"],"picked":"Battle Trance","floor":1.0},{"not_picked":["Flex","Headbutt"],"picked":"Feel No Pain","floor":4.0},{"not_picked":["Pommel Strike","Dark Embrace","Clothesline"],"picked":"SKIP","floor":6.0},{"not_picked":["Twin Strike","Reckless Charge"],"picked":"True Grit","floor":7.0},{"not_picked":["Bloodletting","Wild Strike","Flex"],"picked":"SKIP","floor":11.0},{"not_picked":["Fire Breathing","Inflame"],"picked":"Spot Weakness","floor":14.0}],"player_experience":90428,"relics_obtained":[{"floor":6.0,"key":"Sundial"},{"floor":9.0,"key":"Matryoshka"},{"floor":11.0,"key":"Bottled Lightning"}],"event_choices":[{"event_name":"Golden Idol","player_choice":"Take Damage","floor":3.0,"damage_taken":0.0},{"event_name":"Dead Adventurer","player_choice":"Searched \u00270\u0027 times","floor":12.0,"damage_taken":0.0}],"is_beta":false,"boss_relics":[],"items_purged_floors":[],"is_endless":false,"potions_floor_spawned":[4,6],"killed_by":"The Guardian","ascension_level":12}