{"gold_per_floor":[117,131,7,7,19,19,45,45,45,45,45,69,69,93,93,216,279,302,202,220,220,61,101,114,114,114,33,33,49,49,68,68,199,199,224,237,237,87,110,110,124,124,149,165,22,45,45,45,45,45],"floor_reached":51,"playtime":1436,"items_purged":["Defend_G","Strike_G","Defend_G","Defend_G"],"score":867,"play_id":"502de205-2acd-4e61-ad83-145b9f63c791","local_time":"20181031094144","is_ascension_mode":false,"campfire_choices":[{"data":"Neutralize","floor":6.0,"key":"SMITH"},{"data":"Well Laid Plans","floor":8.0,"key":"SMITH"},{"data":"Terror","floor":11.0,"key":"SMITH"},{"data":"Malaise","floor":15.0,"key":"SMITH"},{"data":"Grand Finale","floor":25.0,"key":"SMITH"},{"data":"Well Laid Plans","floor":28.0,"key":"SMITH"},{"data":"Acrobatics","floor":30.0,"key":"SMITH"},{"data":"Venomology","floor":32.0,"key":"SMITH"},{"data":"Grand Finale","floor":40.0,"key":"SMITH"},{"data":"Backflip","floor":42,"key":"SMITH"},{"data":"Backflip","floor":47,"key":"SMITH"},{"data":"Survivor","floor":49,"key":"SMITH"}],"neow_cost":"NONE","seed_source_timestamp":0,"circlet_count":0,"master_deck":["Defend_G+1","Survivor+1","Neutralize+1","Backflip+1","Venomology+1","Well Laid Plans+1","Terror+1","Malaise+1","Grand Finale+1","Acrobatics+1","Escape Plan","Backflip+1","Well Laid Plans+1","Grand Finale+1","Corpse Explosion+1","Escape Plan+1","Acrobatics+1","Backflip+1","Acrobatics+1"],"special_seed":0,"relics":["Ring of the Snake","Pen Nib","Dodecahedron","Golden Idol","Tiny House","Gremlin Horn","Regal Pillow","Astrolabe","Strawberry","Oddly Smooth Stone"],"potions_floor_usage":[41,50],"damage_taken":[{"damage":0.0,"enemies":"Small Slimes","floor":1.0,"turns":4.0},{"damage":2.0,"enemies":"Cultist","floor":2.0,"turns":5.0},{"damage":0.0,"enemies":"2 Louse","floor":5.0,"turns":3.0},{"damage":0.0,"enemies":"Lagavulin","floor":7.0,"turns":10.0},{"damage":0.0,"enemies":"Exordium Wildlife","floor":12.0,"turns":5.0},{"damage":0.0,"enemies":"Red Slaver","floor":14.0,"turns":4.0},{"damage":13.0,"enemies":"The Guardian","floor":16.0,"turns":12.0},{"damage":0.0,"enemies":"Shell Parasite","floor":18.0,"turns":4.0},{"damage":0.0,"enemies":"Spheric Guardian","floor":20.0,"turns":5.0},{"damage":0.0,"enemies":"Slavers","floor":23.0,"turns":2.0},{"damage":0.0,"enemies":"3 Cultists","floor":24.0,"turns":2.0},{"damage":0.0,"enemies":"Snake Plant","floor":29.0,"turns":3.0},{"damage":0.0,"enemies":"Centurion and Healer","floor":31.0,"turns":2.0},{"damage":0.0,"enemies":"Automaton","floor":33.0,"turns":3.0},{"damage":0.0,"enemies":"3 Darklings","floor":35.0,"turns":3.0},{"damage":0.0,"enemies":"Orb Walker","floor":36.0,"turns":2.0},{"damage":0.0,"enemies":"3 Darklings","floor":39.0,"turns":2.0},{"damage":0,"enemies":"Spire Growth","floor":41,"turns":3},{"damage":0,"enemies":"4 Shapes","floor":44,"turns":1},{"damage":0,"enemies":"3 Darklings","floor":46,"turns":1},{"damage":0,"enemies":"Time Eater","floor":50,"turns":3}],"seed_played":"-8398022251264888563","potions_obtained":[{"floor":7.0,"key":"Ancient Potion"},{"floor":12.0,"key":"PowerPotion"},{"floor":14.0,"key":"SpeedPotion"},{"floor":17.0,"key":"FairyPotion"},{"floor":23.0,"key":"AttackPotion"},{"floor":41,"key":"Ancient Potion"}],"is_trial":false,"path_per_floor":["M","M","$","?","M","R","E","R","T","?","R","M","$","M","R","B",null,"M","$","M","?","$","E","M","R","T","$","R","M","R","M","R","B",null,"M","M","?","$","M","R","M","R","T","M","$","M","R","?","R","B"],"character_chosen":"THE_SILENT","items_purchased":["PowerPotion","Escape Plan","Well Laid Plans","Oddly Smooth Stone"],"campfire_rested":0,"item_purchase_floors":[3,22,27,45],"current_hp_per_floor":[77,75,75,75,75,75,75,75,75,56,56,56,56,56,56,43,82,82,82,82,82,82,82,82,82,82,82,82,82,82,82,82,82,82,82,82,82,82,82,82,82,82,89,89,89,89,89,89,89,89],"gold":45,"neow_bonus":"TEN_PERCENT_HP_BONUS","is_prod":false,"is_daily":false,"chose_seed":false,"campfire_upgraded":12,"win_rate":0,"timestamp":1540950104,"path_taken":["M","M","$","?","M","R","E","R","T","?","R","M","$","M","R","BOSS","M","$","M","?","$","E","?","R","T","?","R","M","R","M","R","BOSS","M","M","?","$","M","R","M","R","T","M","$","M","R","?","R","BOSS"],"build_version":"2018-10-25v2","purchased_purges":4,"victory":true,"max_hp_per_floor":[77,77,77,77,77,77,77,77,77,77,77,77,77,77,77,77,82,82,82,82,82,82,82,82,82,82,82,82,82,82,82,82,82,82,82,82,82,82,82,82,82,82,89,89,89,89,89,89,89,89],"card_choices":[{"not_picked":["Dagger Throw","Calculated Gamble","Slice"],"picked":"SKIP","floor":1.0},{"not_picked":["Dagger Throw","Flying Knee"],"picked":"Backflip","floor":2.0},{"not_picked":["Blur","Sucker Punch"],"picked":"Well Laid Plans","floor":5.0},{"not_picked":["Flying Knee","Dodge and Roll"],"picked":"Terror","floor":7.0},{"not_picked":["Flying Knee","Masterful Stab"],"picked":"Malaise","floor":12.0},{"not_picked":["Dagger Spray","Calculated Gamble","Outmaneuver"],"picked":"SKIP","floor":14.0},{"not_picked":["Unload","Die Die Die"],"picked":"Grand Finale","floor":16.0},{"not_picked":["PiercingWail","Blade Dance"],"picked":"Acrobatics","floor":17.0},{"not_picked":["Underhanded Strike+1","Deadly Poison","Cloak And Dagger+1"],"picked":"SKIP","floor":18.0},{"not_picked":["Infinite Blades+1","Flying Knee","Noxious Fumes"],"picked":"SKIP","floor":20.0},{"not_picked":["Dagger Spray","Backstab+1","Calculated Gamble"],"picked":"SKIP","floor":23.0},{"not_picked":["Heel Hook+1","Underhanded Strike"],"picked":"Backflip","floor":24.0},{"not_picked":["Burst","Endless Agony","Flying Knee"],"picked":"SKIP","floor":29.0},{"not_picked":["Blade Dance+1","Backstab","Dagger Spray"],"picked":"SKIP","floor":31.0},{"not_picked":["Unload","A Thousand Cuts"],"picked":"Grand Finale","floor":33.0},{"not_picked":["Prepared","Deflect","PiercingWail"],"picked":"SKIP","floor":35.0},{"not_picked":["Blade Dance","Storm of Steel","Flying Knee"],"picked":"SKIP","floor":36.0},{"not_picked":["Outmaneuver","Backflip","Poisoned Stab+1"],"picked":"SKIP","floor":39.0},{"not_picked":["Blur+1","Flying Knee+1"],"picked":"Acrobatics+1","floor":41},{"not_picked":["Deflect+1","Poisoned Stab"],"picked":"Backflip+1","floor":44},{"not_picked":["Footwork","Heel Hook+1"],"picked":"Acrobatics+1","floor":46}],"player_experience":762018,"relics_obtained":[{"floor":7.0,"key":"Pen Nib"},{"floor":9.0,"key":"Dodecahedron"},{"floor":23.0,"key":"Gremlin Horn"},{"floor":26.0,"key":"Regal Pillow"},{"floor":43,"key":"Strawberry"}],"event_choices":[{"damage_healed":0.0,"max_hp_gain":0.0,"max_hp_loss":0.0,"gold_gain":0.0,"cards_transformed":["Strike_G"],"event_name":"Transmorgrifier","player_choice":"Transformed","floor":4.0,"gold_loss":0.0,"damage_taken":0.0,"cards_obtained":["Venomology"]},{"damage_healed":0.0,"max_hp_gain":0.0,"max_hp_loss":0.0,"gold_gain":0.0,"event_name":"Golden Idol","player_choice":"Take Damage","floor":10.0,"gold_loss":0.0,"damage_taken":19.0,"relics_obtained":["Golden Idol"]},{"cards_removed":["Strike_G"],"damage_healed":0.0,"max_hp_gain":0.0,"max_hp_loss":0.0,"gold_gain":0.0,"event_name":"Back to Basics","player_choice":"Elegance","floor":21.0,"gold_loss":0.0,"damage_taken":0.0},{"damage_healed":0.0,"max_hp_gain":0.0,"max_hp_loss":0.0,"gold_gain":0.0,"event_name":"Tomb of Lord Red Mask","player_choice":"Ignored","floor":37.0,"gold_loss":0.0,"damage_taken":0.0},{"cards_removed":["Backstab"],"damage_healed":0,"gold_gain":0,"player_choice":"Removed Attack","damage_taken":0,"max_hp_gain":0,"max_hp_loss":0,"event_name":"Falling","floor":48,"gold_loss":0}],"is_beta":false,"boss_relics":[{"not_picked":["White Beast Statue","Sozu"],"picked":"Tiny House"},{"not_picked":["Pandora\u0027s Box","Ring of the Serpent"],"picked":"Astrolabe"}],"items_purged_floors":[3,19,22,38],"is_endless":false,"potions_floor_spawned":[7,12,14,18,23,31,35,39,41,46],"ascension_level":0}