{"gold_per_floor":[16,16,16,33,33,33,33,44,44,59,114,114,127,146,146,146],"floor_reached":16,"playtime":504,"items_purged":[],"score":184,"play_id":"dc1962fa-b75d-46d0-8dbd-9a04579340c0","local_time":"20190118104007","is_ascension_mode":true,"campfire_choices":[{"data":"Prepared","floor":6,"key":"SMITH"},{"data":"Flechettes","floor":15,"key":"SMITH"}],"neow_cost":"NO_GOLD","seed_source_timestamp":38853008454098,"circlet_count":0,"master_deck":["AscendersBane","Defend_G","Defend_G","Defend_G","Defend_G","Strike_G","Strike_G","Strike_G","Survivor","Neutralize","Prepared+1","Dodge and Roll","Regret","Dagger Spray","Dagger Throw","Flechettes+1"],"special_seed":0,"relics":["Ring of the Snake","Du-Vu Doll","Art of War"],"potions_floor_usage":[11,16,16],"damage_taken":[{"damage":1.0,"enemies":"Small Slimes","floor":1.0,"turns":11.0},{"damage":5,"enemies":"2 Louse","floor":4,"turns":4},{"damage":0,"enemies":"Cultist","floor":8,"turns":4},{"damage":21,"enemies":"Large Slime","floor":10,"turns":11},{"damage":19,"enemies":"3 Sentries","floor":11,"turns":7},{"damage":1,"enemies":"Red Slaver","floor":13,"turns":3},{"damage":0,"enemies":"3 Louse","floor":14,"turns":3},{"damage":38,"enemies":"Slime Boss","floor":16,"turns":4}],"seed_played":"5069665830357669694","potions_obtained":[{"floor":3.0,"key":"Regen Potion"},{"floor":3.0,"key":"FairyPotion"},{"floor":4,"key":"LiquidBronze"},{"floor":13,"key":"Swift Potion"}],"is_trial":false,"path_per_floor":["M","?","?","M","$","R","?","M","T","M","?","?","M","M","R","B"],"character_chosen":"THE_SILENT","items_purchased":[],"campfire_rested":0,"item_purchase_floors":[],"current_hp_per_floor":[58,58,58,53,53,53,53,53,53,32,13,13,12,12,12,0],"gold":146,"neow_bonus":"TRANSFORM_TWO_CARDS","is_prod":false,"is_daily":false,"chose_seed":false,"campfire_upgraded":2,"win_rate":0,"timestamp":1547779207,"path_taken":["M","?","?","?","$","R","?","M","T","?","?","?","M","M","R","BOSS"],"build_version":"2019-01-16","purchased_purges":0,"victory":false,"max_hp_per_floor":[66,66,66,66,66,66,66,66,66,66,66,66,66,66,66,66],"card_choices":[{"not_picked":["Sucker Punch","PiercingWail","Bane"],"picked":"SKIP","floor":1.0},{"not_picked":["Leg Sweep","Poisoned Stab","Deflect"],"picked":"SKIP","floor":4},{"not_picked":["Dodge and Roll","Outmaneuver","Deflect"],"picked":"SKIP","floor":8},{"not_picked":["Outmaneuver","Backflip"],"picked":"Dagger Spray","floor":10},{"not_picked":["Dodge and Roll","Footwork"],"picked":"Dagger Throw","floor":11},{"not_picked":["Bouncing Flask","Setup"],"picked":"Flechettes","floor":13},{"not_picked":["Skewer","Slice","PiercingWail"],"picked":"SKIP","floor":14}],"player_experience":1299144,"relics_obtained":[{"floor":11,"key":"Art of War"}],"event_choices":[{"damage_healed":0.0,"max_hp_gain":0.0,"max_hp_loss":0.0,"gold_gain":0.0,"event_name":"Big Fish","player_choice":"Box","floor":2.0,"gold_loss":0.0,"damage_taken":0.0,"relics_obtained":["Du-Vu Doll"],"cards_obtained":["Regret"]},{"damage_healed":0.0,"max_hp_gain":0.0,"max_hp_loss":0.0,"gold_gain":0.0,"event_name":"Lab","player_choice":"Got Potions","floor":3.0,"gold_loss":0.0,"damage_taken":0.0},{"cards_removed":["Defend_G"],"damage_healed":0,"gold_gain":0,"player_choice":"Card Removal","damage_taken":0,"max_hp_gain":0,"max_hp_loss":0,"event_name":"Wheel of Change","floor":7,"gold_loss":0},{"damage_healed":0,"gold_gain":0,"player_choice":"Searched \u00272\u0027 times","damage_taken":0,"max_hp_gain":0,"max_hp_loss":0,"event_name":"Dead Adventurer","floor":11,"gold_loss":0},{"damage_healed":0,"gold_gain":0,"player_choice":"Ignored","damage_taken":0,"max_hp_gain":0,"max_hp_loss":0,"event_name":"Fountain of Cleansing","floor":12,"gold_loss":0}],"is_beta":true,"boss_relics":[],"items_purged_floors":[],"is_endless":false,"potions_floor_spawned":[4,10,13],"killed_by":"Slime Boss","ascension_level":20}