{"gold_per_floor":[110,160,175,175,185,185,211,211,211,211,211,222,147,164,164,242,242,254,273,0,0,0,0],"floor_reached":23,"playtime":839,"items_purged":["Strike_B","Defend_B"],"score":378,"play_id":"82e06107-6dc9-439b-911e-486f7833dce4","local_time":"20190319135900","is_ascension_mode":true,"campfire_choices":[{"data":"Zap","floor":6.0,"key":"SMITH"},{"data":"Coolheaded","floor":8.0,"key":"SMITH"},{"data":"Dualcast","floor":10.0,"key":"SMITH"},{"data":"Sunder","floor":15,"key":"SMITH"}],"neow_cost":"TEN_PERCENT_HP_LOSS","seed_source_timestamp":10958985198012,"circlet_count":0,"master_deck":["AscendersBane","Strike_B+1","Defend_B+1","Defend_B","Zap+1","Dualcast+1","Ball Lightning","Coolheaded+1","Sunder+1","Capacitor","Echo Form"],"special_seed":0,"relics":["Cracked Core","Oddly Smooth Stone","Pantograph","Velvet Choker","Membership Card"],"potions_floor_usage":[12,16],"damage_taken":[{"damage":3.0,"enemies":"Small Slimes","floor":1.0,"turns":8.0},{"damage":1.0,"enemies":"Cultist","floor":3.0,"turns":3.0},{"damage":5.0,"enemies":"2 Louse","floor":5.0,"turns":2.0},{"damage":17.0,"enemies":"Lagavulin","floor":7.0,"turns":7.0},{"damage":0,"enemies":"Exordium Thugs","floor":12,"turns":5},{"damage":1,"enemies":"Large Slime","floor":14,"turns":5},{"damage":16,"enemies":"Slime Boss","floor":16,"turns":6},{"damage":12,"enemies":"3 Byrds","floor":18,"turns":4},{"damage":2,"enemies":"2 Thieves","floor":19,"turns":4},{"damage":39,"enemies":"Book of Stabbing","floor":23,"turns":3}],"seed_played":"-4196623891450201875","potions_obtained":[{"floor":5.0,"key":"Fire Potion"},{"floor":7.0,"key":"Weak Potion"},{"floor":18,"key":"GamblersBrew"}],"is_trial":false,"path_per_floor":["M","?","M","?","M","R","E","R","T","R","?","M","$","M","R","B",null,"M","M","$","?","?","E"],"character_chosen":"DEFECT","items_purchased":["Membership Card"],"campfire_rested":0,"item_purchase_floors":[20],"current_hp_per_floor":[61,55,54,35,30,30,13,13,13,13,13,13,13,12,12,21,53,41,39,39,39,39,0],"gold":0,"neow_bonus":"REMOVE_TWO","is_prod":false,"is_daily":false,"chose_seed":false,"campfire_upgraded":4,"win_rate":0,"timestamp":1552975140,"path_taken":["M","?","?","?","M","R","E","R","T","R","?","M","$","M","R","BOSS","M","M","$","?","?","E"],"build_version":"2019-01-23","purchased_purges":2,"victory":false,"max_hp_per_floor":[64,64,64,64,64,64,64,64,64,64,64,64,64,64,64,64,64,64,64,64,64,64,64],"card_choices":[{"not_picked":["Steam","Go for the Eyes","Leap"],"picked":"SKIP","floor":1.0},{"not_picked":["Leap","Sweeping Beam"],"picked":"Ball Lightning","floor":3.0},{"not_picked":["Compile Driver","Leap","Steam"],"picked":"SKIP","floor":5.0},{"not_picked":["Ball Lightning","Redo"],"picked":"Coolheaded","floor":7.0},{"not_picked":["Streamline","Barrage"],"picked":"Sunder","floor":12},{"not_picked":["Stack","Rebound"],"picked":"Capacitor","floor":14},{"not_picked":["Machine Learning","Fission"],"picked":"Echo Form","floor":16},{"not_picked":["Gash","Redo","Barrage"],"picked":"SKIP","floor":18},{"not_picked":["Compile Driver","Sweeping Beam","Conserve Battery"],"picked":"SKIP","floor":19}],"player_experience":3716362,"relics_obtained":[{"floor":7.0,"key":"Oddly Smooth Stone"},{"floor":9.0,"key":"Pantograph"}],"event_choices":[{"damage_healed":0.0,"max_hp_gain":0.0,"max_hp_loss":0.0,"gold_gain":50.0,"event_name":"FaceTrader","player_choice":"Touch","floor":2.0,"gold_loss":0.0,"damage_taken":6.0},{"damage_healed":0.0,"max_hp_gain":0.0,"max_hp_loss":0.0,"gold_gain":0.0,"event_name":"Shining Light","player_choice":"Entered Light","floor":4.0,"gold_loss":0.0,"damage_taken":19.0,"cards_upgraded":["Strike_B","Defend_B"]},{"cards_removed":["Defend_B"],"damage_healed":0.0,"max_hp_gain":0.0,"max_hp_loss":0.0,"gold_gain":0.0,"event_name":"Bonfire Elementals","player_choice":"Offered Basic","floor":11.0,"gold_loss":0.0,"damage_taken":0.0},{"damage_healed":0,"gold_gain":0,"player_choice":"Ignored","damage_taken":0,"max_hp_gain":0,"max_hp_loss":0,"event_name":"The Mausoleum","floor":21,"gold_loss":0},{"damage_healed":0,"gold_gain":0,"player_choice":"Ignored","damage_taken":0,"max_hp_gain":0,"max_hp_loss":0,"event_name":"Beggar","floor":22,"gold_loss":0}],"is_beta":false,"boss_relics":[{"not_picked":["Busted Crown","Black Star"],"picked":"Velvet Choker"}],"items_purged_floors":[13,20],"is_endless":false,"potions_floor_spawned":[5,7,18],"killed_by":"Book of Stabbing","ascension_level":20}