{"gold_per_floor":[214,44,63,63,74,104,104,116,116,17,17,47,47,17,17,96,96,106,106,118,0,0,0,0,0],"floor_reached":25,"playtime":853,"items_purged":["Strike_G"],"score":498,"play_id":"fb3c175d-6bda-42b1-a3f1-df5133bb248a","local_time":"20190317134934","is_ascension_mode":true,"campfire_choices":[{"floor":7.0,"key":"REST"},{"data":"Footwork","floor":11.0,"key":"SMITH"},{"data":"Backflip","floor":13.0,"key":"SMITH"},{"data":"Bouncing Flask","floor":15.0,"key":"SMITH"},{"data":"Impatience","floor":23,"key":"SMITH"}],"neow_cost":"NONE","seed_source_timestamp":302544070284246,"circlet_count":0,"master_deck":["AscendersBane","Defend_G","Defend_G","Defend_G","Defend_G","Defend_G","Strike_G","Strike_G","Strike_G","Strike_G","Survivor","Neutralize","Masterful Stab","Deadly Poison","Impatience+1","Backflip+1","Well Laid Plans","Acrobatics","Footwork+1","Dagger Spray","Bouncing Flask+1","Grand Finale"],"special_seed":0,"relics":["Ring of the Snake","Bottled Flame","Singing Bowl","Runic Dome","Tough Bandages"],"potions_floor_usage":[],"damage_taken":[{"damage":3.0,"enemies":"Cultist","floor":1.0,"turns":5.0},{"damage":0.0,"enemies":"2 Louse","floor":3.0,"turns":3.0},{"damage":4.0,"enemies":"Jaw Worm","floor":5.0,"turns":4.0},{"damage":56.0,"enemies":"Gremlin Nob","floor":6.0,"turns":5.0},{"damage":2.0,"enemies":"Exordium Wildlife","floor":8.0,"turns":5.0},{"damage":13.0,"enemies":"Exordium Thugs","floor":14.0,"turns":4.0},{"damage":0.0,"enemies":"The Guardian","floor":16.0,"turns":11.0},{"damage":17.0,"enemies":"Shell Parasite","floor":18.0,"turns":8.0},{"damage":22.0,"enemies":"Spheric Guardian","floor":20.0,"turns":5.0},{"damage":20,"enemies":"Slavers","floor":25,"turns":2}],"seed_played":"-4855082357995775571","potions_obtained":[{"floor":8.0,"key":"LiquidBronze"},{"floor":14.0,"key":"Strength Potion"},{"floor":16.0,"key":"Dexterity Potion"}],"is_trial":false,"path_per_floor":["M","$","M","?","M","E","R","M","T","$","R","?","R","M","R","B",null,"M","?","M","?","$","R","$","E"],"character_chosen":"THE_SILENT","items_purchased":["Deadly Poison","Impatience","Backflip","Dagger Spray"],"campfire_rested":1,"item_purchase_floors":[2,2,2,10],"current_hp_per_floor":[56,56,56,61,57,1,22,20,20,20,20,20,20,7,7,7,55,40,40,20,20,20,20,20,0],"gold":0,"neow_bonus":"HUNDRED_GOLD","is_prod":false,"is_daily":false,"chose_seed":false,"campfire_upgraded":4,"win_rate":0,"timestamp":1552798174,"path_taken":["M","$","?","?","M","E","R","M","T","$","R","?","R","?","R","BOSS","M","?","?","?","$","R","$","E"],"build_version":"2019-01-23","purchased_purges":1,"victory":false,"max_hp_per_floor":[66,66,66,71,71,71,71,71,71,71,71,71,71,71,71,71,71,73,73,75,75,75,75,75,75],"card_choices":[{"not_picked":["Prepared","Dagger Throw"],"picked":"Masterful Stab","floor":1.0},{"not_picked":["Cloak And Dagger","Masterful Stab"],"picked":"Well Laid Plans","floor":3.0},{"not_picked":["Poisoned Stab","Eviscerate","Distraction"],"picked":"SKIP","floor":5.0},{"not_picked":["Riddle With Holes","Crippling Poison"],"picked":"Acrobatics","floor":6.0},{"not_picked":["Leg Sweep","Masterful Stab"],"picked":"Footwork","floor":8.0},{"not_picked":["Cloak And Dagger","Concentrate"],"picked":"Bouncing Flask","floor":14.0},{"not_picked":["Night Terror","Envenom"],"picked":"Grand Finale","floor":16.0},{"not_picked":["Masterful Stab","Quick Slash","Backstab"],"picked":"Singing Bowl","floor":18.0},{"not_picked":["Dagger Spray","Poisoned Stab","Eviscerate+1"],"picked":"Singing Bowl","floor":20.0}],"player_experience":132572,"relics_obtained":[{"floor":6.0,"key":"Bottled Flame"},{"floor":9.0,"key":"Singing Bowl"}],"event_choices":[{"damage_healed":0.0,"max_hp_gain":5.0,"max_hp_loss":0.0,"gold_gain":0.0,"event_name":"Big Fish","player_choice":"Donut","floor":4.0,"gold_loss":0.0,"damage_taken":0.0},{"damage_healed":0.0,"max_hp_gain":0.0,"max_hp_loss":0.0,"gold_gain":30.0,"event_name":"Dead Adventurer","player_choice":"Searched \u00272\u0027 times","floor":12.0,"gold_loss":0.0,"damage_taken":0.0},{"damage_healed":0.0,"max_hp_gain":0.0,"max_hp_loss":0.0,"gold_gain":0.0,"event_name":"WeMeetAgain","player_choice":"Gave Potion","floor":19.0,"gold_loss":0.0,"damage_taken":0.0,"relics_obtained":["Tough Bandages"]},{"damage_healed":0,"gold_gain":0,"player_choice":"Paid Fearfully","damage_taken":0,"max_hp_gain":0,"max_hp_loss":0,"event_name":"Masked Bandits","floor":21,"gold_loss":118}],"is_beta":false,"boss_relics":[{"not_picked":["Lizard Tail","Black Star"],"picked":"Runic Dome"}],"items_purged_floors":[10],"is_endless":false,"potions_floor_spawned":[8,14,16],"killed_by":"Slavers","ascension_level":20}