{"gold_per_floor":[110,128,128,147,161,161,171,200,200,200,232,71,71],"floor_reached":13,"playtime":382,"items_purged":["Strike_R"],"score":190,"play_id":"e72453cf-be9c-4f56-ba4d-66b7dc10a067","local_time":"20190413174224","is_ascension_mode":true,"campfire_choices":[{"data":"Bash","floor":6.0,"key":"SMITH"},{"data":"True Grit","floor":10,"key":"SMITH"}],"neow_cost":"NONE","seed_source_timestamp":21161559144500,"circlet_count":0,"master_deck":["AscendersBane","Strike_R","Strike_R","Strike_R","Strike_R","Defend_R","Defend_R","Defend_R","Defend_R","Bash+1","Offering","Evolve","Dropkick","True Grit+1","Exhume","Shrug It Off","Corruption+1","Power Through"],"special_seed":0,"relics":["Burning Blood","Frozen Egg 2","Oddly Smooth Stone"],"potions_floor_usage":[8],"damage_taken":[{"damage":10.0,"enemies":"2 Louse","floor":1.0,"turns":3.0},{"damage":2.0,"enemies":"Cultist","floor":2.0,"turns":4.0},{"damage":6.0,"enemies":"Small Slimes","floor":4.0,"turns":5.0},{"damage":13.0,"enemies":"Red Slaver","floor":5.0,"turns":5.0},{"damage":7.0,"enemies":"Looter","floor":7.0,"turns":3.0},{"damage":34,"enemies":"Gremlin Nob","floor":8,"turns":3},{"damage":22,"enemies":"Lagavulin","floor":11,"turns":6},{"damage":12,"enemies":"Lots of Slimes","floor":13,"turns":2}],"seed_played":"8287940909247038613","potions_obtained":[{"floor":2.0,"key":"Swift Potion"},{"floor":3.0,"key":"PowerPotion"},{"floor":11,"key":"LiquidBronze"}],"is_trial":false,"path_per_floor":["M","M","?","M","M","R","M","E","T","R","E","$","M"],"character_chosen":"IRONCLAD","items_purchased":["Power Through"],"campfire_rested":0,"item_purchase_floors":[12],"current_hp_per_floor":[64,68,68,68,61,61,60,32,32,32,16,16,4],"gold":71,"neow_bonus":"ONE_RANDOM_RARE_CARD","is_prod":false,"is_daily":false,"chose_seed":false,"campfire_upgraded":2,"win_rate":0,"timestamp":1555148544,"path_taken":["M","M","?","M","M","R","?","E","T","R","E","$","M"],"build_version":"2019-01-23","purchased_purges":1,"victory":false,"max_hp_per_floor":[75,75,75,75,75,75,75,75,75,75,75,75,75],"card_choices":[{"not_picked":["Anger","Armaments"],"picked":"Evolve","floor":1.0},{"not_picked":["True Grit","Perfected Strike"],"picked":"Dropkick","floor":2.0},{"not_picked":["Clothesline","Thunderclap"],"picked":"True Grit","floor":4.0},{"not_picked":["Wild Strike","Sword Boomerang"],"picked":"Exhume","floor":5.0},{"not_picked":["Clothesline","Havoc"],"picked":"Shrug It Off","floor":7.0},{"not_picked":["True Grit","Thunderclap"],"picked":"Corruption","floor":8},{"not_picked":["Entrench","Thunderclap","Clothesline"],"picked":"SKIP","floor":11}],"player_experience":4251876,"relics_obtained":[{"floor":8,"key":"Frozen Egg 2"},{"floor":11,"key":"Oddly Smooth Stone"}],"event_choices":[{"damage_healed":0.0,"max_hp_gain":0.0,"max_hp_loss":0.0,"gold_gain":0.0,"event_name":"Lab","player_choice":"Got Potions","floor":3.0,"gold_loss":0.0,"damage_taken":0.0}],"is_beta":false,"boss_relics":[],"items_purged_floors":[12],"is_endless":false,"potions_floor_spawned":[2,4,11],"killed_by":"Lots of Slimes","ascension_level":20}