{"gold_per_floor":[218,7,31,106,122,122,152,152,222,222,53,85,102,128,128,204,204,217,267,54,73,73,73,73],"floor_reached":24,"playtime":1191,"items_purged":["Strike_R"],"score":420,"play_id":"d9cdc2b4-d7e1-4d42-80d7-3eb7fb05c6af","local_time":"20190712195640","is_ascension_mode":true,"campfire_choices":[{"data":"Bash","floor":6,"key":"SMITH"},{"floor":8,"key":"REST"},{"floor":15,"key":"REST"},{"data":"Demon Form","floor":23,"key":"SMITH"}],"neow_cost":"NONE","seed_source_timestamp":252700286122979,"circlet_count":0,"master_deck":["AscendersBane","Strike_R","Strike_R","Defend_R","Defend_R","Defend_R","Defend_R","Bash+1","Thunderclap","Feel No Pain","Twin Strike","Clothesline","Demon Form+1","Bludgeon","Shrug It Off","Heavy Blade+1","Battle Trance","Clash"],"relics":["Burning Blood","Regal Pillow","Gremlin Horn","Kunai","Red Skull","WingedGreaves","Dream Catcher","Coffee Dripper","Orichalcum"],"potions_floor_usage":[7,14,24],"damage_taken":[{"damage":7,"enemies":"Cultist","floor":1,"turns":4},{"damage":4,"enemies":"2 Louse","floor":5,"turns":3},{"damage":51,"enemies":"Lagavulin","floor":7,"turns":9},{"damage":26,"enemies":"Gremlin Nob","floor":12,"turns":4},{"damage":4,"enemies":"Jaw Worm","floor":13,"turns":3},{"damage":20,"enemies":"Lagavulin","floor":14,"turns":3},{"damage":40,"enemies":"Slime Boss","floor":16,"turns":8},{"damage":40,"enemies":"3 Byrds","floor":18,"turns":6},{"damage":5,"enemies":"Spheric Guardian","floor":21,"turns":3},{"damage":30,"enemies":"Book of Stabbing","floor":24,"turns":4}],"seed_played":"-733677197078885129","potions_obtained":[{"floor":5,"key":"Dexterity Potion"},{"floor":12,"key":"AttackPotion"},{"floor":18,"key":"Block Potion"}],"is_trial":false,"path_per_floor":["M","$","T","?","M","R","E","R","T","?","$","E","M","E","R","B",null,"M","?","$","M","?","R","E"],"character_chosen":"IRONCLAD","items_purchased":["Feel No Pain","Twin Strike","Red Skull","Shrug It Off","Orichalcum"],"campfire_rested":2,"item_purchase_floors":[2,2,11,20,20],"current_hp_per_floor":[67,67,67,56,58,58,13,50,50,50,50,30,32,18,55,21,62,28,28,28,29,29,29,0],"gold":73,"neow_bonus":"HUNDRED_GOLD","is_prod":false,"is_daily":false,"chose_seed":false,"campfire_upgraded":2,"win_rate":0,"timestamp":1562954200,"path_taken":["M","$","?","?","M","R","E","R","T","?","$","E","?","E","R","BOSS","M","?","$","M","?","R","E"],"build_version":"2019-07-05","purchased_purges":1,"victory":false,"max_hp_per_floor":[75,75,75,75,75,75,75,75,75,75,75,75,75,75,75,75,75,75,75,75,75,75,75,75],"card_choices":[{"not_picked":["Entrench","Sever Soul"],"picked":"Thunderclap","floor":1},{"not_picked":["Armaments","Shrug It Off"],"picked":"Clothesline","floor":5},{"not_picked":["Uppercut","Infernal Blade","Wild Strike"],"picked":"SKIP","floor":7},{"not_picked":["Carnage","Burning Pact","True Grit"],"picked":"SKIP","floor":12},{"not_picked":["Clothesline","Havoc","Heavy Blade"],"picked":"SKIP","floor":13},{"not_picked":["Heavy Blade","Twin Strike"],"picked":"Demon Form","floor":14},{"not_picked":["Demon Form","Exhume"],"picked":"Bludgeon","floor":16},{"not_picked":["Twin Strike+1","Havoc","Combust"],"picked":"SKIP","floor":18},{"not_picked":["Sever Soul","Twin Strike"],"picked":"Heavy Blade+1","floor":21}],"player_experience":690813,"relics_obtained":[{"floor":3,"key":"Regal Pillow"},{"floor":7,"key":"Gremlin Horn"},{"floor":9,"key":"Kunai"},{"floor":12,"key":"WingedGreaves"},{"floor":14,"key":"Dream Catcher"}],"event_choices":[{"damage_healed":0,"gold_gain":75,"player_choice":"Gather Gold","damage_taken":11,"max_hp_gain":0,"max_hp_loss":0,"event_name":"World of Goop","floor":4,"gold_loss":0},{"damage_healed":0,"gold_gain":0,"cards_transformed":["Strike_R"],"player_choice":"Change","damage_taken":0,"max_hp_gain":0,"max_hp_loss":0,"event_name":"Living Wall","floor":10,"gold_loss":0,"cards_obtained":["Fire Breathing"]},{"damage_healed":0,"gold_gain":50,"player_choice":"Stole From Cult","damage_taken":0,"max_hp_gain":0,"max_hp_loss":0,"event_name":"Nest","floor":19,"gold_loss":0},{"damage_healed":0,"gold_gain":0,"cards_transformed":["Fire Breathing","Strike_R"],"player_choice":"Became Test Subject","damage_taken":0,"max_hp_gain":0,"max_hp_loss":0,"event_name":"Drug Dealer","floor":22,"gold_loss":0,"cards_obtained":["Battle Trance","Clash"]}],"is_beta":false,"boss_relics":[{"not_picked":["Pandora\u0027s Box","Runic Dome"],"picked":"Coffee Dripper"}],"items_purged_floors":[2],"is_endless":false,"potions_floor_spawned":[5,12,18],"killed_by":"Book of Stabbing","ascension_level":20}