{"gold_per_floor":[119,44,44,44,61,61,26,41,66,66,66,66,84,115,115,188,188,200,100,100,100,25,50,50,79,157,157,169,180,191,208,208,208],"floor_reached":33,"playtime":1076,"items_purged":["Strike_G","Strike_G"],"score":566,"play_id":"b3bed34f-74fc-4b69-a204-5cd8e6e5f001","local_time":"20190214214316","is_ascension_mode":true,"campfire_choices":[{"data":"Flechettes","floor":6.0,"key":"SMITH"},{"data":"Dash","floor":10.0,"key":"SMITH"},{"data":"Footwork","floor":12.0,"key":"SMITH"},{"data":"Calculated Gamble","floor":15.0,"key":"SMITH"},{"data":"Wraith Form v2","floor":24.0,"key":"SMITH"},{"data":"Reflex","floor":27.0,"key":"SMITH"},{"data":"Grand Finale","floor":32.0,"key":"SMITH"}],"neow_cost":"NONE","seed_source_timestamp":45362509728131,"circlet_count":0,"master_deck":["AscendersBane","Defend_G","Defend_G","Defend_G","Defend_G+1","Defend_G","Strike_G","Survivor","Neutralize+1","Footwork+1","Calculated Gamble+1","Flechettes+1","Dash+1","Wraith Form v2+1","Reflex+1","Grand Finale+1","Leg Sweep","Calculated Gamble","Predator","Setup","Reflex"],"special_seed":0,"relics":["Snecko Eye","Lantern","Dream Catcher","Philosopher\u0027s Stone","Mercury Hourglass","The Specimen","Sundial"],"potions_floor_usage":[33,33],"damage_taken":[{"damage":6.0,"enemies":"Jaw Worm","floor":1.0,"turns":6.0},{"damage":1.0,"enemies":"2 Louse","floor":5.0,"turns":4.0},{"damage":0.0,"enemies":"Small Slimes","floor":8.0,"turns":4.0},{"damage":0.0,"enemies":"Blue Slaver","floor":13.0,"turns":2.0},{"damage":1.0,"enemies":"Lagavulin","floor":14.0,"turns":5.0},{"damage":30.0,"enemies":"The Guardian","floor":16.0,"turns":12.0},{"damage":2.0,"enemies":"Chosen","floor":18.0,"turns":5.0},{"damage":11.0,"enemies":"Book of Stabbing","floor":23.0,"turns":5.0},{"damage":9.0,"enemies":"Slavers","floor":25.0,"turns":4.0},{"damage":0.0,"enemies":"Spheric Guardian","floor":28.0,"turns":4.0},{"damage":8.0,"enemies":"Shelled Parasite and Fungi","floor":29.0,"turns":5.0},{"damage":0.0,"enemies":"Snecko","floor":30.0,"turns":4.0},{"damage":1.0,"enemies":"Chosen and Byrds","floor":31.0,"turns":3.0},{"damage":30,"enemies":"Collector","floor":33,"turns":9}],"seed_played":"1979684014596000564","potions_obtained":[{"floor":5.0,"key":"Energy Potion"},{"floor":13.0,"key":"PowerPotion"},{"floor":29.0,"key":"Ancient Potion"},{"floor":30.0,"key":"Block Potion"}],"is_trial":false,"path_per_floor":["M","$","?","?","M","R","?","M","T","R","$","R","M","E","R","B",null,"M","$","?","?","?","E","R","E","T","R","M","M","M","M","R","B"],"character_chosen":"THE_SILENT","items_purchased":[],"campfire_rested":0,"item_purchase_floors":[],"current_hp_per_floor":[53,53,33,33,32,32,48,48,48,48,48,48,48,47,47,17,54,52,52,52,52,52,41,41,32,32,32,32,24,24,23,23,0],"gold":208,"neow_bonus":"BOSS_RELIC","is_prod":false,"is_daily":false,"chose_seed":false,"campfire_upgraded":7,"win_rate":0,"timestamp":1550151796,"path_taken":["M","$","?","?","M","R","?","M","T","R","?","R","M","E","R","BOSS","M","$","?","?","?","E","R","E","T","R","M","?","?","M","R","BOSS"],"build_version":"2019-01-23","purchased_purges":2,"victory":false,"max_hp_per_floor":[66,66,66,66,66,66,66,66,66,66,66,66,66,66,66,66,66,66,66,66,66,66,66,66,66,66,66,66,66,66,66,66,66],"card_choices":[{"not_picked":["Deflect","Bane"],"picked":"Footwork","floor":1.0},{"not_picked":["Footwork","Sucker Punch"],"picked":"Flechettes","floor":5.0},{"not_picked":["Deflect","Acrobatics"],"picked":"Dash","floor":8.0},{"not_picked":["Accuracy","Heel Hook","Deadly Poison"],"picked":"SKIP","floor":13.0},{"not_picked":["Deflect","Flying Knee","Backstab"],"picked":"SKIP","floor":14.0},{"not_picked":["Malaise","Envenom"],"picked":"Wraith Form v2","floor":16.0},{"not_picked":["Underhanded Strike","Flying Knee"],"picked":"Reflex","floor":18.0},{"not_picked":["Bane","PiercingWail"],"picked":"Grand Finale","floor":23.0},{"not_picked":["Caltrops","Dodge and Roll"],"picked":"Leg Sweep","floor":25.0},{"not_picked":["Poisoned Stab","Dodge and Roll"],"picked":"Calculated Gamble","floor":28.0},{"not_picked":["Predator","Skewer","Catalyst+1"],"picked":"SKIP","floor":29.0},{"not_picked":["Skewer","Catalyst+1"],"picked":"Predator","floor":29.0},{"not_picked":["Masterful Stab+1","Setup","Sucker Punch+1"],"picked":"SKIP","floor":30.0},{"not_picked":["Masterful Stab+1","Sucker Punch+1"],"picked":"Setup","floor":30.0},{"not_picked":["Dodge and Roll","Bane"],"picked":"Reflex","floor":31.0}],"player_experience":2743469,"relics_obtained":[{"floor":9.0,"key":"Lantern"},{"floor":14.0,"key":"Dream Catcher"},{"floor":23.0,"key":"Mercury Hourglass"},{"floor":25.0,"key":"The Specimen"},{"floor":26.0,"key":"Sundial"}],"event_choices":[{"damage_healed":0.0,"max_hp_gain":0.0,"max_hp_loss":0.0,"gold_gain":0.0,"event_name":"Shining Light","player_choice":"Entered Light","floor":3.0,"gold_loss":0.0,"damage_taken":20.0,"cards_upgraded":["Neutralize","Defend_G"]},{"damage_healed":0.0,"max_hp_gain":0.0,"max_hp_loss":0.0,"gold_gain":0.0,"cards_transformed":["Strike_G"],"event_name":"Living Wall","player_choice":"Change","floor":4.0,"gold_loss":0.0,"damage_taken":0.0,"cards_obtained":["Calculated Gamble"]},{"damage_healed":16.0,"max_hp_gain":0.0,"max_hp_loss":0.0,"gold_gain":0.0,"event_name":"The Cleric","player_choice":"Healed","floor":7.0,"gold_loss":35.0,"damage_taken":0.0},{"damage_healed":0.0,"max_hp_gain":0.0,"max_hp_loss":0.0,"gold_gain":0.0,"event_name":"Ghosts","player_choice":"Ignored","floor":20.0,"gold_loss":0.0,"damage_taken":0.0},{"damage_healed":0.0,"max_hp_gain":0.0,"max_hp_loss":0.0,"gold_gain":0.0,"event_name":"Vampires","player_choice":"Ignored","floor":21.0,"gold_loss":0.0,"damage_taken":0.0},{"cards_removed":["Strike_G"],"damage_healed":0.0,"max_hp_gain":0.0,"max_hp_loss":0.0,"gold_gain":0.0,"event_name":"Beggar","player_choice":"Gave Gold","floor":22.0,"gold_loss":75.0,"damage_taken":0.0}],"is_beta":false,"boss_relics":[{"not_picked":["Fusion Hammer","Empty Cage"],"picked":"Philosopher\u0027s Stone"}],"items_purged_floors":[2,19],"is_endless":false,"potions_floor_spawned":[5,13,14,18,29,30],"killed_by":"Collector","ascension_level":20}