{"gold_per_floor":[113,38,51,66,81,81,92,92,92,24,34,49,49,49,49,123,123,137,137,137,151,151,151,177,177,200,212,222,147,227,241,241,319,319,332,607,627,378,391,391,114,126,126,126,161,180,208,308,308,308,308,308,57,83,83],"floor_reached":56,"playtime":2838,"items_purged":["Blizzard","Regret"],"score":2065,"play_id":"ece23f4d-2ef9-49aa-81bc-3fb86b8d858f","local_time":"20190304194107","is_ascension_mode":true,"campfire_choices":[{"data":"Zap","floor":6,"key":"SMITH"},{"data":"Streamline","floor":8,"key":"SMITH"},{"data":"Dualcast","floor":13,"key":"SMITH"},{"data":"Recycle","floor":15,"key":"SMITH"},{"data":"Turbo","floor":23,"key":"SMITH"},{"data":"Hologram","floor":32,"key":"SMITH"},{"data":"Thunder Strike","floor":40,"key":"SMITH"},{"floor":49,"key":"RECALL"},{"data":"Heatsinks","floor":52,"key":"SMITH"}],"neow_cost":"PERCENT_DAMAGE","seed_source_timestamp":173546031627386,"circlet_count":0,"master_deck":["AscendersBane","Zap+1","Force Field","Echo Form","Heatsinks+1","Streamline+1","Self Repair","Turbo+1","Loop+1","Recycle+1","Buffer+1","Loop+1","Skim+1","Amplify+1","Hologram+1","Doom and Gloom","Go for the Eyes","Loop+1","Buffer+1","Skim","Thunder Strike+1","Defragment+1","Capacitor+1","Undo","Creative AI+1","Conserve Battery"],"relics":["Cracked Core","Frozen Egg 2","Astrolabe","Anchor","Pantograph","Coffee Dripper","OrangePellets","Juzu Bracelet","Kunai","Lantern","Mango","Medical Kit","Blue Candle"],"potions_floor_usage":[16,21,55],"damage_taken":[{"damage":14,"enemies":"Jaw Worm","floor":1,"turns":4},{"damage":0,"enemies":"2 Louse","floor":3,"turns":2},{"damage":0,"enemies":"Cultist","floor":4,"turns":4},{"damage":12,"enemies":"Looter","floor":5,"turns":3},{"damage":13,"enemies":"Exordium Wildlife","floor":7,"turns":5},{"damage":18,"enemies":"Large Slime","floor":11,"turns":4},{"damage":10,"enemies":"Gremlin Gang","floor":12,"turns":5},{"damage":19,"enemies":"Hexaghost","floor":16,"turns":9},{"damage":4,"enemies":"Shell Parasite","floor":18,"turns":6},{"damage":17,"enemies":"2 Thieves","floor":21,"turns":5},{"damage":30,"enemies":"Gremlin Leader","floor":24,"turns":6},{"damage":11,"enemies":"Snake Plant","floor":27,"turns":4},{"damage":1,"enemies":"Centurion and Healer","floor":28,"turns":5},{"damage":16,"enemies":"Shelled Parasite and Fungi","floor":31,"turns":5},{"damage":29,"enemies":"Collector","floor":33,"turns":7},{"damage":52,"enemies":"3 Shapes","floor":35,"turns":4},{"damage":0,"enemies":"Orb Walker","floor":37,"turns":5},{"damage":0,"enemies":"4 Shapes","floor":39,"turns":8},{"damage":0,"enemies":"Sphere and 2 Shapes","floor":42,"turns":4},{"damage":33,"enemies":"Nemesis","floor":45,"turns":5},{"damage":8,"enemies":"Spire Growth","floor":46,"turns":4},{"damage":0,"enemies":"Giant Head","floor":47,"turns":5},{"damage":0,"enemies":"Mind Bloom Boss Battle","floor":48,"turns":5},{"damage":76,"enemies":"Time Eater","floor":50,"turns":8},{"damage":0,"enemies":"Shield and Spear","floor":54,"turns":5},{"damage":40,"enemies":"The Heart","floor":55,"turns":10}],"seed_played":"8833786246690710154","potions_obtained":[{"floor":1,"key":"SpeedPotion"},{"floor":4,"key":"Weak Potion"},{"floor":16,"key":"Fire Potion"},{"floor":21,"key":"FearPotion"}],"is_trial":false,"path_per_floor":["M","?","M","M","M","R","M","R","T","$","M","M","R","?","R","B",null,"M","?","?","M","?","R","E","?","T","M","M","$","T","M","R","B",null,"M","?","M","$","M","R","$","M","T","?","E","M","E","?","R","B",null,"R","$","E","B",null],"character_chosen":"DEFECT","items_purchased":["Loop+1","Thunder Strike","Defragment+1","OrangePellets","Medical Kit","Conserve Battery"],"campfire_rested":0,"item_purchase_floors":[10,38,41,41,53,53],"current_hp_per_floor":[32,32,32,32,27,27,28,28,28,28,24,28,28,33,33,28,64,67,45,45,42,42,42,26,26,26,29,42,42,42,33,33,36,70,32,32,46,46,60,60,60,67,67,67,48,54,61,91,91,29,76,76,76,90,58],"gold":83,"neow_bonus":"TRANSFORM_TWO_CARDS","is_prod":false,"is_daily":false,"chose_seed":false,"campfire_upgraded":8,"win_rate":0,"timestamp":1551699667,"path_taken":["M","?","M","M","M","R","M","R","T","$","M","M","R","?","R","BOSS","M","?","?","?","?","R","E","?","T","M","M","$","?","M","R","BOSS","M","?","?","$","M","R","$","M","T","?","E","M","E","?","R","BOSS","R","$","E","BOSS"],"build_version":"2019-01-23","purchased_purges":2,"victory":true,"max_hp_per_floor":[71,71,71,71,71,71,71,71,71,71,71,71,71,76,76,76,76,76,81,81,81,81,81,81,81,81,81,81,81,81,81,81,81,81,81,81,81,81,81,81,81,81,81,77,77,77,77,91,91,91,91,91,91,91,91],"card_choices":[{"not_picked":["Chaos","Conserve Battery"],"picked":"Heatsinks","floor":1},{"not_picked":["Barrage","Auto Shields"],"picked":"Streamline","floor":3},{"not_picked":["Rip and Tear","Reprogram"],"picked":"Self Repair","floor":4},{"not_picked":["Sweeping Beam","Self Repair"],"picked":"Turbo","floor":5},{"not_picked":["FTL","Turbo","Sweeping Beam"],"picked":"SKIP","floor":7},{"not_picked":["Hologram","Steam"],"picked":"Recycle","floor":11},{"not_picked":["Conserve Battery","Sweeping Beam"],"picked":"Blizzard","floor":12},{"not_picked":["Amplify","Fission"],"picked":"Buffer+1","floor":16},{"not_picked":["BootSequence","Compile Driver","Sunder"],"picked":"SKIP","floor":18},{"not_picked":["FTL","Conserve Battery","Redo"],"picked":"SKIP","floor":21},{"not_picked":["Reprogram","Compile Driver"],"picked":"Hologram","floor":24},{"not_picked":["Lockon","Conserve Battery","Reprogram"],"picked":"SKIP","floor":27},{"not_picked":["Conserve Battery","Turbo"],"picked":"Loop+1","floor":28},{"not_picked":["Rainbow","Redo","Barrage"],"picked":"SKIP","floor":31},{"not_picked":["Electrodynamics+1","Thunder Strike"],"picked":"Buffer+1","floor":33},{"not_picked":["Reinforced Body","Hello World+1"],"picked":"Skim","floor":35},{"not_picked":["Compile Driver","Streamline+1","Gash"],"picked":"SKIP","floor":37},{"not_picked":["Aggregate","Go for the Eyes","Gash"],"picked":"SKIP","floor":39},{"not_picked":["Machine Learning+1","Turbo"],"picked":"Capacitor+1","floor":42},{"not_picked":["Static Discharge+1","Ball Lightning"],"picked":"Undo","floor":45},{"not_picked":["Genetic Algorithm","Skim","Rebound+1"],"picked":"SKIP","floor":46},{"not_picked":["Sweeping Beam","Hologram"],"picked":"Creative AI+1","floor":47},{"not_picked":["Scrape","Darkness","Leap"],"picked":"SKIP","floor":54}],"player_experience":1113713,"relics_obtained":[{"floor":9,"key":"Frozen Egg 2"},{"floor":24,"key":"Anchor"},{"floor":30,"key":"Pantograph"},{"floor":43,"key":"Juzu Bracelet"},{"floor":45,"key":"Kunai"},{"floor":47,"key":"Lantern"},{"floor":48,"key":"Mango"},{"floor":54,"key":"Blue Candle"}],"event_choices":[{"cards_removed":["Strike_B"],"damage_healed":0,"gold_gain":0,"player_choice":"Card Removal","damage_taken":0,"max_hp_gain":0,"max_hp_loss":0,"event_name":"The Cleric","floor":2,"gold_loss":75},{"damage_healed":0,"gold_gain":0,"player_choice":"Donut","damage_taken":0,"max_hp_gain":5,"max_hp_loss":0,"event_name":"Big Fish","floor":14,"gold_loss":0},{"damage_healed":0,"gold_gain":0,"player_choice":"Shed Blood","damage_taken":27,"max_hp_gain":5,"max_hp_loss":0,"event_name":"Forgotten Altar","floor":19,"gold_loss":0},{"cards_removed":["Defend_B"],"damage_healed":0,"gold_gain":0,"player_choice":"Offered Basic","damage_taken":0,"max_hp_gain":0,"max_hp_loss":0,"event_name":"Bonfire Elementals","floor":20,"gold_loss":0},{"damage_healed":0,"gold_gain":0,"player_choice":"Ignored","damage_taken":0,"max_hp_gain":0,"max_hp_loss":0,"event_name":"Ghosts","floor":22,"gold_loss":0},{"damage_healed":0,"gold_gain":0,"cards_transformed":["Defend_B","Dualcast"],"player_choice":"Became Test Subject","damage_taken":0,"max_hp_gain":0,"max_hp_loss":0,"event_name":"Drug Dealer","floor":25,"gold_loss":0,"cards_obtained":["Doom and Gloom","Go for the Eyes"]},{"damage_healed":0,"gold_gain":275,"player_choice":"Desecrate","damage_taken":0,"max_hp_gain":0,"max_hp_loss":0,"event_name":"Golden Shrine","floor":36,"gold_loss":0,"cards_obtained":["Regret"]},{"damage_healed":0,"gold_gain":0,"player_choice":"Max HP","damage_taken":0,"max_hp_gain":0,"max_hp_loss":4,"event_name":"Winding Halls","floor":44,"gold_loss":0},{"damage_healed":0,"gold_gain":0,"player_choice":"Fight","damage_taken":0,"max_hp_gain":0,"max_hp_loss":0,"event_name":"MindBloom","floor":48,"gold_loss":0}],"is_beta":false,"boss_relics":[{"not_picked":["Velvet Choker","Sozu"],"picked":"Astrolabe"},{"not_picked":["Empty Cage","Busted Crown"],"picked":"Coffee Dripper"}],"items_purged_floors":[29,38],"is_endless":false,"potions_floor_spawned":[1,4,11,16,18,21,28,37,42,46,47,54],"ascension_level":15}