{"path_per_floor":["M","M","$","M","?","R","E","M","T","R","$","R","E","M","R","B",null,"M","M","M","M","M","R","E","T","T","M","M","R","$","M","R","B",null,"M","?","?","$","?","R","M","E","T","?","M","?","R","M","R","B"],"character_chosen":"THE_SILENT","items_purchased":["Kunai","Endless Agony+1","Letter Opener","Blind","Blur"],"gold_per_floor":[368,378,118,131,131,131,160,172,172,172,133,133,158,175,175,270,270,290,309,329,348,362,362,397,397,422,438,456,456,62,77,77,174,174,190,190,190,118,218,218,229,257,280,280,293,339,339,359,359,359],"floor_reached":51,"campfire_rested":3,"playtime":2714,"item_purchase_floors":[3,11,30,30,38],"current_hp_per_floor":[63,57,57,57,44,44,15,7,7,7,7,25,25,25,25,25,54,54,37,52,32,12,30,16,16,16,11,11,11,11,2,20,17,52,33,23,23,23,23,37,37,44,44,44,26,26,40,40,54,29],"items_purged":["Strike_G"],"gold":359,"score":1173,"play_id":"0a051810-d7cc-43cf-a69e-c45694100324","local_time":"20180604215739","is_prod":false,"is_daily":false,"chose_seed":false,"is_ascension_mode":true,"campfire_upgraded":5,"win_rate":0,"timestamp":1528120659,"campfire_choices":[{"data":"Neutralize","floor":6,"key":"SMITH"},{"data":"Prepared","floor":10,"key":"SMITH"},{"floor":12,"key":"REST"},{"data":"Reflex","floor":15,"key":"SMITH"},{"floor":23,"key":"REST"},{"data":"Tactician","floor":29,"key":"SMITH"},{"floor":32,"key":"REST"},{"data":"Apotheosis","floor":40,"key":"SMITH"},{"floor":47,"key":"DIG"},{"floor":49,"key":"DIG"}],"path_taken":["M","M","$","M","?","R","E","M","T","R","$","R","E","M","R","BOSS","M","M","?","M","M","R","E","?","T","M","?","R","$","M","R","BOSS","M","?","?","$","?","R","M","E","T","?","M","?","R","M","R","BOSS"],"build_version":"2018-05-30v2","seed_source_timestamp":43920972212214,"purchased_purges":1,"victory":true,"master_deck":["Defend_G+1","Defend_G","Defend_G","Defend_G","Defend_G","Strike_G+1","Strike_G","Strike_G","Strike_G","Survivor","Neutralize+1","Backflip","Prepared+1","Unload","Acrobatics","Slice","Endless Agony+1","Reflex+1","Escape Plan","Tactician+1","Finisher+1","Slice+1","Concentrate","Endless Agony+1","Infinite Blades+1","Underhanded Strike+1","Blind","Expertise+1","Storm of Steel","Footwork+1","Flash of Steel+1","Master of Strategy","Apotheosis+1","Blur","Infinite Blades","Burst","Eviscerate+1","Prepared"],"max_hp_per_floor":[63,63,63,63,63,63,63,63,63,63,63,63,63,63,63,63,63,63,63,63,63,63,63,63,63,63,63,63,63,63,63,63,63,63,63,63,63,63,63,63,63,70,70,70,70,70,70,70,70,70],"relics":["Ring of the Snake","Kunai","Paper Crane","Molten Egg 2","Smiling Mask","Black Star","Mummified Hand","Centennial Puzzle","Tingsha","Boot","Letter Opener","Eternal Feather","Strawberry","Vajra","Regal Pillow","Shovel","Thread and Needle","Dream Catcher"],"card_choices":[{"not_picked":["Noxious Fumes","Bane"],"picked":"Backflip","floor":1},{"not_picked":["Underhanded Strike","Deadly Poison"],"picked":"Prepared","floor":2},{"not_picked":["Bouncing Flask","Flechettes"],"picked":"Unload","floor":4},{"not_picked":["Backflip","Accuracy"],"picked":"Acrobatics","floor":7},{"not_picked":["Flying Knee","Noxious Fumes"],"picked":"Slice","floor":8},{"not_picked":["Glass Knife+1","Poisoned Stab+1"],"picked":"Reflex","floor":13},{"not_picked":["Acrobatics","Blur"],"picked":"Escape Plan","floor":14},{"not_picked":["Phantasmal Killer","Tools of the Trade"],"picked":"Tactician","floor":16},{"not_picked":["Cloak And Dagger","Predator+1"],"picked":"Finisher+1","floor":18},{"not_picked":["Dagger Spray+1","Poisoned Stab+1"],"picked":"Slice+1","floor":19},{"not_picked":["Flechettes+1","Dagger Spray+1","Acrobatics"],"picked":"SKIP","floor":20},{"not_picked":["Catalyst","Noxious Fumes","Backflip"],"picked":"SKIP","floor":21},{"not_picked":["Catalyst","Backflip"],"picked":"Noxious Fumes","floor":21},{"not_picked":["Backflip+1","Quick Slash+1"],"picked":"Concentrate","floor":22},{"not_picked":["Caltrops+1","Corpse Explosion+1"],"picked":"Endless Agony+1","floor":24},{"not_picked":["Noxious Fumes","Reflex+1"],"picked":"Infinite Blades+1","floor":27},{"not_picked":["Concentrate+1","Backflip"],"picked":"Underhanded Strike+1","floor":28},{"not_picked":["PiercingWail+1","Dodge and Roll"],"picked":"Expertise+1","floor":31},{"not_picked":["Phantasmal Killer","Envenom"],"picked":"Storm of Steel","floor":33},{"not_picked":["Underhanded Strike+1","Heel Hook+1"],"picked":"Footwork+1","floor":35},{"not_picked":["Secret Weapon","Bandage Up"],"picked":"Flash of Steel+1","floor":36},{"not_picked":["Apotheosis","Enlightenment"],"picked":"Master of Strategy","floor":36},{"not_picked":["Jack Of All Trades","Purity"],"picked":"Apotheosis","floor":36},{"not_picked":["Slice+1","Quick Slash+1"],"picked":"Infinite Blades","floor":41},{"not_picked":["Deflect+1","Underhanded Strike+1"],"picked":"Burst","floor":42},{"not_picked":["Dagger Spray+1","Quick Slash+1","Infinite Blades"],"picked":"SKIP","floor":45},{"not_picked":["Cloak And Dagger","Crippling Poison+1"],"picked":"Eviscerate+1","floor":46},{"not_picked":["Infinite Blades","Dagger Spray+1"],"picked":"Prepared","floor":48}],"player_experience":528230,"potions_floor_usage":[13,13,16,20,24,31,33,33,41,50],"damage_taken":[{"damage":0,"enemies":"2 Louse","floor":1,"turns":3},{"damage":6,"enemies":"Small Slimes","floor":2,"turns":7},{"damage":0,"enemies":"Cultist","floor":4,"turns":4},{"damage":29,"enemies":"Gremlin Nob","floor":7,"turns":5},{"damage":8,"enemies":"Lots of Slimes","floor":8,"turns":6},{"damage":0,"enemies":"3 Sentries","floor":13,"turns":7},{"damage":0,"enemies":"Exordium Thugs","floor":14,"turns":4},{"damage":0,"enemies":"The Guardian","floor":16,"turns":15},{"damage":0,"enemies":"Chosen","floor":18,"turns":6},{"damage":17,"enemies":"Shell Parasite","floor":19,"turns":9},{"damage":0,"enemies":"Centurion and Healer","floor":20,"turns":8},{"damage":20,"enemies":"Chosen and Byrds","floor":21,"turns":10},{"damage":20,"enemies":"Snake Plant","floor":22,"turns":8},{"damage":14,"enemies":"Book of Stabbing","floor":24,"turns":6},{"damage":5,"enemies":"Slaver and Parasite","floor":27,"turns":4},{"damage":0,"enemies":"Cultist and Chosen","floor":28,"turns":4},{"damage":9,"enemies":"Centurion and Healer","floor":31,"turns":5},{"damage":3,"enemies":"Collector","floor":33,"turns":6},{"damage":19,"enemies":"Flame Bruiser 1 Orb","floor":35,"turns":4},{"damage":0,"enemies":"Orb Walker","floor":41,"turns":3},{"damage":0,"enemies":"Giant Head","floor":42,"turns":7},{"damage":18,"enemies":"3 Darklings","floor":45,"turns":5},{"damage":0,"enemies":"…Ò√ÿ‘≤«Ú","floor":46,"turns":2},{"damage":0,"enemies":"Sphere and 2 Shapes","floor":48,"turns":3},{"damage":25,"enemies":"Awakened One","floor":50,"turns":13}],"relics_obtained":[{"floor":7,"key":"Paper Crane"},{"floor":9,"key":"Molten Egg 2"},{"floor":13,"key":"Smiling Mask"},{"floor":24,"key":"Mummified Hand"},{"floor":24,"key":"Centennial Puzzle"},{"floor":25,"key":"Tingsha"},{"floor":26,"key":"Boot"},{"floor":42,"key":"Strawberry"},{"floor":42,"key":"Vajra"},{"floor":43,"key":"Regal Pillow"},{"floor":46,"key":"Shovel"},{"floor":47,"key":"Thread and Needle"},{"floor":49,"key":"Dream Catcher"}],"event_choices":[{"event_name":"Shining Light","player_choice":"Entered Light","floor":5,"damage_taken":0},{"event_name":"SensoryStone","player_choice":"Memory 3","floor":36,"damage_taken":0},{"event_name":"Tomb of Lord Red Mask","player_choice":"Ignored","floor":37,"damage_taken":0},{"event_name":"Golden Shrine","player_choice":"Pray","floor":39,"damage_taken":0},{"event_name":"Mysterious Sphere","player_choice":"Fight","floor":46,"damage_taken":0}],"boss_relics":[{"not_picked":["Calling Bell","Cursed Key"],"picked":"Black Star"},{"not_picked":["White Beast Statue","Snecko Eye"],"picked":"Eternal Feather"}],"items_purged_floors":[30],"potions_floor_spawned":[1,4,14,16,18,19,24,31,35,42],"seed_played":"5529920417339759329","ascension_level":8,"potions_obtained":[{"floor":1,"key":"LiquidBronze"},{"floor":4,"key":"EssenceOfSteel"},{"floor":14,"key":"GamblersBrew"},{"floor":16,"key":"SteroidPotion"},{"floor":18,"key":"Dexterity Potion"},{"floor":19,"key":"Regen Potion"},{"floor":24,"key":"Weak Potion"},{"floor":31,"key":"SkillPotion"},{"floor":35,"key":"Swift Potion"},{"floor":42,"key":"Block Potion"}],"is_trial":false}