{"gold_per_floor":[218,101,111,124,134,166,166,201,201,201,201,231,130,160,160,160],"floor_reached":16,"playtime":691,"items_purged":["Regret"],"score":236,"play_id":"3b7544ea-b9e7-4941-94be-6cc8ec7a7205","local_time":"20190807200446","is_ascension_mode":true,"campfire_choices":[{"data":"Sunder","floor":7,"key":"SMITH"},{"floor":11,"key":"REST"},{"floor":15,"key":"DIG"}],"neow_cost":"NONE","seed_source_timestamp":30785297122954,"circlet_count":0,"master_deck":["AscendersBane","Strike_B","Strike_B","Strike_B","Strike_B","Defend_B","Defend_B","Defend_B","Defend_B","Zap","Dualcast","Rebound","Doom and Gloom","Chill","Static Discharge","Sunder+1","Compile Driver","Cold Snap","Consume"],"relics":["Cracked Core","Centennial Puzzle","Pocketwatch","Unceasing Top","Shovel","Tiny Chest","Bag of Marbles","Omamori"],"potions_floor_usage":[6,8,14,16],"damage_taken":[{"damage":2,"enemies":"Cultist","floor":1,"turns":4},{"damage":2,"enemies":"Jaw Worm","floor":3,"turns":3},{"damage":11,"enemies":"Small Slimes","floor":4,"turns":4},{"damage":9,"enemies":"Blue Slaver","floor":5,"turns":3},{"damage":5,"enemies":"3 Sentries","floor":6,"turns":4},{"damage":9,"enemies":"Gremlin Nob","floor":8,"turns":3},{"damage":12,"enemies":"3 Sentries","floor":14,"turns":4},{"damage":36,"enemies":"Slime Boss","floor":16,"turns":6}],"seed_played":"527503584969567476","potions_obtained":[{"floor":1,"key":"AttackPotion"},{"floor":5,"key":"Block Potion"},{"floor":6,"key":"FearPotion"},{"floor":14,"key":"PowerPotion"}],"is_trial":false,"path_per_floor":["M","$","M","M","M","E","R","E","T","?","R","?","$","E","R","B"],"character_chosen":"DEFECT","items_purchased":["Doom and Gloom","Chill","Cold Snap"],"campfire_rested":1,"item_purchase_floors":[2,2,13],"current_hp_per_floor":[62,62,60,49,40,35,35,26,26,26,47,42,42,30,30,0],"gold":160,"neow_bonus":"HUNDRED_GOLD","is_prod":false,"is_daily":false,"chose_seed":false,"campfire_upgraded":1,"win_rate":0,"timestamp":1565201086,"path_taken":["M","$","M","M","?","E","R","E","T","?","R","?","$","E","R","BOSS"],"build_version":"2019-07-17","purchased_purges":1,"victory":false,"max_hp_per_floor":[71,71,71,71,71,71,71,71,71,71,71,71,71,71,71,71],"card_choices":[{"not_picked":["Reinforced Body","Redo"],"picked":"Rebound","floor":1},{"not_picked":["Hologram","Aggregate"],"picked":"Static Discharge","floor":3},{"not_picked":["Reprogram","Barrage"],"picked":"Sunder","floor":4},{"not_picked":["Stack","White Noise"],"picked":"Compile Driver","floor":5},{"not_picked":["Beam Cell","FTL","Gash"],"picked":"SKIP","floor":6},{"not_picked":["Steam","Gash","Lockon"],"picked":"SKIP","floor":8},{"not_picked":["FTL","Ball Lightning"],"picked":"Consume","floor":14}],"player_experience":829439,"relics_obtained":[{"floor":6,"key":"Centennial Puzzle"},{"floor":8,"key":"Pocketwatch"},{"floor":9,"key":"Unceasing Top"},{"floor":14,"key":"Bag of Marbles"},{"floor":15,"key":"Omamori"}],"event_choices":[{"damage_healed":0,"gold_gain":0,"player_choice":"Box","damage_taken":0,"relics_obtained":["Shovel"],"max_hp_gain":0,"max_hp_loss":0,"event_name":"Big Fish","floor":10,"gold_loss":0,"cards_obtained":["Regret"]},{"damage_healed":0,"gold_gain":0,"player_choice":"Success","damage_taken":5,"relics_obtained":["Tiny Chest"],"max_hp_gain":0,"max_hp_loss":0,"event_name":"Scrap Ooze","floor":12,"gold_loss":0}],"is_beta":false,"boss_relics":[],"items_purged_floors":[13],"is_endless":false,"potions_floor_spawned":[1,5,6,14],"killed_by":"Slime Boss","ascension_level":20}