{"gold_per_floor":[119,132,207,207,226,252,252,252,275,300,300,30,50,83,83,185,235,250,51,51,64,75,75,75,75,98,98,109,109,121,136,136,235,235,253,306,306,406,406,406,418,418,418,418,418,429,429,448,448,448],"floor_reached":51,"playtime":1740,"items_purged":["Strike_R"],"score":736,"play_id":"a062e2da-3dbb-4134-8586-003763febf45","local_time":"20190704105212","is_ascension_mode":false,"campfire_choices":[{"floor":8.0,"key":"REST"},{"data":"Immolate","floor":11.0,"key":"SMITH"},{"data":"True Grit","floor":15.0,"key":"SMITH"},{"data":"Impatience","floor":23.0,"key":"SMITH"},{"data":"Bash","floor":27.0,"key":"SMITH"},{"data":"Offering","floor":29.0,"key":"SMITH"},{"data":"Inflame","floor":32,"key":"SMITH"},{"data":"Strike_R","floor":40,"key":"PURGE"},{"data":"Strike_R","floor":42,"key":"PURGE"},{"data":"Doubt","floor":45,"key":"PURGE"},{"data":"Bash+1","floor":47,"key":"PURGE"},{"data":"Trip","floor":49,"key":"SMITH"}],"neow_cost":"TEN_PERCENT_HP_LOSS","seed_source_timestamp":74151587301839,"circlet_count":0,"master_deck":["Strike_R+1","Defend_R","Defend_R","Defend_R","Defend_R","Immolate+1","Power Through","Spot Weakness+1","Reaper","Shrug It Off","Impatience+1","True Grit+1","Battle Trance+1","Reaper","Inflame+1","Offering+1","Impervious","Bloodletting+1","Inflame+1","Offering","Burning Pact+1","Trip+1","Impatience","Injury","Burning Pact+1"],"special_seed":0,"relics":["Burning Blood","Bronze Scales","Incense Burner","Potion Belt","PreservedInsect","Odd Mushroom","Singing Bowl","Tiny House","Enchiridion","Bag of Preparation","Cursed Key","Turnip","Peace Pipe","Smiling Mask","Paper Frog"],"potions_floor_usage":[],"damage_taken":[{"damage":6.0,"enemies":"Jaw Worm","floor":1.0,"turns":3.0},{"damage":0.0,"enemies":"2 Louse","floor":2.0,"turns":2.0},{"damage":5.0,"enemies":"Small Slimes","floor":5.0,"turns":3.0},{"damage":39.0,"enemies":"Lagavulin","floor":6.0,"turns":7.0},{"damage":3.0,"enemies":"Gremlin Nob","floor":10.0,"turns":3.0},{"damage":0.0,"enemies":"The Mushroom Lair","floor":13.0,"turns":2.0},{"damage":0.0,"enemies":"3 Sentries","floor":14.0,"turns":2.0},{"damage":45.0,"enemies":"The Guardian","floor":16.0,"turns":11.0},{"damage":6.0,"enemies":"Spheric Guardian","floor":18.0,"turns":5.0},{"damage":21.0,"enemies":"3 Byrds","floor":21.0,"turns":4.0},{"damage":7.0,"enemies":"Cultist and Chosen","floor":22.0,"turns":4.0},{"damage":23.0,"enemies":"Shelled Parasite and Fungi","floor":28.0,"turns":5.0},{"damage":6.0,"enemies":"3 Cultists","floor":30.0,"turns":4.0},{"damage":13,"enemies":"Cultist and Chosen","floor":31,"turns":5},{"damage":14,"enemies":"Collector","floor":33,"turns":10},{"damage":16,"enemies":"Orb Walker","floor":35,"turns":2},{"damage":7,"enemies":"2 Orb Walkers","floor":36,"turns":3},{"damage":17,"enemies":"Mind Bloom Boss Battle","floor":38,"turns":3},{"damage":9,"enemies":"3 Shapes","floor":41,"turns":1},{"damage":13,"enemies":"Spire Growth","floor":46,"turns":3},{"damage":40,"enemies":"Maw","floor":48,"turns":7},{"damage":28,"enemies":"Donu and Deca","floor":50,"turns":5}],"seed_played":"-5188188718775899360","potions_obtained":[{"floor":5.0,"key":"Weak Potion"},{"floor":6.0,"key":"FearPotion"},{"floor":13.0,"key":"Regen Potion"},{"floor":14.0,"key":"Energy Potion"},{"floor":17.0,"key":"AttackPotion"},{"floor":18.0,"key":"Dexterity Potion"},{"floor":33,"key":"GamblersBrew"},{"floor":35,"key":"Swift Potion"}],"is_trial":false,"path_per_floor":["M","M","?","?","M","E","?","R","T","E","R","$","?","E","R","B",null,"M","$","?","M","M","R","?","?","T","R","M","R","M","M","R","B",null,"M","?","?","?","?","R","M","R","T","T","R","M","R","M","R","B",null],"character_chosen":"IRONCLAD","items_purchased":["Shrug It Off","Impatience","SkillPotion","Inflame","Offering"],"campfire_rested":1,"item_purchase_floors":[12,12,12,19,19],"current_hp_per_floor":[72,72,61,54,55,22,8,29,29,32,32,32,38,44,44,13,79,81,81,81,68,85,85,85,69,69,69,73,73,85,84,84,85,85,87,87,87,89,81,81,80,80,80,80,80,95,95,89,89,95],"gold":448,"neow_bonus":"THREE_RARE_CARDS","is_prod":false,"is_daily":false,"chose_seed":false,"campfire_upgraded":7,"win_rate":0,"timestamp":1562208732,"path_taken":["M","M","?","?","M","E","?","R","T","E","R","?","?","E","R","BOSS","M","$","?","?","M","R","?","?","T","R","M","R","M","M","R","BOSS","M","?","?","?","?","R","M","R","T","?","R","M","R","?","R","BOSS"],"build_version":"2019-07-01","purchased_purges":1,"victory":true,"max_hp_per_floor":[72,72,72,72,72,72,72,72,72,72,72,72,72,72,72,72,79,81,81,81,83,85,85,85,85,85,85,85,85,85,85,85,85,85,87,87,87,89,91,91,93,93,93,93,93,95,95,95,95,95],"card_choices":[{"not_picked":["Offering","Feed"],"picked":"Immolate","floor":0.0},{"not_picked":["Clash","Pummel"],"picked":"Power Through","floor":1.0},{"not_picked":["Body Slam","Hemokinesis"],"picked":"Spot Weakness","floor":2.0},{"not_picked":["Combust","Metallicize","Iron Wave"],"picked":"SKIP","floor":5.0},{"not_picked":["Flex","Twin Strike","Hemokinesis"],"picked":"SKIP","floor":6.0},{"not_picked":["Heavy Blade","True Grit"],"picked":"Reaper","floor":10.0},{"not_picked":["Perfected Strike","Headbutt"],"picked":"True Grit","floor":13.0},{"not_picked":["Combust","Infernal Blade"],"picked":"Battle Trance","floor":14.0},{"not_picked":["Impervious","Immolate"],"picked":"Reaper","floor":16.0},{"not_picked":["Power Through","Perfected Strike","Uppercut"],"picked":"Singing Bowl","floor":17.0},{"not_picked":["Cleave","Whirlwind","Headbutt"],"picked":"Singing Bowl","floor":18.0},{"not_picked":["Armaments","Clothesline+1","Body Slam"],"picked":"Singing Bowl","floor":21.0},{"not_picked":["Clash+1","Iron Wave","Wild Strike"],"picked":"Singing Bowl","floor":22.0},{"not_picked":["Pommel Strike+1","Corruption"],"picked":"Impervious","floor":28.0},{"not_picked":["True Grit+1","Thunderclap"],"picked":"Bloodletting+1","floor":30},{"not_picked":["Body Slam+1","Flex"],"picked":"Inflame","floor":31},{"not_picked":["Brutality","Exhume"],"picked":"Offering","floor":33},{"not_picked":["Combust","Shrug It Off+1","Perfected Strike+1"],"picked":"Singing Bowl","floor":35},{"not_picked":["Seeing Red","Flex+1"],"picked":"Burning Pact+1","floor":36},{"not_picked":["Rage","Cleave","Pommel Strike+1"],"picked":"Singing Bowl","floor":38},{"not_picked":["Dramatic Entrance","Blind"],"picked":"Trip","floor":39},{"not_picked":["Transmutation","The Bomb"],"picked":"Impatience","floor":39},{"not_picked":["Dramatic Entrance","Flash of Steel","Panacea"],"picked":"Singing Bowl","floor":39},{"not_picked":["Heavy Blade+1","Headbutt+1","Pommel Strike+1"],"picked":"Singing Bowl","floor":41},{"not_picked":["Disarm","Combust","Shockwave"],"picked":"Singing Bowl","floor":46},{"not_picked":["Warcry","Intimidate"],"picked":"Burning Pact+1","floor":48}],"player_experience":5674320,"relics_obtained":[{"floor":6.0,"key":"Incense Burner"},{"floor":9.0,"key":"Potion Belt"},{"floor":10.0,"key":"PreservedInsect"},{"floor":13.0,"key":"Odd Mushroom"},{"floor":14.0,"key":"Singing Bowl"},{"floor":25.0,"key":"Enchiridion"},{"floor":26.0,"key":"Bag of Preparation"},{"floor":36,"key":"Turnip"},{"floor":38,"key":"Peace Pipe"},{"floor":43,"key":"Smiling Mask"},{"floor":44,"key":"Paper Frog"}],"event_choices":[{"damage_healed":0.0,"max_hp_gain":0.0,"max_hp_loss":0.0,"gold_gain":75.0,"event_name":"World of Goop","player_choice":"Gather Gold","floor":3.0,"gold_loss":0.0,"damage_taken":11.0},{"damage_healed":0.0,"max_hp_gain":0.0,"max_hp_loss":0.0,"gold_gain":0.0,"event_name":"Scrap Ooze","player_choice":"Success","floor":4.0,"gold_loss":0.0,"damage_taken":7.0,"relics_obtained":["Bronze Scales"]},{"damage_healed":0.0,"max_hp_gain":0.0,"max_hp_loss":0.0,"gold_gain":0.0,"event_name":"Shining Light","player_choice":"Entered Light","floor":7.0,"gold_loss":0.0,"damage_taken":14.0,"cards_upgraded":["Spot Weakness","Strike_R"]},{"damage_healed":0.0,"max_hp_gain":0.0,"max_hp_loss":0.0,"gold_gain":0.0,"event_name":"Mushrooms","player_choice":"Fought Mushrooms","floor":13.0,"gold_loss":0.0,"damage_taken":0.0},{"damage_healed":0.0,"max_hp_gain":0.0,"max_hp_loss":0.0,"gold_gain":0.0,"event_name":"Upgrade Shrine","player_choice":"Upgraded","floor":20.0,"gold_loss":0.0,"damage_taken":0.0,"cards_upgraded":["Inflame"]},{"damage_healed":0.0,"max_hp_gain":0.0,"max_hp_loss":0.0,"gold_gain":0.0,"event_name":"Vampires","player_choice":"Ignored","floor":24.0,"gold_loss":0.0,"damage_taken":0.0},{"damage_healed":0.0,"max_hp_gain":0.0,"max_hp_loss":0.0,"gold_gain":0.0,"event_name":"Cursed Tome","player_choice":"Obtained Book","floor":25.0,"gold_loss":0.0,"damage_taken":16.0},{"damage_healed":0,"gold_gain":0,"player_choice":"Fight","damage_taken":0,"max_hp_gain":0,"max_hp_loss":0,"event_name":"Mysterious Sphere","floor":36,"gold_loss":0},{"cards_removed":["Strike_R"],"damage_healed":0,"gold_gain":0,"player_choice":"Removed Attack","damage_taken":0,"max_hp_gain":0,"max_hp_loss":0,"event_name":"Falling","floor":37,"gold_loss":0},{"damage_healed":0,"gold_gain":0,"player_choice":"Fight","damage_taken":0,"max_hp_gain":0,"max_hp_loss":0,"event_name":"MindBloom","floor":38,"gold_loss":0},{"damage_healed":0,"gold_gain":0,"player_choice":"Memory 3","damage_taken":10,"max_hp_gain":0,"max_hp_loss":0,"event_name":"SensoryStone","floor":39,"gold_loss":0}],"is_beta":false,"boss_relics":[{"not_picked":["Black Blood","Lizard Tail"],"picked":"Tiny House"},{"not_picked":["Calling Bell","Eternal Feather"],"picked":"Cursed Key"}],"items_purged_floors":[12],"is_endless":false,"potions_floor_spawned":[5,6,13,14,18,28,33,35,36,38],"ascension_level":0}