{"gold_per_floor":[116,116,126,140,153,153,169,94,148,148,223,223],"floor_reached":12,"playtime":217,"items_purged":["Strike_G"],"score":140,"play_id":"389b5045-1b4f-4bd9-a092-aeb94d303d66","local_time":"20190109135142","is_ascension_mode":true,"campfire_choices":[{"data":"Calculated Gamble","floor":6,"key":"SMITH"}],"neow_cost":"NONE","seed_source_timestamp":6566102771686,"circlet_count":0,"master_deck":["AscendersBane","Defend_G","Defend_G","Defend_G","Defend_G","Defend_G","Strike_G","Strike_G","Strike_G","Strike_G","Survivor","Neutralize","Calculated Gamble+1","Eviscerate","Terror"],"relics":["Ring of the Snake","NeowsBlessing","Pantograph","Centennial Puzzle"],"potions_floor_usage":[7,7],"damage_taken":[{"damage":0,"enemies":"Cultist","floor":1,"turns":1},{"damage":0,"enemies":"2 Louse","floor":3,"turns":1},{"damage":0,"enemies":"Jaw Worm","floor":4,"turns":1},{"damage":0,"enemies":"Blue Slaver","floor":5,"turns":9},{"damage":10,"enemies":"Exordium Thugs","floor":7,"turns":5},{"damage":0,"enemies":"Gremlin Gang","floor":12,"turns":1}],"seed_played":"-5687946115460578116","potions_obtained":[{"floor":1,"key":"AttackPotion"},{"floor":3,"key":"Energy Potion"},{"floor":7,"key":"LiquidBronze"}],"is_trial":false,"path_per_floor":["M","?","M","M","M","R","M","$","T","?","?","M"],"character_chosen":"THE_SILENT","items_purchased":[],"campfire_rested":0,"item_purchase_floors":[],"current_hp_per_floor":[59,41,41,41,41,41,31,31,31,36,25,25],"gold":223,"neow_bonus":"THREE_ENEMY_KILL","is_prod":false,"is_daily":false,"chose_seed":false,"campfire_upgraded":1,"win_rate":0,"timestamp":1547013102,"path_taken":["M","?","M","M","M","R","M","$","T","?","?","M"],"build_version":"2019-01-03v4","purchased_purges":1,"victory":false,"max_hp_per_floor":[66,66,66,66,66,66,66,66,66,71,71,71],"card_choices":[{"not_picked":["Skewer","Finisher","Crippling Poison"],"picked":"SKIP","floor":1},{"not_picked":["PiercingWail","Riddle With Holes"],"picked":"Calculated Gamble","floor":3},{"not_picked":["Eviscerate","Riddle With Holes","PiercingWail"],"picked":"SKIP","floor":4},{"not_picked":["Riddle With Holes","PiercingWail"],"picked":"Eviscerate","floor":4},{"not_picked":["Deadly Poison","Dagger Spray","Finisher"],"picked":"SKIP","floor":5},{"not_picked":["Caltrops","Leg Sweep"],"picked":"Terror","floor":7}],"player_experience":1878241,"relics_obtained":[{"floor":9,"key":"Centennial Puzzle"}],"event_choices":[{"damage_healed":0,"gold_gain":0,"player_choice":"Success","damage_taken":18,"relics_obtained":["Pantograph"],"max_hp_gain":0,"max_hp_loss":0,"event_name":"Scrap Ooze","floor":2,"gold_loss":0},{"damage_healed":0,"gold_gain":0,"player_choice":"Donut","damage_taken":0,"max_hp_gain":5,"max_hp_loss":0,"event_name":"Big Fish","floor":10,"gold_loss":0},{"damage_healed":0,"gold_gain":75,"player_choice":"Gather Gold","damage_taken":11,"max_hp_gain":0,"max_hp_loss":0,"event_name":"World of Goop","floor":11,"gold_loss":0}],"is_beta":false,"boss_relics":[],"items_purged_floors":[8],"is_endless":false,"potions_floor_spawned":[1,3,5,7],"killed_by":"Gremlin Gang","ascension_level":20}