{"gold_per_floor":[121,150,178,205,217,229,166,166,166,66,81,81,102,140,140,230,230,245,30,30,30,46,46,65,65,65,65,85,85,104,130,130,202,202,220,220,236,236,186,186,206,206,206,206,235,135,154,172,172,172,172,172,172,122,150,150],"floor_reached":57,"playtime":3212,"items_purged":["Normality","Normality","Writhe","Strike_B","Defend_B"],"score":2704,"play_id":"61fa8cef-0bbd-4d06-8fa7-d7d95afd14f3","local_time":"20190118203345","is_ascension_mode":true,"campfire_choices":[{"data":"Sunder","floor":6.0,"key":"SMITH"},{"data":"Defragment","floor":8.0,"key":"SMITH"},{"floor":12.0,"key":"REST"},{"data":"Biased Cognition","floor":15.0,"key":"SMITH"},{"data":"Capacitor","floor":23.0,"key":"SMITH"},{"data":"Dualcast","floor":27.0,"key":"SMITH"},{"data":"Zap","floor":32.0,"key":"SMITH"},{"floor":40.0,"key":"RECALL"},{"data":"Defend_B","floor":49,"key":"SMITH"},{"data":"Defend_B","floor":53,"key":"SMITH"}],"neow_cost":"NONE","seed_source_timestamp":28109253100853,"circlet_count":0,"master_deck":["AscendersBane","Strike_B","Defend_B+1","Defend_B+1","Defend_B","Zap+1","Dualcast+1","Sunder+1","Conserve Battery+1","Biased Cognition+1","Defragment+1","Chill+1","Ball Lightning","Skim+1","Seek+1","Capacitor+1","White Noise+1","Reinforced Body+1","Genetic Algorithm+1","Capacitor+1","White Noise+1","White Noise+1","Fission+1","White Noise+1","Skim+1","Violence+1","Panacea+1","Coolheaded+1","Coolheaded+1"],"special_seed":0,"relics":["Calling Bell","MawBank","Toxic Egg 2","Nunchaku","Bloody Idol","Lantern","Cables","Sozu","ClockworkSouvenir","Smiling Mask","Lizard Tail","Darkstone Periapt","Orichalcum","Sundial","Vajra"],"potions_floor_usage":[56,56],"damage_taken":[{"damage":9.0,"enemies":"2 Louse","floor":1.0,"turns":4.0},{"damage":14.0,"enemies":"Jaw Worm","floor":2.0,"turns":4.0},{"damage":10.0,"enemies":"Small Slimes","floor":3.0,"turns":6.0},{"damage":16.0,"enemies":"2 Fungi Beasts","floor":4.0,"turns":4.0},{"damage":4.0,"enemies":"Exordium Wildlife","floor":11.0,"turns":3.0},{"damage":0.0,"enemies":"3 Louse","floor":13.0,"turns":4.0},{"damage":20.0,"enemies":"3 Sentries","floor":14.0,"turns":10.0},{"damage":3.0,"enemies":"Hexaghost","floor":16.0,"turns":8.0},{"damage":0.0,"enemies":"Chosen","floor":18.0,"turns":4.0},{"damage":0.0,"enemies":"3 Byrds","floor":22.0,"turns":4.0},{"damage":0.0,"enemies":"Snecko","floor":24.0,"turns":5.0},{"damage":0.0,"enemies":"3 Cultists","floor":28.0,"turns":4.0},{"damage":0.0,"enemies":"Centurion and Healer","floor":30.0,"turns":6.0},{"damage":34.0,"enemies":"Gremlin Leader","floor":31.0,"turns":8.0},{"damage":4.0,"enemies":"Automaton","floor":33.0,"turns":9.0},{"damage":0.0,"enemies":"3 Darklings","floor":35.0,"turns":5.0},{"damage":0.0,"enemies":"3 Shapes","floor":37.0,"turns":4.0},{"damage":0.0,"enemies":"Spire Growth","floor":41.0,"turns":4.0},{"damage":22,"enemies":"Reptomancer","floor":45,"turns":5},{"damage":0,"enemies":"Sphere and 2 Shapes","floor":47,"turns":5},{"damage":0,"enemies":"Maw","floor":48,"turns":7},{"damage":0,"enemies":"Donu and Deca","floor":50,"turns":10},{"damage":4,"enemies":"Time Eater","floor":51,"turns":9},{"damage":9,"enemies":"Shield and Spear","floor":55,"turns":3},{"damage":75,"enemies":"The Heart","floor":56,"turns":12}],"seed_played":"-3869317666512707062","potions_obtained":[{"floor":2.0,"key":"Strength Potion"},{"floor":3.0,"key":"Explosive Potion"},{"floor":16.0,"key":"SpeedPotion"}],"is_trial":false,"path_per_floor":["M","M","M","M","?","R","$","R","T","$","M","R","M","E","R","B",null,"M","$","?","?","M","R","M","?","T","R","M","?","M","E","R","B",null,"M","?","M","?","$","R","M","?","T","T","E","$","M","M","R","B","B",null,"R","$","E","B",null],"character_chosen":"DEFECT","items_purchased":["ClockworkSouvenir","Coolheaded+1"],"campfire_rested":1,"item_purchase_floors":[19,46],"current_hp_per_floor":[55,41,31,15,15,15,15,15,15,15,11,30,30,10,10,7,50,50,50,50,50,55,55,60,60,60,60,64,64,64,35,35,36,57,62,62,64,64,64,64,64,59,59,59,42,42,47,52,52,52,48,60,60,60,56,14],"gold":150,"neow_bonus":"BOSS_RELIC","is_prod":false,"is_daily":false,"chose_seed":false,"campfire_upgraded":8,"win_rate":0,"timestamp":1547814825,"path_taken":["M","M","M","M","?","R","$","R","T","$","M","R","M","E","R","BOSS","M","$","?","?","M","R","M","?","T","R","?","?","?","E","R","BOSS","M","?","?","?","$","R","M","?","T","?","E","$","M","M","R","BOSS","BOSS","R","$","E","BOSS"],"build_version":"2019-01-17","purchased_purges":5,"victory":true,"max_hp_per_floor":[71,71,71,71,64,64,64,64,64,64,64,64,64,64,64,64,64,64,64,64,64,64,64,64,64,64,64,64,64,64,64,64,64,64,64,64,64,64,64,64,64,64,64,64,64,64,64,64,64,64,64,64,64,64,64,64],"card_choices":[{"not_picked":["Heatsinks","Steam+1"],"picked":"Sunder","floor":1.0},{"not_picked":["Cold Snap","Leap+1"],"picked":"Conserve Battery+1","floor":2.0},{"not_picked":["Redo+1","Melter"],"picked":"Biased Cognition","floor":3.0},{"not_picked":["Stack+1","Double Energy+1"],"picked":"Defragment","floor":4.0},{"not_picked":["Streamline","Hologram+1"],"picked":"Chill+1","floor":11.0},{"not_picked":["Cold Snap","Scrape"],"picked":"Ball Lightning","floor":13.0},{"not_picked":["Rebound","Compile Driver"],"picked":"Skim+1","floor":14.0},{"not_picked":["Multi-Cast+1","Meteor Strike"],"picked":"Seek+1","floor":16.0},{"not_picked":["Doom and Gloom","Streamline","Redo+1"],"picked":"SKIP","floor":18.0},{"not_picked":["Cold Snap","Turbo+1"],"picked":"Capacitor","floor":22.0},{"not_picked":["Turbo+1","Beam Cell"],"picked":"White Noise+1","floor":24.0},{"not_picked":["Multi-Cast+1","Ball Lightning"],"picked":"Capacitor","floor":28.0},{"not_picked":["Aggregate+1","Leap+1"],"picked":"White Noise+1","floor":30.0},{"not_picked":["Ball Lightning","Aggregate+1"],"picked":"White Noise+1","floor":31.0},{"not_picked":["Thunder Strike","Core Surge"],"picked":"Fission+1","floor":33.0},{"not_picked":["Ball Lightning","Reprogram+1","Gash"],"picked":"SKIP","floor":35.0},{"not_picked":["Scrape","Beam Cell","Ball Lightning"],"picked":"SKIP","floor":37.0},{"not_picked":["Cold Snap","FTL"],"picked":"Skim+1","floor":41.0},{"not_picked":["Trip+1","Bandage Up+1"],"picked":"Violence+1","floor":42},{"not_picked":["Jack Of All Trades+1","Madness+1"],"picked":"Panacea+1","floor":42},{"not_picked":["FTL","Conserve Battery+1","Tempest+1"],"picked":"SKIP","floor":45},{"not_picked":["Hello World","Streamline+1","Rebound"],"picked":"SKIP","floor":47},{"not_picked":["Doom and Gloom","FTL+1"],"picked":"Coolheaded+1","floor":48},{"not_picked":["Steam Power+1","Beam Cell+1","All For One"],"picked":"SKIP","floor":55}],"player_experience":2010184,"relics_obtained":[{"floor":0.0,"key":"MawBank"},{"floor":0.0,"key":"Toxic Egg 2"},{"floor":0.0,"key":"Nunchaku"},{"floor":9.0,"key":"Lantern"},{"floor":14.0,"key":"Cables"},{"floor":31.0,"key":"Smiling Mask"},{"floor":43,"key":"Darkstone Periapt"},{"floor":44,"key":"Orichalcum"},{"floor":45,"key":"Sundial"},{"floor":55,"key":"Vajra"}],"event_choices":[{"damage_healed":0.0,"max_hp_gain":0.0,"max_hp_loss":7.0,"gold_gain":0.0,"event_name":"Golden Idol","player_choice":"Lose Max HP","floor":5.0,"gold_loss":0.0,"damage_taken":0.0,"relics_obtained":["Golden Idol"]},{"damage_healed":0.0,"max_hp_gain":0.0,"max_hp_loss":0.0,"gold_gain":0.0,"event_name":"Forgotten Altar","player_choice":"Gave Idol","floor":20.0,"relics_lost":["Golden Idol"],"gold_loss":0.0,"damage_taken":0.0,"relics_obtained":["Bloody Idol"]},{"damage_healed":0.0,"max_hp_gain":0.0,"max_hp_loss":0.0,"gold_gain":0.0,"event_name":"Vampires","player_choice":"Ignored","floor":21.0,"gold_loss":0.0,"damage_taken":0.0},{"damage_healed":0.0,"max_hp_gain":0.0,"max_hp_loss":0.0,"gold_gain":0.0,"cards_transformed":["Strike_B","Strike_B"],"event_name":"Drug Dealer","player_choice":"Became Test Subject","floor":25.0,"gold_loss":0.0,"damage_taken":0.0,"cards_obtained":["Reinforced Body","Genetic Algorithm"]},{"damage_healed":0.0,"max_hp_gain":0.0,"max_hp_loss":0.0,"gold_gain":0.0,"event_name":"Upgrade Shrine","player_choice":"Upgraded","floor":29.0,"gold_loss":0.0,"damage_taken":0.0,"cards_upgraded":["Capacitor"]},{"damage_healed":0.0,"max_hp_gain":0.0,"max_hp_loss":0.0,"gold_gain":0.0,"event_name":"Duplicator","player_choice":"Copied","floor":36.0,"gold_loss":0.0,"damage_taken":0.0,"cards_obtained":["White Noise"]},{"damage_healed":0.0,"max_hp_gain":0.0,"max_hp_loss":0.0,"gold_gain":0.0,"event_name":"Tomb of Lord Red Mask","player_choice":"Ignored","floor":38.0,"gold_loss":0.0,"damage_taken":0.0},{"damage_healed":0,"gold_gain":0,"player_choice":"Memory 2","damage_taken":5,"max_hp_gain":0,"max_hp_loss":0,"event_name":"SensoryStone","floor":42,"gold_loss":0}],"is_beta":false,"boss_relics":[{"not_picked":["Black Star","Orrery"],"picked":"Sozu"},{"not_picked":["White Beast Statue","Philosopher\u0027s Stone"],"picked":"Lizard Tail"}],"items_purged_floors":[7,10,39,46,54],"is_endless":false,"potions_floor_spawned":[2,3,16,18,22,31,33,45,48,55],"ascension_level":20}