{"gold_per_floor":[114,38,51,51,64,64,96,96,96,96,96,128,160,186,198,285,297,321,333,365,76,176,176,206,206,282,301,301,301,301,301,301,377,377,396,409,420,420,320,352,352,362,410,422,106,156,167,181,181,181,181,181,181,41,69,69],"floor_reached":57,"playtime":4738,"items_purged":["Strike_G","Strike_G","Strike_G"],"score":2670,"play_id":"82861b96-2e8c-48a9-a3f6-a098875c270d","local_time":"20190105223746","is_ascension_mode":true,"campfire_choices":[{"data":"Catalyst","floor":6.0,"key":"SMITH"},{"data":"Bouncing Flask","floor":10.0,"key":"SMITH"},{"data":"Well Laid Plans","floor":15.0,"key":"SMITH"},{"data":"Prepared","floor":23.0,"key":"SMITH"},{"data":"Grand Finale","floor":25.0,"key":"SMITH"},{"data":"Purity","floor":28.0,"key":"SMITH"},{"data":"Venomology","floor":30.0,"key":"SMITH"},{"data":"Malaise","floor":32.0,"key":"SMITH"},{"data":"Recycle","floor":41.0,"key":"SMITH"},{"floor":49.0,"key":"RECALL"},{"data":"Havoc","floor":53.0,"key":"SMITH"}],"neow_cost":"NONE","seed_source_timestamp":38593950423808,"circlet_count":0,"master_deck":["AscendersBane","Defend_G","Defend_G","Defend_G","Defend_G","Strike_G","Survivor","Neutralize","Bouncing Flask+1","Catalyst+1","Well Laid Plans+1","Grand Finale+1","Prepared+1","Venomology+1","Calculated Gamble","BootSequence","Purity+1","Calculated Gamble","Malaise+1","Juggernaut","Recycle+1","Havoc+1","Seeing Red+1","Madness","Madness","Backstab+1","Endless Agony+1","Master of Strategy","Flash of Steel+1","Dark Shackles+1","Havoc","Outmaneuver","Ball Lightning+1"],"special_seed":0,"relics":["Ring of the Snake","Meat on the Bone","Bag of Preparation","Ancient Tea Set","MawBank","Lizard Tail","PrismaticShard","Letter Opener","Dead Branch","Molten Egg 2","Blue Candle","Philosopher\u0027s Stone","Anchor","Peace Pipe","Bronze Scales"],"potions_floor_usage":[56,56,56],"damage_taken":[{"damage":0.0,"enemies":"Cultist","floor":1.0,"turns":3.0},{"damage":0.0,"enemies":"Jaw Worm","floor":3.0,"turns":4.0},{"damage":3.0,"enemies":"Small Slimes","floor":5.0,"turns":5.0},{"damage":5.0,"enemies":"Lagavulin","floor":7.0,"turns":6.0},{"damage":4.0,"enemies":"Gremlin Nob","floor":12.0,"turns":3.0},{"damage":6.0,"enemies":"Looter","floor":13.0,"turns":3.0},{"damage":36.0,"enemies":"Exordium Thugs","floor":14.0,"turns":5.0},{"damage":1.0,"enemies":"Hexaghost","floor":16.0,"turns":8.0},{"damage":24.0,"enemies":"Shell Parasite","floor":18.0,"turns":4.0},{"damage":0.0,"enemies":"Spheric Guardian","floor":20.0,"turns":3.0},{"damage":20.0,"enemies":"Colosseum Slavers","floor":22.0,"turns":4.0},{"damage":18.0,"enemies":"Colosseum Nobs","floor":22.0,"turns":3.0},{"damage":55.0,"enemies":"Slavers","floor":24.0,"turns":7.0},{"damage":1.0,"enemies":"Snake Plant","floor":27.0,"turns":2.0},{"damage":18.0,"enemies":"Champ","floor":33.0,"turns":9.0},{"damage":1.0,"enemies":"3 Shapes","floor":35.0,"turns":1.0},{"damage":0.0,"enemies":"Orb Walker","floor":36.0,"turns":2.0},{"damage":11.0,"enemies":"Writhing Mass","floor":37.0,"turns":6.0},{"damage":12.0,"enemies":"Nemesis","floor":40.0,"turns":11.0},{"damage":4.0,"enemies":"Transient","floor":42.0,"turns":6.0},{"damage":1.0,"enemies":"3 Darklings","floor":44.0,"turns":2.0},{"damage":0.0,"enemies":"2 Orb Walkers","floor":46.0,"turns":2.0},{"damage":1.0,"enemies":"Maw","floor":47.0,"turns":4.0},{"damage":17.0,"enemies":"4 Shapes","floor":48.0,"turns":3.0},{"damage":20.0,"enemies":"Awakened One","floor":50.0,"turns":12.0},{"damage":19.0,"enemies":"Donu and Deca","floor":51.0,"turns":8.0},{"damage":0.0,"enemies":"Shield and Spear","floor":55.0,"turns":5.0},{"damage":58,"enemies":"The Heart","floor":56,"turns":8}],"seed_played":"-645841353888922402","potions_obtained":[{"floor":3.0,"key":"Regen Potion"},{"floor":12.0,"key":"Dexterity Potion"},{"floor":16.0,"key":"Ancient Potion"},{"floor":33.0,"key":"GamblersBrew"},{"floor":42.0,"key":"SneckoOil"},{"floor":55.0,"key":"FearPotion"}],"is_trial":false,"path_per_floor":["M","$","M","T","M","R","E","?","T","R","?","E","M","M","R","B",null,"M","?","M","$","?","R","E","R","T","M","R","?","R","?","R","B",null,"M","M","M","?","$","E","R","M","T","M","$","?","M","M","R","B","B",null,"R","$","E","B",null],"character_chosen":"THE_SILENT","items_purchased":["Catalyst","PrismaticShard","Master of Strategy","GhostInAJar","Outmaneuver"],"campfire_rested":0,"item_purchase_floors":[2,21,45,54,54],"current_hp_per_floor":[59,59,59,59,56,56,51,51,51,51,51,47,41,17,17,28,57,47,47,47,47,33,33,34,34,34,45,45,45,45,45,45,39,59,58,58,47,35,35,35,35,43,43,42,42,42,41,36,36,28,36,59,59,59,59,13],"gold":69,"neow_bonus":"REMOVE_CARD","is_prod":false,"is_daily":false,"chose_seed":false,"campfire_upgraded":10,"win_rate":0,"timestamp":1546699066,"path_taken":["M","$","M","?","M","R","E","?","T","R","?","E","M","M","R","BOSS","M","?","?","$","?","R","E","R","T","M","R","?","R","?","R","BOSS","M","M","M","?","$","E","R","M","T","M","$","?","M","M","R","BOSS","BOSS","R","$","E","BOSS"],"build_version":"2019-01-03v4","purchased_purges":3,"victory":true,"max_hp_per_floor":[66,66,66,66,66,66,66,66,66,66,66,66,66,66,66,66,66,66,66,66,66,66,66,66,66,66,66,66,66,66,66,66,66,66,66,66,66,66,66,66,66,66,66,66,66,66,66,66,66,66,66,66,66,66,66,66],"card_choices":[{"not_picked":["Bane","Acrobatics"],"picked":"Bouncing Flask","floor":1.0},{"not_picked":["Blade Dance","Backstab"],"picked":"Well Laid Plans","floor":3.0},{"not_picked":["All Out Attack","Dagger Spray","Infinite Blades"],"picked":"SKIP","floor":5.0},{"not_picked":["Endless Agony","Choke","Bane"],"picked":"SKIP","floor":7.0},{"not_picked":["All Out Attack","Distraction","Bullet Time"],"picked":"SKIP","floor":12.0},{"not_picked":["Bane","Flying Knee","Blade Dance"],"picked":"SKIP","floor":13.0},{"not_picked":["Underhanded Strike","Sucker Punch","A Thousand Cuts"],"picked":"SKIP","floor":14.0},{"not_picked":["Unload","Venomology"],"picked":"Grand Finale","floor":16.0},{"not_picked":["Slice","Endless Agony"],"picked":"Prepared","floor":18.0},{"not_picked":["Bane","Heel Hook"],"picked":"Calculated Gamble","floor":20.0},{"not_picked":["Slice","Compile Driver"],"picked":"BootSequence","floor":24.0},{"not_picked":["Cold Snap+1","Blade Dance"],"picked":"Purity","floor":27.0},{"not_picked":["Brutality","Envenom"],"picked":"Juggernaut","floor":33.0},{"not_picked":["Rip and Tear+1","Acrobatics"],"picked":"Recycle","floor":35.0},{"not_picked":["Cleave+1","Finisher+1"],"picked":"Havoc","floor":36.0},{"not_picked":["Shockwave","Masterful Stab+1"],"picked":"Seeing Red+1","floor":37.0},{"not_picked":["A Thousand Cuts","Flex+1"],"picked":"Backstab+1","floor":40.0},{"not_picked":["Go for the Eyes+1","Gash+1"],"picked":"Endless Agony+1","floor":42.0},{"not_picked":["Wild Strike+1","Barrage+1","Deflect+1"],"picked":"SKIP","floor":44.0},{"not_picked":["Dagger Throw+1","Inflame"],"picked":"Flash of Steel+1","floor":46.0},{"not_picked":["Quick Slash+1","Storm+1"],"picked":"Dark Shackles+1","floor":47.0},{"not_picked":["Force Field","Blade Dance"],"picked":"Havoc","floor":48.0},{"not_picked":["Blood for Blood+1","Pommel Strike+1"],"picked":"Ball Lightning+1","floor":55.0}],"player_experience":1761166,"relics_obtained":[{"floor":4.0,"key":"Meat on the Bone"},{"floor":7.0,"key":"Bag of Preparation"},{"floor":9.0,"key":"Ancient Tea Set"},{"floor":12.0,"key":"MawBank"},{"floor":22.0,"key":"Letter Opener"},{"floor":22.0,"key":"Dead Branch"},{"floor":24.0,"key":"Molten Egg 2"},{"floor":26.0,"key":"Blue Candle"},{"floor":40.0,"key":"Anchor"},{"floor":46.0,"key":"Peace Pipe"},{"floor":55.0,"key":"Bronze Scales"}],"event_choices":[{"damage_healed":0.0,"max_hp_gain":0.0,"max_hp_loss":0.0,"gold_gain":0.0,"event_name":"Dead Adventurer","player_choice":"Searched \u00270\u0027 times","floor":8.0,"gold_loss":0.0,"damage_taken":0.0},{"damage_healed":0.0,"max_hp_gain":0.0,"max_hp_loss":0.0,"gold_gain":0.0,"event_name":"Match and Keep!","player_choice":"0 cards matched","floor":11.0,"gold_loss":0.0,"damage_taken":0.0,"cards_obtained":[]},{"damage_healed":0.0,"max_hp_gain":0.0,"max_hp_loss":0.0,"gold_gain":0.0,"event_name":"Match and Keep!","player_choice":"1 cards matched","floor":19.0,"gold_loss":0.0,"damage_taken":0.0,"cards_obtained":["Venomology"]},{"damage_healed":0.0,"max_hp_gain":0.0,"max_hp_loss":0.0,"gold_gain":0.0,"event_name":"Colosseum","player_choice":"Fight","floor":22.0,"gold_loss":0.0,"damage_taken":0.0},{"damage_healed":0.0,"max_hp_gain":0.0,"max_hp_loss":0.0,"gold_gain":0.0,"event_name":"Colosseum","player_choice":"Fought Nobs","floor":22.0,"gold_loss":0.0,"damage_taken":0.0},{"damage_healed":0.0,"max_hp_gain":0.0,"max_hp_loss":0.0,"gold_gain":0.0,"event_name":"The Library","player_choice":"Read","floor":29.0,"gold_loss":0.0,"damage_taken":0.0,"cards_obtained":["Calculated Gamble"]},{"damage_healed":0.0,"max_hp_gain":0.0,"max_hp_loss":0.0,"gold_gain":0.0,"cards_transformed":["Strike_G"],"event_name":"Transmorgrifier","player_choice":"Transformed","floor":31.0,"gold_loss":0.0,"damage_taken":0.0,"cards_obtained":["Malaise"]},{"damage_healed":0.0,"max_hp_gain":0.0,"max_hp_loss":0.0,"gold_gain":0.0,"event_name":"Winding Halls","player_choice":"Embrace Madness","floor":38.0,"gold_loss":0.0,"damage_taken":12.0,"cards_obtained":["Madness","Madness"]},{"damage_healed":0.0,"max_hp_gain":0.0,"max_hp_loss":0.0,"gold_gain":0.0,"event_name":"Mysterious Sphere","player_choice":"Fight","floor":46.0,"gold_loss":0.0,"damage_taken":0.0}],"is_beta":false,"boss_relics":[{"not_picked":["WristBlade","Fusion Hammer"],"picked":"Lizard Tail"},{"not_picked":["Velvet Choker","Sozu"],"picked":"Philosopher\u0027s Stone"}],"items_purged_floors":[21,39,45],"is_endless":false,"potions_floor_spawned":[3,12,14,16,22,22,33,36,42,47,55],"ascension_level":20}