{"gold_per_floor":[113,113,124,141,66,78,104,104,104,104,26,26,26,54,54,151,151,166,166,178,278,278,278,297,313,367,367,380,406,386,397,397,496,496,509,509,529,529,579,594,594,81,81,81,96,96,113,126,126,126],"floor_reached":51,"playtime":1742,"items_purged":["Strike_G","Sucker Punch"],"score":822,"play_id":"ce1f089b-54b2-474a-8567-b8044afbe6c2","local_time":"20181119212620","is_ascension_mode":false,"campfire_choices":[{"data":"Infinite Blades","floor":13,"key":"SMITH"},{"data":"Cloak And Dagger","floor":15,"key":"SMITH"},{"data":"Burst","floor":23,"key":"SMITH"},{"data":"Bullet Time","floor":32,"key":"SMITH"},{"data":"Footwork","floor":44,"key":"SMITH"},{"data":"After Image","floor":49,"key":"SMITH"}],"neow_cost":"NONE","seed_source_timestamp":8696566331619,"circlet_count":0,"master_deck":["Survivor","Neutralize","Footwork+1","Cloak And Dagger+1","Infinite Blades+1","Blade Dance","Blur","Bullet Time+1","Burst+1","Backstab","Skewer","Dagger Spray","Deflect","Quick Slash","Acrobatics+1","Backflip","Cloak And Dagger+1","Blade Dance+1","Accuracy","Leg Sweep","Bullet Time","Blur+1","Apotheosis","Enlightenment","Dash+1","Backstab+1","Accuracy","Footwork+1","Blur","Impatience","Parasite","Blade Dance+1","Grand Finale","Acrobatics+1","After Image+1"],"relics":["WristBlade","Odd Mushroom","Bottled Lightning","Darkstone Periapt","FossilizedHelix","Pandora\u0027s Box","Turnip","Dodecahedron","Pen Nib","Ancient Tea Set","Snecko Eye","Prayer Wheel","Pantograph","Ornamental Fan"],"potions_floor_usage":[16,21,21,33,33,45,45,48,50],"damage_taken":[{"damage":0,"enemies":"Jaw Worm","floor":1,"turns":4},{"damage":0,"enemies":"Cultist","floor":3,"turns":5},{"damage":2,"enemies":"Small Slimes","floor":4,"turns":4},{"damage":2,"enemies":"Looter","floor":6,"turns":4},{"damage":11,"enemies":"The Mushroom Lair","floor":7,"turns":4},{"damage":28,"enemies":"Gremlin Nob","floor":14,"turns":4},{"damage":0,"enemies":"Hexaghost","floor":16,"turns":8},{"damage":20,"enemies":"2 Thieves","floor":18,"turns":3},{"damage":0,"enemies":"Chosen","floor":20,"turns":4},{"damage":12,"enemies":"Colosseum Slavers","floor":21,"turns":3},{"damage":42,"enemies":"Colosseum Nobs","floor":21,"turns":5},{"damage":0,"enemies":"Centurion and Healer","floor":24,"turns":5},{"damage":0,"enemies":"Shelled Parasite and Fungi","floor":25,"turns":3},{"damage":7,"enemies":"Sentry and Sphere","floor":28,"turns":4},{"damage":2,"enemies":"3 Cultists","floor":31,"turns":4},{"damage":0,"enemies":"Collector","floor":33,"turns":8},{"damage":0,"enemies":"3 Shapes","floor":35,"turns":4},{"damage":0,"enemies":"Orb Walker","floor":37,"turns":2},{"damage":59,"enemies":"2 Orb Walkers","floor":39,"turns":6},{"damage":0,"enemies":"Maw","floor":40,"turns":8},{"damage":0,"enemies":"Writhing Mass","floor":45,"turns":5},{"damage":0,"enemies":"4 Shapes","floor":47,"turns":3},{"damage":0,"enemies":"3 Darklings","floor":48,"turns":4},{"damage":10,"enemies":"Awakened One","floor":50,"turns":18}],"seed_played":"9087453710057948942","potions_obtained":[{"floor":3,"key":"Regen Potion"},{"floor":6,"key":"PowerPotion"},{"floor":16,"key":"Regen Potion"},{"floor":30,"key":"PowerPotion"},{"floor":31,"key":"SteroidPotion"},{"floor":33,"key":"Block Potion"},{"floor":39,"key":"SkillPotion"},{"floor":40,"key":"SkillPotion"},{"floor":45,"key":"Ancient Potion"}],"is_trial":false,"path_per_floor":["M","?","M","M","$","M","?","?","T","T","$","?","R","E","R","B",null,"M","?","M","?","?","R","M","M","T","?","M","T","?","M","R","B",null,"M","?","M","?","?","M","?","$","T","R","M","?","M","M","R","B",null],"character_chosen":"THE_SILENT","items_purchased":["Blur","Blur","Pantograph","Impatience"],"campfire_rested":0,"item_purchase_floors":[11,42,42,42],"current_hp_per_floor":[70,70,70,68,68,66,55,48,48,48,48,48,48,20,20,20,70,50,50,50,30,30,30,30,30,30,30,23,23,23,21,21,21,70,70,60,60,60,1,1,1,1,1,1,7,7,7,7,7,22],"gold":126,"neow_bonus":"BOSS_RELIC","is_prod":false,"is_daily":false,"chose_seed":false,"campfire_upgraded":6,"win_rate":0,"timestamp":1542633980,"path_taken":["M","?","M","?","$","M","?","?","T","?","?","?","R","E","R","BOSS","M","?","M","?","?","R","M","?","T","?","M","?","?","M","R","BOSS","M","?","M","?","?","M","?","?","T","R","M","?","M","?","R","BOSS"],"build_version":"2018-11-15","purchased_purges":2,"victory":true,"max_hp_per_floor":[70,70,70,70,70,70,70,70,70,70,70,70,70,70,70,70,70,70,70,70,70,70,70,70,70,70,70,70,70,70,70,70,70,70,70,70,70,66,66,66,66,66,66,66,72,72,72,72,72,72],"card_choices":[{"not_picked":["Deadly Poison","Dodge and Roll"],"picked":"Footwork","floor":1},{"not_picked":["Accuracy","Sucker Punch"],"picked":"Cloak And Dagger","floor":3},{"not_picked":["Deadly Poison","Choke"],"picked":"Infinite Blades","floor":4},{"not_picked":["Flying Knee","Dagger Throw"],"picked":"Blade Dance","floor":6},{"not_picked":["Poisoned Stab","Eviscerate"],"picked":"Blade Dance","floor":7},{"not_picked":["Deadly Poison","Bane"],"picked":"Bullet Time","floor":14},{"not_picked":["Doppelganger","Storm of Steel"],"picked":"Burst","floor":16},{"not_picked":["Prepared","Predator+1","Quick Slash"],"picked":"SKIP","floor":18},{"not_picked":["Dagger Spray+1","Sucker Punch"],"picked":"Acrobatics+1","floor":20},{"not_picked":["Blade Dance","Sucker Punch"],"picked":"Backflip","floor":21},{"not_picked":["Cloak And Dagger","Poisoned Stab"],"picked":"Blade Dance+1","floor":24},{"not_picked":["Quick Slash","Acrobatics+1"],"picked":"Accuracy","floor":25},{"not_picked":["Bane","Footwork","Sucker Punch"],"picked":"SKIP","floor":28},{"not_picked":["Sucker Punch+1","Tactician"],"picked":"Leg Sweep","floor":31},{"not_picked":["Doppelganger","Envenom"],"picked":"Bullet Time","floor":33},{"not_picked":["Deadly Poison","PiercingWail"],"picked":"Blur+1","floor":35},{"not_picked":["Trip","Bandage Up"],"picked":"Apotheosis","floor":36},{"not_picked":["Secret Technique","Discovery"],"picked":"Enlightenment","floor":36},{"not_picked":["Heel Hook","Underhanded Strike+1"],"picked":"Dash+1","floor":37},{"not_picked":["Bouncing Flask","Footwork+1"],"picked":"Backstab+1","floor":39},{"not_picked":["Noxious Fumes+1","Flying Knee"],"picked":"Accuracy","floor":40},{"not_picked":["Dagger Spray","Crippling Poison"],"picked":"Footwork+1","floor":40},{"not_picked":["Noxious Fumes+1","Backstab+1"],"picked":"Blade Dance+1","floor":45},{"not_picked":["Blade Dance","Deadly Poison","Bane+1"],"picked":"SKIP","floor":45},{"not_picked":["Dagger Spray","Catalyst"],"picked":"Acrobatics+1","floor":47},{"not_picked":["Prepared","Blur+1","Dodge and Roll"],"picked":"SKIP","floor":47},{"not_picked":["Deflect","Reflex+1"],"picked":"After Image","floor":48},{"not_picked":["Outmaneuver+1","Sucker Punch","Deadly Poison"],"picked":"SKIP","floor":48}],"player_experience":1105259,"relics_obtained":[{"floor":7,"key":"Odd Mushroom"},{"floor":9,"key":"Bottled Lightning"},{"floor":10,"key":"Darkstone Periapt"},{"floor":14,"key":"FossilizedHelix"},{"floor":21,"key":"Turnip"},{"floor":21,"key":"Dodecahedron"},{"floor":26,"key":"Pen Nib"},{"floor":29,"key":"Ancient Tea Set"},{"floor":39,"key":"Prayer Wheel"},{"floor":43,"key":"Ornamental Fan"}],"event_choices":[{"cards_removed":["Strike_G"],"damage_healed":0,"gold_gain":0,"player_choice":"Purged","damage_taken":0,"max_hp_gain":0,"max_hp_loss":0,"event_name":"Purifier","floor":2,"gold_loss":0},{"damage_healed":0,"gold_gain":0,"player_choice":"Fought Mushrooms","damage_taken":0,"max_hp_gain":0,"max_hp_loss":0,"event_name":"Mushrooms","floor":7,"gold_loss":0},{"cards_removed":["Strike_G"],"damage_healed":0,"gold_gain":0,"player_choice":"Card Removal","damage_taken":7,"max_hp_gain":0,"max_hp_loss":0,"event_name":"Golden Wing","floor":8,"gold_loss":0},{"damage_healed":0,"gold_gain":0,"player_choice":"Leave","damage_taken":0,"max_hp_gain":0,"max_hp_loss":0,"event_name":"The Cleric","floor":12,"gold_loss":0},{"damage_healed":0,"gold_gain":0,"player_choice":"Ignored","damage_taken":0,"max_hp_gain":0,"max_hp_loss":0,"event_name":"Ghosts","floor":19,"gold_loss":0},{"damage_healed":0,"gold_gain":0,"player_choice":"Fight","damage_taken":0,"max_hp_gain":0,"max_hp_loss":0,"event_name":"Colosseum","floor":21,"gold_loss":0},{"damage_healed":0,"gold_gain":0,"player_choice":"Fought Nobs","damage_taken":0,"max_hp_gain":0,"max_hp_loss":0,"event_name":"Colosseum","floor":21,"gold_loss":0},{"damage_healed":0,"gold_gain":0,"player_choice":"Copied","damage_taken":0,"max_hp_gain":0,"max_hp_loss":0,"event_name":"Duplicator","floor":22,"gold_loss":0,"cards_obtained":["Cloak And Dagger"]},{"damage_healed":0,"gold_gain":0,"player_choice":"Ignored","damage_taken":0,"max_hp_gain":0,"max_hp_loss":0,"event_name":"Vampires","floor":27,"gold_loss":0},{"damage_healed":0,"gold_gain":0,"player_choice":"Bought 1 Potion","damage_taken":0,"max_hp_gain":0,"max_hp_loss":0,"event_name":"The Woman in Blue","floor":30,"gold_loss":0},{"damage_healed":0,"gold_gain":0,"player_choice":"Memory 3","damage_taken":10,"max_hp_gain":0,"max_hp_loss":0,"event_name":"SensoryStone","floor":36,"gold_loss":0},{"damage_healed":0,"gold_gain":0,"player_choice":"Max HP","damage_taken":0,"max_hp_gain":0,"max_hp_loss":4,"event_name":"Winding Halls","floor":38,"gold_loss":0},{"damage_healed":0,"gold_gain":0,"player_choice":"Fight","damage_taken":0,"max_hp_gain":0,"max_hp_loss":0,"event_name":"Mysterious Sphere","floor":39,"gold_loss":0},{"cards_removed":["Slice"],"damage_healed":0,"gold_gain":0,"player_choice":"Removed Attack","damage_taken":0,"max_hp_gain":0,"max_hp_loss":0,"event_name":"Falling","floor":41,"gold_loss":0},{"damage_healed":0,"gold_gain":0,"cards_transformed":["Blade Dance"],"player_choice":"Transformed","damage_taken":0,"max_hp_gain":0,"max_hp_loss":0,"event_name":"Transmorgrifier","floor":46,"gold_loss":0,"cards_obtained":["Grand Finale"]}],"is_beta":true,"boss_relics":[{"not_picked":["Velvet Choker","Black Star"],"picked":"Pandora\u0027s Box"},{"not_picked":["White Beast Statue","Busted Crown"],"picked":"Snecko Eye"}],"items_purged_floors":[5,42],"is_endless":false,"potions_floor_spawned":[3,6,16,21,31,33,39,40,45],"ascension_level":0}