{"gold_per_floor":[114,39,51,51,51,79,79,94,94,94,113,113,127,138,138,211,211,228,228,228,244,262,262,31,31,83,101,101,121,121,154,154,233,233,252,271,290,290,310,310,27,0,0,35,47,59,71,5,5,5,5,5,5,5,31,31],"floor_reached":57,"playtime":8064,"items_purged":["Strike_B"],"score":3075,"play_id":"7c99bec8-3705-457b-8f57-6e95fa3a4740","local_time":"20190601151747","is_ascension_mode":true,"campfire_choices":[{"data":"Turbo","floor":7.0,"key":"SMITH"},{"data":"Dualcast","floor":10.0,"key":"SMITH"},{"data":"Zap","floor":12.0,"key":"SMITH"},{"data":"Skim","floor":15.0,"key":"SMITH"},{"data":"Heatsinks","floor":23.0,"key":"SMITH"},{"data":"Hologram","floor":25.0,"key":"SMITH"},{"data":"Buffer","floor":28.0,"key":"SMITH"},{"data":"Turbo","floor":30.0,"key":"SMITH"},{"data":"Turbo","floor":32.0,"key":"SMITH"},{"data":"Turbo","floor":40.0,"key":"SMITH"},{"data":"Biased Cognition","floor":45.0,"key":"SMITH"},{"floor":47.0,"key":"RECALL"},{"data":"Recycle","floor":49.0,"key":"SMITH"},{"data":"Fission","floor":53.0,"key":"SMITH"}],"neow_cost":"NONE","seed_source_timestamp":53492014199105,"circlet_count":0,"master_deck":["AscendersBane","Zap+1","Dualcast+1","Hello World","Turbo+1","Creative AI","BootSequence","Turbo+1","Skim+1","All For One","Capacitor","Heatsinks+1","Hologram+1","Buffer+1","Capacitor+1","Turbo+1","Creative AI","Echo Form","Doom and Gloom","Melter","Aggregate","Fission+1","Rebound","Static Discharge","Biased Cognition+1","BootSequence","Turbo+1","Undo","Recycle+1","Creative AI"],"special_seed":0,"relics":["Cracked Core","Dead Branch","Whetstone","Meat on the Bone","Orrery","Enchiridion","Runic Capacitor","Bag of Preparation","Pen Nib","Pandora\u0027s Box","Mummified Hand","Red Mask","MawBank","Vajra"],"potions_floor_usage":[56,56],"damage_taken":[{"damage":12.0,"enemies":"Jaw Worm","floor":1.0,"turns":3.0},{"damage":0.0,"enemies":"2 Louse","floor":3.0,"turns":2.0},{"damage":16.0,"enemies":"Lagavulin","floor":6.0,"turns":6.0},{"damage":12.0,"enemies":"Small Slimes","floor":8.0,"turns":3.0},{"damage":17.0,"enemies":"Exordium Wildlife","floor":11.0,"turns":4.0},{"damage":7.0,"enemies":"Large Slime","floor":13.0,"turns":4.0},{"damage":11.0,"enemies":"2 Fungi Beasts","floor":14.0,"turns":4.0},{"damage":0.0,"enemies":"The Guardian","floor":16.0,"turns":11.0},{"damage":29.0,"enemies":"3 Byrds","floor":18.0,"turns":4.0},{"damage":12.0,"enemies":"Colosseum Slavers","floor":19.0,"turns":2.0},{"damage":28.0,"enemies":"Shell Parasite","floor":21.0,"turns":4.0},{"damage":10.0,"enemies":"Snecko","floor":22.0,"turns":3.0},{"damage":0.0,"enemies":"3 Cultists","floor":27.0,"turns":3.0},{"damage":9.0,"enemies":"Cultist and Chosen","floor":29.0,"turns":9.0},{"damage":20.0,"enemies":"Book of Stabbing","floor":31.0,"turns":5.0},{"damage":0.0,"enemies":"Collector","floor":33.0,"turns":7.0},{"damage":0.0,"enemies":"3 Darklings","floor":35.0,"turns":4.0},{"damage":0.0,"enemies":"3 Shapes","floor":36.0,"turns":4.0},{"damage":7.0,"enemies":"Transient","floor":37.0,"turns":6.0},{"damage":0.0,"enemies":"Writhing Mass","floor":39.0,"turns":4.0},{"damage":0.0,"enemies":"Giant Head","floor":44.0,"turns":5.0},{"damage":32.0,"enemies":"Time Eater","floor":50.0,"turns":8.0},{"damage":0.0,"enemies":"Donu and Deca","floor":51.0,"turns":4.0},{"damage":0.0,"enemies":"Shield and Spear","floor":55.0,"turns":3.0},{"damage":47,"enemies":"The Heart","floor":56,"turns":4}],"seed_played":"-7599227251970270081","potions_obtained":[{"floor":8.0,"key":"AttackPotion"},{"floor":11.0,"key":"GamblersBrew"},{"floor":18.0,"key":"Regen Potion"},{"floor":22.0,"key":"EssenceOfSteel"},{"floor":39.0,"key":"SkillPotion"},{"floor":55.0,"key":"Ancient Potion"}],"is_trial":false,"path_per_floor":["M","$","M","?","?","E","R","M","T","R","M","R","M","M","R","B",null,"M","?","?","M","M","R","$","R","T","M","R","M","R","E","R","B",null,"M","M","M","?","M","R","$","?","T","E","R","$","R","$","R","B","B",null,"R","$","E","B",null],"character_chosen":"DEFECT","items_purchased":["Runic Capacitor","Mummified Hand","Recycle"],"campfire_rested":0,"item_purchase_floors":[24,41,48],"current_hp_per_floor":[59,59,59,54,54,38,38,26,26,26,21,21,26,27,27,39,68,51,51,30,26,28,28,28,28,28,40,40,43,43,35,35,47,70,70,70,63,63,63,63,63,63,63,63,63,63,63,63,63,43,43,66,66,66,66,31],"gold":31,"neow_bonus":"TEN_PERCENT_HP_BONUS","is_prod":false,"is_daily":false,"chose_seed":false,"campfire_upgraded":13,"win_rate":0,"timestamp":1559373467,"path_taken":["M","$","M","?","?","E","R","M","T","R","M","R","M","M","R","BOSS","M","?","?","M","M","R","?","R","T","M","R","M","R","E","R","BOSS","M","M","M","?","M","R","$","?","T","E","R","?","R","$","R","BOSS","BOSS","R","$","E","BOSS"],"build_version":"2019-01-23","purchased_purges":1,"victory":true,"max_hp_per_floor":[78,78,78,78,78,78,78,78,78,78,78,78,78,78,78,78,78,78,78,78,78,78,78,78,78,78,78,78,78,78,78,78,78,78,78,78,78,74,74,74,74,74,74,74,74,74,74,74,74,74,74,74,74,74,74,74],"card_choices":[{"not_picked":["Go for the Eyes","Leap"],"picked":"Hello World","floor":1.0},{"not_picked":["BootSequence","Auto Shields"],"picked":"Turbo","floor":3.0},{"not_picked":["Chaos","BootSequence"],"picked":"Creative AI","floor":6.0},{"not_picked":["Rebound","Sunder"],"picked":"BootSequence","floor":8.0},{"not_picked":["Beam Cell","Reprogram"],"picked":"Turbo","floor":11.0},{"not_picked":["Barrage","Conserve Battery","Beam Cell"],"picked":"SKIP","floor":13.0},{"not_picked":["Chill","Ball Lightning"],"picked":"Skim","floor":14.0},{"not_picked":["Core Surge","Machine Learning"],"picked":"All For One","floor":16.0},{"not_picked":["Beam Cell","Hologram"],"picked":"Capacitor","floor":17.0},{"not_picked":["Turbo","Hologram"],"picked":"Heatsinks","floor":17.0},{"not_picked":["Steam","Stack"],"picked":"Hologram","floor":18.0},{"not_picked":["Barrage","Scrape"],"picked":"Buffer","floor":21.0},{"not_picked":["Turbo","Hologram"],"picked":"Capacitor+1","floor":22.0},{"not_picked":["Streamline","Compile Driver","Ball Lightning"],"picked":"SKIP","floor":27.0},{"not_picked":["Doom and Gloom+1","Sweeping Beam+1"],"picked":"Turbo","floor":29.0},{"not_picked":["Hello World","Blizzard"],"picked":"Creative AI","floor":31.0},{"not_picked":["Core Surge","Buffer"],"picked":"Echo Form","floor":33.0},{"not_picked":["Conserve Battery+1","Doom and Gloom"],"picked":"BootSequence","floor":35.0},{"not_picked":["Coolheaded","Darkness"],"picked":"Turbo","floor":36.0},{"not_picked":["Rebound","Go for the Eyes"],"picked":"Undo","floor":37.0},{"not_picked":["Chaos+1","Go for the Eyes","Steam Power"],"picked":"SKIP","floor":39.0},{"not_picked":["FTL","Fusion","Tempest"],"picked":"SKIP","floor":44.0},{"not_picked":["Reinforced Body","Rebound"],"picked":"Creative AI","floor":55.0}],"player_experience":4958339,"relics_obtained":[{"floor":6.0,"key":"Whetstone"},{"floor":9.0,"key":"Meat on the Bone"},{"floor":20.0,"key":"Enchiridion"},{"floor":26.0,"key":"Bag of Preparation"},{"floor":31.0,"key":"Pen Nib"},{"floor":44.0,"key":"MawBank"},{"floor":55.0,"key":"Vajra"}],"event_choices":[{"damage_healed":0.0,"max_hp_gain":0.0,"max_hp_loss":0.0,"gold_gain":0.0,"event_name":"Scrap Ooze","player_choice":"Success","floor":4.0,"gold_loss":0.0,"damage_taken":5.0,"relics_obtained":["Dead Branch"]},{"damage_healed":0.0,"max_hp_gain":0.0,"max_hp_loss":0.0,"gold_gain":0.0,"event_name":"Liars Game","player_choice":"Ignored","floor":5.0,"gold_loss":0.0,"damage_taken":0.0},{"damage_healed":0.0,"max_hp_gain":0.0,"max_hp_loss":0.0,"gold_gain":0.0,"event_name":"Colosseum","player_choice":"Fight","floor":19.0,"gold_loss":0.0,"damage_taken":0.0},{"damage_healed":0.0,"max_hp_gain":0.0,"max_hp_loss":0.0,"gold_gain":0.0,"event_name":"Colosseum","player_choice":"Fled From Nobs","floor":19.0,"gold_loss":0.0,"damage_taken":0.0},{"damage_healed":0.0,"max_hp_gain":0.0,"max_hp_loss":0.0,"gold_gain":0.0,"event_name":"Cursed Tome","player_choice":"Obtained Book","floor":20.0,"gold_loss":0.0,"damage_taken":21.0},{"damage_healed":0.0,"max_hp_gain":0.0,"max_hp_loss":4.0,"gold_gain":0.0,"event_name":"Winding Halls","player_choice":"Max HP","floor":38.0,"gold_loss":0.0,"damage_taken":0.0},{"damage_healed":0.0,"max_hp_gain":0.0,"max_hp_loss":0.0,"gold_gain":0.0,"event_name":"Tomb of Lord Red Mask","player_choice":"Paid","floor":42.0,"gold_loss":27.0,"damage_taken":0.0,"relics_obtained":["Red Mask"]}],"is_beta":false,"boss_relics":[{"not_picked":["Ectoplasm","Black Star"],"picked":"Orrery"},{"not_picked":["Busted Crown","Nuclear Battery"],"picked":"Pandora\u0027s Box"}],"items_purged_floors":[2],"is_endless":false,"potions_floor_spawned":[8,11,14,18,19,22,39,55],"ascension_level":20}