{"gold_per_floor":[111,111,130,46,46,46,66,66,91,166,166,185,31,51,51,129,129,143,143,120,120,120,120,44,44,98,98,98],"floor_reached":28,"playtime":1195,"items_purged":["Strike_G"],"score":408,"play_id":"3df95984-9e11-491a-a928-4c39d17a4e7e","local_time":"20181229225759","is_ascension_mode":true,"campfire_choices":[{"data":"Footwork","floor":6.0,"key":"SMITH"},{"data":"Neutralize","floor":8.0,"key":"SMITH"},{"data":"Noxious Fumes","floor":15.0,"key":"SMITH"},{"data":"Deadly Poison","floor":23,"key":"SMITH"},{"data":"Well Laid Plans","floor":25,"key":"SMITH"},{"data":"Leg Sweep","floor":27,"key":"SMITH"}],"neow_cost":"PERCENT_DAMAGE","seed_source_timestamp":42994666439829,"circlet_count":0,"master_deck":["AscendersBane","Defend_G","Defend_G","Defend_G","Strike_G","Strike_G","Strike_G","Survivor","Neutralize+1","All Out Attack","Footwork+1","Deadly Poison+1","Noxious Fumes+1","Leg Sweep+1","Night Terror","Well Laid Plans+1"],"special_seed":0,"relics":["Ring of the Snake","PreservedInsect","Runic Dome","Smiling Mask"],"potions_floor_usage":[28],"damage_taken":[{"damage":1.0,"enemies":"Small Slimes","floor":1.0,"turns":4.0},{"damage":0.0,"enemies":"2 Louse","floor":3.0,"turns":4.0},{"damage":1.0,"enemies":"Jaw Worm","floor":7.0,"turns":5.0},{"damage":1.0,"enemies":"Blue Slaver","floor":12.0,"turns":5.0},{"damage":1.0,"enemies":"3 Louse","floor":14.0,"turns":4.0},{"damage":6.0,"enemies":"Hexaghost","floor":16.0,"turns":9.0},{"damage":9.0,"enemies":"3 Byrds","floor":18.0,"turns":5.0},{"damage":9.0,"enemies":"2 Thieves","floor":20.0,"turns":4.0},{"damage":36,"enemies":"Gremlin Leader","floor":28,"turns":4}],"seed_played":"6611414680923670453","potions_obtained":[{"floor":1.0,"key":"Block Potion"},{"floor":3.0,"key":"FearPotion"},{"floor":7.0,"key":"Weak Potion"},{"floor":20.0,"key":"LiquidBronze"}],"is_trial":false,"path_per_floor":["M","?","M","$","?","R","M","R","T","?","?","M","$","M","R","B",null,"M","?","M","$","?","R","$","R","T","R","E"],"character_chosen":"THE_SILENT","items_purchased":["Footwork","Noxious Fumes","Well Laid Plans"],"campfire_rested":0,"item_purchase_floors":[4,13,24],"current_hp_per_floor":[43,36,36,36,36,36,35,35,35,24,24,23,23,22,22,16,54,45,45,36,36,36,36,36,36,36,36,0],"gold":98,"neow_bonus":"REMOVE_TWO","is_prod":false,"is_daily":false,"chose_seed":false,"campfire_upgraded":6,"win_rate":0,"timestamp":1546095479,"path_taken":["M","?","M","$","?","R","M","R","T","?","?","M","$","M","R","BOSS","M","?","M","$","?","R","$","R","T","R","E"],"build_version":"2018-12-20","purchased_purges":1,"victory":false,"max_hp_per_floor":[66,66,66,66,66,66,66,66,66,66,66,66,66,66,66,66,66,66,66,66,66,66,66,66,66,66,66,66],"card_choices":[{"not_picked":["Reflex","Bane","Skewer"],"picked":"SKIP","floor":1.0},{"not_picked":["Distraction","Backflip"],"picked":"All Out Attack","floor":3.0},{"not_picked":["Skewer","Poisoned Stab","Choke"],"picked":"SKIP","floor":7.0},{"not_picked":["Backflip","Flying Knee"],"picked":"Deadly Poison","floor":12.0},{"not_picked":["Poisoned Stab","Reflex"],"picked":"Leg Sweep","floor":14.0},{"not_picked":["Storm of Steel","A Thousand Cuts"],"picked":"Night Terror","floor":16.0},{"not_picked":["Distraction","Quick Slash","Prepared"],"picked":"SKIP","floor":18.0},{"not_picked":["Heel Hook","Bane+1","Blade Dance"],"picked":"SKIP","floor":20.0}],"player_experience":1584612,"relics_obtained":[{"floor":9.0,"key":"PreservedInsect"},{"floor":26,"key":"Smiling Mask"}],"event_choices":[{"cards_removed":["Defend_G"],"damage_healed":0.0,"max_hp_gain":0.0,"max_hp_loss":0.0,"gold_gain":0.0,"event_name":"Golden Wing","player_choice":"Card Removal","floor":2.0,"gold_loss":0.0,"damage_taken":7.0},{"damage_healed":0.0,"max_hp_gain":0.0,"max_hp_loss":0.0,"gold_gain":0.0,"event_name":"Liars Game","player_choice":"Ignored","floor":5.0,"gold_loss":0.0,"damage_taken":0.0},{"damage_healed":0.0,"max_hp_gain":0.0,"max_hp_loss":0.0,"gold_gain":75.0,"event_name":"World of Goop","player_choice":"Gather Gold","floor":10.0,"gold_loss":0.0,"damage_taken":11.0},{"damage_healed":0.0,"max_hp_gain":0.0,"max_hp_loss":0.0,"gold_gain":0.0,"event_name":"Dead Adventurer","player_choice":"Searched \u00270\u0027 times","floor":11.0,"gold_loss":0.0,"damage_taken":0.0},{"damage_healed":0.0,"max_hp_gain":0.0,"max_hp_loss":0.0,"gold_gain":0.0,"event_name":"The Mausoleum","player_choice":"Ignored","floor":19.0,"gold_loss":0.0,"damage_taken":0.0},{"damage_healed":0,"gold_gain":0,"player_choice":"Ignored","damage_taken":0,"max_hp_gain":0,"max_hp_loss":0,"event_name":"Cursed Tome","floor":22,"gold_loss":0}],"is_beta":false,"boss_relics":[{"not_picked":["Busted Crown","Eternal Feather"],"picked":"Runic Dome"}],"items_purged_floors":[13],"is_endless":false,"potions_floor_spawned":[1,3,7,16,18,20],"killed_by":"Gremlin Leader","ascension_level":20}