{"gold_per_floor":[116,129,54,54,67,67,101,114,137,137,202,216,227,262,262,339,339,353,8,23,23,39,39,73,88,88,101,21,21,21,46,46,122,122,142,162,185,51,68,68,80,113,113,145,145,174,202,260,272,284,296,308,320,42,73,73],"floor_reached":57,"playtime":4308,"items_purged":["Defend_G","Strike_G","Strike_G","Defend_G"],"score":3204,"play_id":"0a8b0f64-fb27-40a4-b1bf-6a70ac00b511","local_time":"20190411014925","is_ascension_mode":true,"campfire_choices":[{"data":"Neutralize","floor":6.0,"key":"SMITH"},{"data":"Tactician","floor":10.0,"key":"SMITH"},{"data":"Poisoned Stab","floor":15.0,"key":"SMITH"},{"data":"Acrobatics","floor":23.0,"key":"SMITH"},{"data":"Acrobatics","floor":29.0,"key":"SMITH"},{"data":"Tactician","floor":32.0,"key":"SMITH"},{"data":"Well Laid Plans","floor":40,"key":"SMITH"},{"data":"Calculated Gamble","floor":45,"key":"SMITH"},{"floor":49,"key":"RECALL"},{"data":"A Thousand Cuts","floor":53,"key":"SMITH"}],"neow_cost":"TEN_PERCENT_HP_LOSS","seed_source_timestamp":73077370147864,"circlet_count":0,"master_deck":["AscendersBane","Defend_G","Defend_G","Survivor","Neutralize+1","After Image","Caltrops+1","Tactician+1","Dagger Throw","Backflip","Malaise","Acrobatics+1","Poisoned Stab+1","Wraith Form v2","Escape Plan+1","Acrobatics+1","Tactician+1","Concentrate","Adrenaline","Well Laid Plans+1","Calculated Gamble+1","Acrobatics","A Thousand Cuts+1"],"special_seed":0,"relics":["Ring of the Snake","Strawberry","Vajra","Tiny Chest","Omamori","Empty Cage","Prayer Wheel","Snake Skull","The Courier","WarpedTongs","Dodecahedron","Coffee Dripper","Bottled Lightning","Blue Candle","Juzu Bracelet","MawBank","Incense Burner","Strange Spoon","Gambling Chip"],"potions_floor_usage":[56,56,56],"damage_taken":[{"damage":0.0,"enemies":"Cultist","floor":1.0,"turns":4.0},{"damage":0.0,"enemies":"2 Louse","floor":2.0,"turns":4.0},{"damage":4.0,"enemies":"Small Slimes","floor":5.0,"turns":4.0},{"damage":16.0,"enemies":"3 Sentries","floor":7.0,"turns":7.0},{"damage":0.0,"enemies":"Blue Slaver","floor":8.0,"turns":6.0},{"damage":5.0,"enemies":"Lagavulin","floor":11.0,"turns":10.0},{"damage":5.0,"enemies":"Gremlin Gang","floor":12.0,"turns":6.0},{"damage":1.0,"enemies":"2 Fungi Beasts","floor":13.0,"turns":4.0},{"damage":33.0,"enemies":"3 Sentries","floor":14.0,"turns":8.0},{"damage":16.0,"enemies":"Hexaghost","floor":16.0,"turns":10.0},{"damage":9.0,"enemies":"Shell Parasite","floor":18.0,"turns":7.0},{"damage":0.0,"enemies":"Spheric Guardian","floor":20.0,"turns":5.0},{"damage":2.0,"enemies":"3 Cultists","floor":22.0,"turns":7.0},{"damage":1.0,"enemies":"Gremlin Leader","floor":24.0,"turns":9.0},{"damage":8.0,"enemies":"Snake Plant","floor":25.0,"turns":4.0},{"damage":8.0,"enemies":"Snecko","floor":27.0,"turns":9.0},{"damage":0.0,"enemies":"Book of Stabbing","floor":31.0,"turns":5.0},{"damage":0.0,"enemies":"Automaton","floor":33.0,"turns":5.0},{"damage":0,"enemies":"3 Shapes","floor":35,"turns":3},{"damage":2,"enemies":"Orb Walker","floor":36,"turns":3},{"damage":0,"enemies":"Transient","floor":39,"turns":6},{"damage":6,"enemies":"Jaw Worm Horde","floor":41,"turns":3},{"damage":0,"enemies":"Reptomancer","floor":42,"turns":2},{"damage":0,"enemies":"Nemesis","floor":44,"turns":3},{"damage":0,"enemies":"Reptomancer","floor":46,"turns":2},{"damage":0,"enemies":"Spire Growth","floor":47,"turns":2},{"damage":2,"enemies":"2 Orb Walkers","floor":48,"turns":2},{"damage":0,"enemies":"Donu and Deca","floor":50,"turns":2},{"damage":4,"enemies":"Time Eater","floor":51,"turns":12},{"damage":0,"enemies":"Shield and Spear","floor":55,"turns":1},{"damage":26,"enemies":"The Heart","floor":56,"turns":6}],"seed_played":"8379420364370243176","potions_obtained":[{"floor":1.0,"key":"Explosive Potion"},{"floor":7.0,"key":"AttackPotion"},{"floor":11.0,"key":"Regen Potion"},{"floor":13.0,"key":"GhostInAJar"},{"floor":18.0,"key":"EssenceOfSteel"},{"floor":20.0,"key":"SteroidPotion"},{"floor":24.0,"key":"FearPotion"},{"floor":36,"key":"Block Potion"},{"floor":42,"key":"EntropicBrew"}],"is_trial":false,"path_per_floor":["M","M","$","?","M","R","E","M","T","R","E","M","M","E","R","B",null,"M","$","M","$","M","R","E","M","T","M","$","R","?","E","R","B",null,"M","M","T","$","M","R","M","E","T","E","R","E","M","?","R","B","B",null,"R","$","E","B",null],"character_chosen":"THE_SILENT","items_purchased":["Prayer Wheel","Well Laid Plans","Strange Spoon"],"campfire_rested":0,"item_purchase_floors":[19,38,54],"current_hp_per_floor":[59,59,59,59,55,55,46,46,46,46,41,51,50,17,17,1,51,42,42,42,42,40,40,39,31,31,23,23,23,23,23,23,23,56,56,54,54,54,54,54,48,48,48,48,48,48,48,46,46,46,42,61,61,61,61,35],"gold":73,"neow_bonus":"TRANSFORM_TWO_CARDS","is_prod":false,"is_daily":false,"chose_seed":false,"campfire_upgraded":9,"win_rate":0,"timestamp":1554918565,"path_taken":["M","M","$","?","M","R","E","M","T","R","E","?","M","E","R","BOSS","M","$","M","?","M","R","E","M","T","M","$","R","?","E","R","BOSS","M","M","?","$","M","R","M","E","T","E","R","E","M","?","R","BOSS","BOSS","R","$","E","BOSS"],"build_version":"2019-01-23","purchased_purges":4,"victory":true,"max_hp_per_floor":[60,60,60,60,60,60,67,67,67,67,67,67,67,67,67,67,67,67,67,67,67,67,67,67,67,67,67,67,67,67,67,67,67,67,67,67,67,67,67,67,67,67,67,67,67,67,67,67,67,67,67,67,67,67,67,67],"card_choices":[{"not_picked":["Dodge and Roll","Flying Knee"],"picked":"Tactician","floor":1.0},{"not_picked":["Sucker Punch","PiercingWail"],"picked":"Dagger Throw","floor":2.0},{"not_picked":["Underhanded Strike","Deflect"],"picked":"Backflip","floor":5.0},{"not_picked":["Dagger Throw","Choke"],"picked":"Malaise","floor":7.0},{"not_picked":["PiercingWail","Dodge and Roll","Underhanded Strike"],"picked":"SKIP","floor":8.0},{"not_picked":["All Out Attack","Eviscerate"],"picked":"Acrobatics","floor":11.0},{"not_picked":["PiercingWail","Tactician","Bane"],"picked":"SKIP","floor":12.0},{"not_picked":["Eviscerate","Dagger Spray"],"picked":"Poisoned Stab","floor":13.0},{"not_picked":["Blade Dance","Distraction","Outmaneuver"],"picked":"SKIP","floor":14.0},{"not_picked":["Doppelganger","Phantasmal Killer"],"picked":"Wraith Form v2","floor":16.0},{"not_picked":["Dagger Spray","Accuracy+1","All Out Attack"],"picked":"SKIP","floor":18.0},{"not_picked":["Masterful Stab","Underhanded Strike"],"picked":"Escape Plan+1","floor":20.0},{"not_picked":["Outmaneuver","Cloak And Dagger","Deflect"],"picked":"SKIP","floor":20.0},{"not_picked":["Underhanded Strike+1","Prepared"],"picked":"Acrobatics","floor":22.0},{"not_picked":["Acrobatics","Dash"],"picked":"Tactician","floor":22.0},{"not_picked":["Slice","Predator","Expertise"],"picked":"SKIP","floor":24.0},{"not_picked":["Bouncing Flask","Quick Slash"],"picked":"Concentrate","floor":25.0},{"not_picked":["Dagger Throw","Sucker Punch","Quick Slash"],"picked":"SKIP","floor":25.0},{"not_picked":["Backflip","Blur","Setup"],"picked":"SKIP","floor":27.0},{"not_picked":["Bane","Finisher","PiercingWail+1"],"picked":"SKIP","floor":27.0},{"not_picked":["Bullet Time","Dagger Spray+1","Masterful Stab"],"picked":"SKIP","floor":31.0},{"not_picked":["Doppelganger","After Image"],"picked":"Adrenaline","floor":33.0},{"not_picked":["PiercingWail","Eviscerate+1","Dodge and Roll"],"picked":"SKIP","floor":35},{"not_picked":["Finisher","Cloak And Dagger+1","Die Die Die"],"picked":"SKIP","floor":35},{"not_picked":["Dagger Throw","Bane","Outmaneuver"],"picked":"SKIP","floor":36},{"not_picked":["Flying Knee","Blur","Dodge and Roll"],"picked":"SKIP","floor":36},{"not_picked":["Setup","Riddle With Holes+1","Outmaneuver"],"picked":"SKIP","floor":39},{"not_picked":["Flying Knee","Storm of Steel","Masterful Stab"],"picked":"SKIP","floor":39},{"not_picked":["Prepared","Accuracy+1"],"picked":"Calculated Gamble","floor":41},{"not_picked":["Tactician+1","Leg Sweep+1"],"picked":"Acrobatics","floor":41},{"not_picked":["Dodge and Roll","Skewer"],"picked":"A Thousand Cuts","floor":42},{"not_picked":["Deadly Poison+1","Predator","Acrobatics"],"picked":"SKIP","floor":44},{"not_picked":["Predator","Concentrate","Catalyst"],"picked":"SKIP","floor":46},{"not_picked":["PiercingWail","Acrobatics","Flying Knee+1"],"picked":"SKIP","floor":47},{"not_picked":["Reflex","Underhanded Strike","Deflect"],"picked":"SKIP","floor":47},{"not_picked":["Setup","Blade Dance","Choke+1"],"picked":"SKIP","floor":55}],"player_experience":4225601,"relics_obtained":[{"floor":7.0,"key":"Strawberry"},{"floor":9.0,"key":"Vajra"},{"floor":11.0,"key":"Tiny Chest"},{"floor":14.0,"key":"Omamori"},{"floor":24.0,"key":"Snake Skull"},{"floor":26.0,"key":"The Courier"},{"floor":31.0,"key":"Dodecahedron"},{"floor":42,"key":"Bottled Lightning"},{"floor":43,"key":"Blue Candle"},{"floor":44,"key":"Juzu Bracelet"},{"floor":46,"key":"MawBank"},{"floor":48,"key":"Incense Burner"},{"floor":55,"key":"Gambling Chip"}],"event_choices":[{"damage_healed":0.0,"max_hp_gain":0.0,"max_hp_loss":0.0,"gold_gain":0.0,"event_name":"Upgrade Shrine","player_choice":"Upgraded","floor":4.0,"gold_loss":0.0,"damage_taken":0.0,"cards_upgraded":["Caltrops"]},{"damage_healed":0.0,"max_hp_gain":0.0,"max_hp_loss":0.0,"gold_gain":0.0,"event_name":"Accursed Blacksmith","player_choice":"Rummage","floor":30.0,"gold_loss":0.0,"damage_taken":0.0,"relics_obtained":["WarpedTongs"],"cards_obtained":["Pain"]},{"damage_healed":0,"gold_gain":0,"player_choice":"Fight","damage_taken":0,"max_hp_gain":0,"max_hp_loss":0,"event_name":"Mysterious Sphere","floor":48,"gold_loss":0}],"is_beta":false,"boss_relics":[{"not_picked":["Ring of the Serpent","White Beast Statue"],"picked":"Empty Cage"},{"not_picked":["Philosopher\u0027s Stone","Orrery"],"picked":"Coffee Dripper"}],"items_purged_floors":[3,28,38,54],"is_endless":false,"potions_floor_spawned":[1,7,11,13,14,18,20,24,27,36,41,42,47,48,55],"ascension_level":20}