{"gold_per_floor":[115,134,59,59,75,75,106,121,145,145,145,145,45,62,62,62],"floor_reached":16,"playtime":535,"items_purged":["Regret","Strike_G"],"score":200,"play_id":"c5b7b77f-2631-40a5-9ebf-9eed0dab5d2f","local_time":"20181115214621","is_ascension_mode":true,"campfire_choices":[{"data":"Glass Knife","floor":6,"key":"SMITH"},{"data":"Bouncing Flask","floor":11,"key":"SMITH"},{"floor":15,"key":"REST"}],"neow_cost":"CURSE","seed_source_timestamp":13690609847069,"circlet_count":0,"master_deck":["AscendersBane","Defend_G","Defend_G","Defend_G","Defend_G","Defend_G","Strike_G","Strike_G","Strike_G","Survivor","Neutralize","Glass Knife+1","Concentrate","Bouncing Flask+1","Well Laid Plans","Footwork","Backflip","PiercingWail"],"relics":["Ring of the Snake","Prayer Wheel","Vajra","Juzu Bracelet"],"potions_floor_usage":[7,14,16],"damage_taken":[{"damage":7,"enemies":"Cultist","floor":1,"turns":6},{"damage":0,"enemies":"2 Louse","floor":2,"turns":3},{"damage":0,"enemies":"Small Slimes","floor":5,"turns":2},{"damage":31,"enemies":"3 Sentries","floor":7,"turns":11},{"damage":6,"enemies":"Exordium Wildlife","floor":8,"turns":3},{"damage":0,"enemies":"3 Louse","floor":14,"turns":4},{"damage":27,"enemies":"Hexaghost","floor":16,"turns":10}],"seed_played":"-8368844431365075173","potions_obtained":[{"floor":5,"key":"Poison Potion"},{"floor":7,"key":"PowerPotion"},{"floor":14,"key":"Block Potion"}],"is_trial":false,"path_per_floor":["M","M","$","$","M","R","E","M","T","?","R","?","$","M","R","B"],"character_chosen":"THE_SILENT","items_purchased":[],"campfire_rested":1,"item_purchase_floors":[],"current_hp_per_floor":[52,52,52,52,52,52,21,15,15,15,15,8,8,8,27,0],"gold":62,"neow_bonus":"ONE_RARE_RELIC","is_prod":false,"is_daily":false,"chose_seed":false,"campfire_upgraded":2,"win_rate":0,"timestamp":1542289581,"path_taken":["M","M","?","$","M","R","E","M","T","?","R","?","$","M","R","BOSS"],"build_version":"2018-11-14","purchased_purges":2,"victory":false,"max_hp_per_floor":[66,66,66,66,66,66,66,66,66,66,66,66,66,66,66,66],"card_choices":[{"not_picked":["Slice","Poisoned Stab"],"picked":"Glass Knife","floor":1},{"not_picked":["Backflip","Quick Slash","Skewer"],"picked":"SKIP","floor":1},{"not_picked":["Escape Plan","Infinite Blades"],"picked":"Concentrate","floor":2},{"not_picked":["Poisoned Stab","Dodge and Roll"],"picked":"Bouncing Flask","floor":2},{"not_picked":["Deflect","Dodge and Roll"],"picked":"Well Laid Plans","floor":5},{"not_picked":["Cloak And Dagger","Underhanded Strike","Corpse Explosion"],"picked":"SKIP","floor":5},{"not_picked":["Heel Hook","Dagger Throw","Choke"],"picked":"SKIP","floor":7},{"not_picked":["Dodge and Roll","Setup"],"picked":"Footwork","floor":8},{"not_picked":["Crippling Poison","Cloak And Dagger"],"picked":"Backflip","floor":8},{"not_picked":["Cloak And Dagger","Dodge and Roll"],"picked":"PiercingWail","floor":14},{"not_picked":["Wraith Form v2","Sucker Punch","Deflect"],"picked":"SKIP","floor":14}],"player_experience":1069296,"relics_obtained":[{"floor":7,"key":"Vajra"},{"floor":9,"key":"Juzu Bracelet"}],"event_choices":[{"damage_healed":0,"gold_gain":0,"player_choice":"Ignored","damage_taken":0,"max_hp_gain":0,"max_hp_loss":0,"event_name":"Liars Game","floor":10,"gold_loss":0},{"cards_removed":["Strike_G"],"damage_healed":0,"gold_gain":0,"player_choice":"Card Removal","damage_taken":7,"max_hp_gain":0,"max_hp_loss":0,"event_name":"Golden Wing","floor":12,"gold_loss":0}],"is_beta":true,"boss_relics":[],"items_purged_floors":[3,13],"is_endless":false,"potions_floor_spawned":[5,7,14],"killed_by":"Hexaghost","ascension_level":20}