{"gold_per_floor":[119,119,30,47,47,79,79,99,123,139,139,139,152,181,181,253,253,271,285,90,90,10,10,35,35,35,45,56,87,98,108,108,179,179,195,207,107,158,177,210,222,222,299,330,330,365,365,399,399,399,399,399,399,35,64,64],"floor_reached":57,"playtime":3332,"items_purged":["Strike_G","Strike_G","Strike_G","Defend_G"],"score":3415,"play_id":"1afb87f2-5359-4ae8-97dc-d4d5f8e27985","local_time":"20190205222909","is_ascension_mode":true,"campfire_choices":[{"data":"Well Laid Plans","floor":7.0,"key":"SMITH"},{"data":"Poisoned Stab","floor":12.0,"key":"SMITH"},{"data":"Catalyst","floor":15.0,"key":"SMITH"},{"data":"Neutralize","floor":23.0,"key":"SMITH"},{"data":"Footwork","floor":25.0,"key":"SMITH"},{"data":"Adrenaline","floor":32.0,"key":"SMITH"},{"floor":42.0,"key":"RECALL"},{"data":"Well Laid Plans","floor":47.0,"key":"SMITH"},{"data":"Escape Plan","floor":49.0,"key":"SMITH"},{"data":"Survivor","floor":53.0,"key":"SMITH"}],"neow_cost":"NONE","seed_source_timestamp":26162363611312,"circlet_count":0,"master_deck":["AscendersBane","Defend_G","Defend_G","Defend_G+1","Defend_G","Survivor+1","Neutralize+1","Footwork+1","Well Laid Plans+1","Backflip+1","Catalyst+1","After Image","Poisoned Stab+1","Escape Plan+1","Deadly Poison+1","Adrenaline+1","Tactician+1","Prepared+1","Corpse Explosion+1","Doppelganger+1","Escape Plan+1","Venomology+1","Escape Plan+1","Well Laid Plans+1","Purity+1"],"special_seed":0,"relics":["Ring of the Snake","NeowsBlessing","War Paint","Art of War","The Courier","Black Star","Bronze Scales","Dodecahedron","StoneCalendar","Toxic Egg 2","Dream Catcher","Gremlin Horn","Busted Crown","Bird Faced Urn","Blood Vial","Turnip","The Specimen","Bottled Lightning","Pear","Paper Crane","Meat on the Bone","Ornamental Fan","Bag of Preparation","Bottled Tornado","Strawberry"],"potions_floor_usage":[55,56,56,56],"damage_taken":[{"damage":0.0,"enemies":"2 Louse","floor":1.0,"turns":2.0},{"damage":0.0,"enemies":"Cultist","floor":4.0,"turns":1.0},{"damage":0.0,"enemies":"Gremlin Nob","floor":6.0,"turns":1.0},{"damage":0.0,"enemies":"Jaw Worm","floor":8.0,"turns":5.0},{"damage":5.0,"enemies":"Lots of Slimes","floor":10.0,"turns":8.0},{"damage":2.0,"enemies":"2 Fungi Beasts","floor":13.0,"turns":4.0},{"damage":0.0,"enemies":"3 Sentries","floor":14.0,"turns":15.0},{"damage":8.0,"enemies":"The Guardian","floor":16.0,"turns":9.0},{"damage":3.0,"enemies":"2 Thieves","floor":18.0,"turns":5.0},{"damage":0.0,"enemies":"Chosen","floor":19.0,"turns":5.0},{"damage":22.0,"enemies":"Slavers","floor":24.0,"turns":9.0},{"damage":0.0,"enemies":"Snecko","floor":27.0,"turns":4.0},{"damage":0.0,"enemies":"Shelled Parasite and Fungi","floor":28.0,"turns":5.0},{"damage":6.0,"enemies":"Gremlin Leader","floor":29.0,"turns":7.0},{"damage":4.0,"enemies":"Chosen and Byrds","floor":30.0,"turns":4.0},{"damage":0.0,"enemies":"Snecko","floor":31.0,"turns":5.0},{"damage":13.0,"enemies":"Collector","floor":33.0,"turns":5.0},{"damage":0.0,"enemies":"3 Darklings","floor":35.0,"turns":2.0},{"damage":0.0,"enemies":"Orb Walker","floor":36.0,"turns":3.0},{"damage":0.0,"enemies":"2 Orb Walkers","floor":38.0,"turns":3.0},{"damage":0.0,"enemies":"Jaw Worm Horde","floor":39.0,"turns":2.0},{"damage":0.0,"enemies":"Giant Head","floor":40.0,"turns":7.0},{"damage":0.0,"enemies":"3 Darklings","floor":41.0,"turns":1.0},{"damage":1.0,"enemies":"Reptomancer","floor":44.0,"turns":3.0},{"damage":0.0,"enemies":"Nemesis","floor":46.0,"turns":5.0},{"damage":0.0,"enemies":"Reptomancer","floor":48.0,"turns":4.0},{"damage":0.0,"enemies":"Donu and Deca","floor":50.0,"turns":6.0},{"damage":0.0,"enemies":"Awakened One","floor":51.0,"turns":13.0},{"damage":0,"enemies":"Shield and Spear","floor":55,"turns":5},{"damage":15,"enemies":"The Heart","floor":56,"turns":9}],"seed_played":"-8480691159178348980","potions_obtained":[{"floor":5.0,"key":"Poison Potion"},{"floor":5.0,"key":"Strength Potion"},{"floor":6.0,"key":"Ancient Potion"},{"floor":13.0,"key":"FearPotion"},{"floor":24.0,"key":"Ancient Potion"},{"floor":30.0,"key":"FearPotion"},{"floor":31.0,"key":"SpeedPotion"},{"floor":33.0,"key":"SteroidPotion"},{"floor":38.0,"key":"Block Potion"},{"floor":39.0,"key":"Weak Potion"},{"floor":40.0,"key":"PowerPotion"},{"floor":44.0,"key":"Weak Potion"},{"floor":46.0,"key":"PowerPotion"},{"floor":48.0,"key":"SkillPotion"}],"is_trial":false,"path_per_floor":["M","?","$","M","?","E","R","M","T","M","?","R","M","E","R","B",null,"M","M","$","?","$","R","E","R","T","M","M","E","M","M","R","B",null,"M","M","$","?","M","E","M","R","T","E","?","E","R","E","R","B","B",null,"R","$","E","B",null],"character_chosen":"THE_SILENT","items_purchased":["Well Laid Plans","Bronze Scales","Bag of Preparation","Purity+1","Weak Potion"],"campfire_rested":0,"item_purchase_floors":[3,20,54,54,54],"current_hp_per_floor":[59,59,59,59,59,59,59,59,59,54,54,54,52,52,52,44,61,58,58,58,58,58,58,36,36,36,36,36,30,26,26,26,13,53,53,53,53,53,59,65,66,66,66,66,66,76,76,76,76,76,76,76,76,76,83,68],"gold":64,"neow_bonus":"THREE_ENEMY_KILL","is_prod":false,"is_daily":false,"chose_seed":false,"campfire_upgraded":9,"win_rate":0,"timestamp":1549376949,"path_taken":["M","?","$","?","?","E","R","?","T","M","?","R","M","E","R","BOSS","M","M","$","?","?","R","E","R","T","?","M","E","M","M","R","BOSS","M","M","$","?","M","E","M","R","T","E","?","E","R","E","R","BOSS","BOSS","R","$","E","BOSS"],"build_version":"2019-01-23","purchased_purges":4,"victory":true,"max_hp_per_floor":[66,66,66,66,66,66,66,66,66,66,66,66,66,66,66,66,66,66,66,66,66,66,66,66,66,66,66,66,66,66,66,66,66,66,66,66,66,66,66,66,66,66,66,66,66,76,76,76,76,76,76,76,76,76,83,83],"card_choices":[{"not_picked":["Dagger Throw","Acrobatics"],"picked":"Footwork","floor":1.0},{"not_picked":["Slice","Quick Slash"],"picked":"Backflip","floor":4.0},{"not_picked":["Flechettes","Endless Agony"],"picked":"Catalyst","floor":6.0},{"not_picked":["Sucker Punch","Deflect"],"picked":"After Image","floor":8.0},{"not_picked":["Outmaneuver","Deflect","Blade Dance"],"picked":"SKIP","floor":10.0},{"not_picked":["PiercingWail","Predator"],"picked":"Escape Plan","floor":13.0},{"not_picked":["Cloak And Dagger","Slice"],"picked":"Deadly Poison","floor":14.0},{"not_picked":["Envenom","Doppelganger"],"picked":"Adrenaline","floor":16.0},{"not_picked":["Dagger Throw+1","Poisoned Stab","Deadly Poison"],"picked":"SKIP","floor":18.0},{"not_picked":["Tactician","Dodge and Roll","Outmaneuver"],"picked":"SKIP","floor":19.0},{"not_picked":["Masterful Stab","Infinite Blades","Quick Slash"],"picked":"SKIP","floor":24.0},{"not_picked":["Masterful Stab","Sucker Punch"],"picked":"Tactician+1","floor":27.0},{"not_picked":["Slice","Quick Slash+1","Blade Dance+1"],"picked":"SKIP","floor":28.0},{"not_picked":["Backstab","Terror+1"],"picked":"Prepared+1","floor":29.0},{"not_picked":["Underhanded Strike","Sucker Punch","Flying Knee"],"picked":"SKIP","floor":30.0},{"not_picked":["Flying Knee","Outmaneuver+1"],"picked":"Corpse Explosion+1","floor":31.0},{"not_picked":["A Thousand Cuts","Storm of Steel+1"],"picked":"Doppelganger+1","floor":33.0},{"not_picked":["Deadly Poison+1"],"picked":"SKIP","floor":35.0},{"not_picked":[],"picked":"Escape Plan+1","floor":36.0},{"not_picked":["Dagger Throw"],"picked":"SKIP","floor":39.0},{"not_picked":["Concentrate+1"],"picked":"SKIP","floor":40.0},{"not_picked":["Outmaneuver+1"],"picked":"SKIP","floor":41.0},{"not_picked":["Sucker Punch"],"picked":"SKIP","floor":44.0},{"not_picked":[],"picked":"Well Laid Plans","floor":46.0},{"not_picked":["Deadly Poison+1"],"picked":"SKIP","floor":48.0},{"not_picked":["Outmaneuver+1"],"picked":"SKIP","floor":55}],"player_experience":2550941,"relics_obtained":[{"floor":6.0,"key":"War Paint"},{"floor":9.0,"key":"Art of War"},{"floor":14.0,"key":"The Courier"},{"floor":24.0,"key":"Dodecahedron"},{"floor":24.0,"key":"StoneCalendar"},{"floor":26.0,"key":"Toxic Egg 2"},{"floor":29.0,"key":"Dream Catcher"},{"floor":29.0,"key":"Gremlin Horn"},{"floor":38.0,"key":"Bird Faced Urn"},{"floor":40.0,"key":"Blood Vial"},{"floor":40.0,"key":"Turnip"},{"floor":44.0,"key":"The Specimen"},{"floor":44.0,"key":"Bottled Lightning"},{"floor":46.0,"key":"Pear"},{"floor":46.0,"key":"Paper Crane"},{"floor":48.0,"key":"Meat on the Bone"},{"floor":48.0,"key":"Ornamental Fan"},{"floor":55,"key":"Bottled Tornado"},{"floor":55,"key":"Strawberry"}],"event_choices":[{"cards_removed":["Strike_G"],"damage_healed":0.0,"max_hp_gain":0.0,"max_hp_loss":0.0,"gold_gain":0.0,"event_name":"Bonfire Elementals","player_choice":"Offered Basic","floor":2.0,"gold_loss":0.0,"damage_taken":0.0},{"damage_healed":0.0,"max_hp_gain":0.0,"max_hp_loss":0.0,"gold_gain":0.0,"event_name":"Lab","player_choice":"Got Potions","floor":5.0,"gold_loss":0.0,"damage_taken":0.0},{"damage_healed":0.0,"max_hp_gain":0.0,"max_hp_loss":0.0,"gold_gain":0.0,"cards_transformed":["Strike_G"],"event_name":"Living Wall","player_choice":"Change","floor":11.0,"gold_loss":0.0,"damage_taken":0.0,"cards_obtained":["Poisoned Stab"]},{"damage_healed":0.0,"max_hp_gain":0.0,"max_hp_loss":0.0,"gold_gain":0.0,"event_name":"Accursed Blacksmith","player_choice":"Forge","floor":21.0,"gold_loss":0.0,"damage_taken":0.0,"cards_upgraded":["Deadly Poison"]},{"damage_healed":0.0,"max_hp_gain":0.0,"max_hp_loss":0.0,"gold_gain":0.0,"event_name":"Mysterious Sphere","player_choice":"Fight","floor":38.0,"gold_loss":0.0,"damage_taken":0.0},{"damage_healed":0.0,"max_hp_gain":0.0,"max_hp_loss":0.0,"gold_gain":0.0,"event_name":"Match and Keep!","player_choice":"2 cards matched","floor":45.0,"gold_loss":0.0,"damage_taken":0.0,"cards_obtained":["Venomology","Escape Plan"]}],"is_beta":false,"boss_relics":[{"not_picked":["Ring of the Serpent","Orrery"],"picked":"Black Star"},{"not_picked":["White Beast Statue","Calling Bell"],"picked":"Busted Crown"}],"items_purged_floors":[20,22,37,54],"is_endless":false,"potions_floor_spawned":[6,13,14,19,24,30,31,33,38,39,40,44,46,48],"ascension_level":20}