{"gold_per_floor":[113,127,127,52,66,66,91,91,117,17,17,36,66,77,77,151,151,165,165,165,180,55,55,55],"floor_reached":24,"playtime":554,"items_purged":["Strike_R","Defend_R","Strike_R"],"score":408,"play_id":"be9d2c4a-4bf7-49b1-8742-487457a54b73","local_time":"20190308210434","is_ascension_mode":true,"campfire_choices":[{"data":"Perfected Strike","floor":6.0,"key":"SMITH"},{"data":"Bash","floor":8.0,"key":"SMITH"},{"data":"Shrug It Off","floor":11.0,"key":"SMITH"},{"data":"Demon Form","floor":15.0,"key":"SMITH"},{"data":"Body Slam","floor":23,"key":"SMITH"}],"neow_cost":"NONE","seed_source_timestamp":35741636238493,"circlet_count":0,"master_deck":["AscendersBane","Strike_R","Strike_R","Defend_R","Defend_R","Defend_R","Bash+1","Disarm","Ghostly Armor","Perfected Strike+1","Shrug It Off+1","Demon Form+1","Body Slam+1","Double Tap","Shrug It Off"],"special_seed":0,"relics":["Burning Blood","NeowsBlessing","Happy Flower","Bag of Marbles","Runic Dome"],"potions_floor_usage":[],"damage_taken":[{"damage":0.0,"enemies":"Jaw Worm","floor":1.0,"turns":1.0},{"damage":0.0,"enemies":"Cultist","floor":2.0,"turns":1.0},{"damage":0.0,"enemies":"Small Slimes","floor":5.0,"turns":1.0},{"damage":63.0,"enemies":"Lagavulin","floor":7.0,"turns":11.0},{"damage":0.0,"enemies":"Exordium Wildlife","floor":12.0,"turns":3.0},{"damage":8.0,"enemies":"Gremlin Nob","floor":13.0,"turns":3.0},{"damage":6.0,"enemies":"Lots of Slimes","floor":14.0,"turns":2.0},{"damage":9.0,"enemies":"Hexaghost","floor":16.0,"turns":7.0},{"damage":28,"enemies":"Chosen","floor":18,"turns":5},{"damage":26,"enemies":"Spheric Guardian","floor":21,"turns":6},{"damage":19,"enemies":"Book of Stabbing","floor":24,"turns":4}],"seed_played":"-4679527828112259799","potions_obtained":[{"floor":1.0,"key":"SteroidPotion"},{"floor":3.0,"key":"Explosive Potion"},{"floor":13.0,"key":"LiquidBronze"},{"floor":16.0,"key":"Ancient Potion"},{"floor":21,"key":"Explosive Potion"}],"is_trial":false,"path_per_floor":["M","M","?","$","M","R","E","R","T","$","R","M","E","M","R","B",null,"M","?","?","M","$","R","E"],"character_chosen":"IRONCLAD","items_purchased":[],"campfire_rested":0,"item_purchase_floors":[],"current_hp_per_floor":[74,75,75,75,75,75,18,18,18,18,18,24,22,22,22,19,61,39,39,39,19,19,19,0],"gold":55,"neow_bonus":"THREE_ENEMY_KILL","is_prod":false,"is_daily":false,"chose_seed":false,"campfire_upgraded":5,"win_rate":0,"timestamp":1552050274,"path_taken":["M","M","?","$","M","R","E","R","T","$","R","?","E","M","R","BOSS","M","?","?","M","$","R","E"],"build_version":"2019-01-23","purchased_purges":3,"victory":false,"max_hp_per_floor":[75,75,75,75,75,75,75,75,75,75,75,75,75,75,75,75,75,75,75,75,75,75,75,75],"card_choices":[{"not_picked":["Clothesline","Pummel"],"picked":"Disarm","floor":1.0},{"not_picked":["Armaments","Headbutt"],"picked":"Ghostly Armor","floor":2.0},{"not_picked":["Sword Boomerang","Headbutt"],"picked":"Perfected Strike","floor":5.0},{"not_picked":["Entrench","Body Slam"],"picked":"Shrug It Off","floor":7.0},{"not_picked":["Anger","Sword Boomerang"],"picked":"Demon Form","floor":12.0},{"not_picked":["Twin Strike","Infernal Blade","Inflame"],"picked":"SKIP","floor":13.0},{"not_picked":["Entrench","Whirlwind"],"picked":"Body Slam","floor":14.0},{"not_picked":["Dark Embrace","Bludgeon"],"picked":"Double Tap","floor":16.0},{"not_picked":["Sever Soul","Thunderclap+1"],"picked":"Shrug It Off","floor":18},{"not_picked":["Body Slam","Clothesline","Cleave"],"picked":"SKIP","floor":21}],"player_experience":3417647,"relics_obtained":[{"floor":7.0,"key":"Happy Flower"},{"floor":13.0,"key":"Bag of Marbles"}],"event_choices":[{"damage_healed":0.0,"max_hp_gain":0.0,"max_hp_loss":0.0,"gold_gain":0.0,"event_name":"Lab","player_choice":"Got Potions","floor":3.0,"gold_loss":0.0,"damage_taken":0.0},{"cards_removed":["Strike_R"],"damage_healed":0,"gold_gain":0,"player_choice":"Elegance","damage_taken":0,"max_hp_gain":0,"max_hp_loss":0,"event_name":"Back to Basics","floor":19,"gold_loss":0},{"damage_healed":0,"gold_gain":0,"player_choice":"Ignored","damage_taken":0,"max_hp_gain":0,"max_hp_loss":0,"event_name":"The Mausoleum","floor":20,"gold_loss":0}],"is_beta":false,"boss_relics":[{"not_picked":["Cursed Key","Pandora\u0027s Box"],"picked":"Runic Dome"}],"items_purged_floors":[4,10,22],"is_endless":false,"potions_floor_spawned":[1,7,13,16,21],"killed_by":"Book of Stabbing","ascension_level":20}