{"gold_per_floor":[109,125,140,153,228,228,241,259,259,259],"floor_reached":10,"playtime":243,"items_purged":[],"score":124,"play_id":"6e999ef8-503a-4d60-b20f-5df8ede84639","local_time":"20190205154257","is_ascension_mode":true,"campfire_choices":[{"data":"Bane","floor":6,"key":"SMITH"}],"neow_cost":"NONE","seed_source_timestamp":0,"circlet_count":0,"master_deck":["AscendersBane","Defend_G","Defend_G","Defend_G","Defend_G","Defend_G","Strike_G","Strike_G","Strike_G","Strike_G","Strike_G","Survivor","Neutralize","Bane+1","Deadly Poison","Acrobatics","After Image"],"special_seed":0,"relics":["Ring of the Snake","NeowsBlessing","Ancient Tea Set"],"potions_floor_usage":[],"damage_taken":[{"damage":0,"enemies":"Small Slimes","floor":1,"turns":2},{"damage":0,"enemies":"2 Louse","floor":2,"turns":1},{"damage":0,"enemies":"Jaw Worm","floor":3,"turns":1},{"damage":9,"enemies":"Looter","floor":4,"turns":5},{"damage":19,"enemies":"Large Slime","floor":7,"turns":8},{"damage":4,"enemies":"Blue Slaver","floor":8,"turns":4},{"damage":16,"enemies":"The Mushroom Lair","floor":10,"turns":2}],"seed_played":"-1829753782308178759","potions_obtained":[{"floor":3,"key":"FearPotion"},{"floor":4,"key":"SteroidPotion"}],"is_trial":false,"path_per_floor":["M","M","M","M","?","R","M","M","T","?"],"character_chosen":"THE_SILENT","items_purchased":[],"campfire_rested":0,"item_purchase_floors":[],"current_hp_per_floor":[59,59,59,50,39,39,20,16,16,0],"gold":259,"neow_bonus":"THREE_ENEMY_KILL","is_prod":false,"is_daily":false,"chose_seed":false,"campfire_upgraded":1,"win_rate":0,"timestamp":1549352577,"path_taken":["M","M","M","M","?","R","M","M","T","?"],"build_version":"2019-01-23","purchased_purges":0,"victory":false,"max_hp_per_floor":[66,66,66,66,66,66,66,66,66,66],"card_choices":[{"not_picked":["PiercingWail","Deflect","Setup"],"picked":"SKIP","floor":1},{"not_picked":["All Out Attack","Calculated Gamble"],"picked":"Bane","floor":2},{"not_picked":["Cloak And Dagger","Flechettes","Sucker Punch"],"picked":"SKIP","floor":3},{"not_picked":["Bane","Dodge and Roll"],"picked":"Deadly Poison","floor":4},{"not_picked":["Quick Slash","Underhanded Strike"],"picked":"Acrobatics","floor":7},{"not_picked":["Dodge and Roll","Deadly Poison"],"picked":"After Image","floor":8}],"player_experience":1423429,"relics_obtained":[{"floor":9,"key":"Ancient Tea Set"}],"event_choices":[{"damage_healed":0,"gold_gain":75,"player_choice":"Gather Gold","damage_taken":11,"max_hp_gain":0,"max_hp_loss":0,"event_name":"World of Goop","floor":5,"gold_loss":0},{"damage_healed":0,"gold_gain":0,"player_choice":"Fought Mushrooms","damage_taken":0,"max_hp_gain":0,"max_hp_loss":0,"event_name":"Mushrooms","floor":10,"gold_loss":0}],"is_beta":true,"boss_relics":[],"items_purged_floors":[],"is_endless":false,"potions_floor_spawned":[3,4],"killed_by":"The Mushroom Lair","ascension_level":20}