{"gold_per_floor":[18,93,93,18,28,28,178,191,259,276,276,287,287,55,55,130,130,149,49,66,79,94,128,128,154,179,179,190,190,203,218,218,289,289,308,361,236,236,251,286,296,296,320,339,113,113,131,144,144,144,144,144,144,91,120,120],"floor_reached":57,"playtime":3852,"items_purged":["Doubt","Strike_G","Strike_G"],"score":3282,"play_id":"b350c4ca-efe1-4380-9855-a60f19b9d3e4","local_time":"20190514135959","is_ascension_mode":true,"campfire_choices":[{"data":"Well Laid Plans","floor":6.0,"key":"SMITH"},{"data":"Flechettes","floor":11.0,"key":"SMITH"},{"data":"Bouncing Flask","floor":13.0,"key":"SMITH"},{"data":"Crippling Poison","floor":15.0,"key":"SMITH"},{"data":"Wraith Form v2","floor":24.0,"key":"SMITH"},{"floor":27.0,"key":"REST"},{"data":"Tactician","floor":29.0,"key":"SMITH"},{"floor":32.0,"key":"RECALL"},{"data":"Neutralize","floor":42.0,"key":"SMITH"},{"data":"Survivor","floor":46.0,"key":"SMITH"},{"data":"Bullet Time","floor":49.0,"key":"SMITH"},{"data":"Defend_G","floor":53,"key":"SMITH"}],"neow_cost":"NO_GOLD","seed_source_timestamp":16168790834528,"circlet_count":0,"master_deck":["AscendersBane","Defend_G","Defend_G","Defend_G+1","Survivor+1","Neutralize+1","Well Laid Plans+1","Endless Agony","Crippling Poison+1","Flechettes+1","Bouncing Flask+1","Wraith Form v2+1","Bullet Time+1","Tactician+1","Acrobatics+1","Backflip+1","Catalyst+1","PiercingWail+1"],"special_seed":0,"relics":["Ring of the Snake","Bottled Tornado","Empty Cage","Pantograph","Meat on the Bone","Blood Vial","Runic Pyramid","Gambling Chip","Potion Belt","Medical Kit","Pear"],"potions_floor_usage":[56,56],"damage_taken":[{"damage":3.0,"enemies":"Cultist","floor":1.0,"turns":5.0},{"damage":8.0,"enemies":"Small Slimes","floor":5.0,"turns":6.0},{"damage":0.0,"enemies":"2 Louse","floor":8.0,"turns":3.0},{"damage":4.0,"enemies":"Exordium Wildlife","floor":10.0,"turns":5.0},{"damage":8.0,"enemies":"Lots of Slimes","floor":12.0,"turns":5.0},{"damage":17.0,"enemies":"Slime Boss","floor":16.0,"turns":10.0},{"damage":5.0,"enemies":"2 Thieves","floor":18.0,"turns":3.0},{"damage":8.0,"enemies":"Shell Parasite","floor":20.0,"turns":4.0},{"damage":0.0,"enemies":"Snake Plant","floor":21.0,"turns":4.0},{"damage":4.0,"enemies":"Cultist and Chosen","floor":22.0,"turns":5.0},{"damage":36.0,"enemies":"Book of Stabbing","floor":23.0,"turns":5.0},{"damage":0.0,"enemies":"Gremlin Leader","floor":25.0,"turns":7.0},{"damage":0.0,"enemies":"Centurion and Healer","floor":28.0,"turns":5.0},{"damage":0.0,"enemies":"Shelled Parasite and Fungi","floor":30.0,"turns":4.0},{"damage":0.0,"enemies":"3 Cultists","floor":31.0,"turns":4.0},{"damage":0.0,"enemies":"Automaton","floor":33.0,"turns":6.0},{"damage":17.0,"enemies":"3 Shapes","floor":35.0,"turns":4.0},{"damage":36.0,"enemies":"2 Orb Walkers","floor":36.0,"turns":5.0},{"damage":1.0,"enemies":"Orb Walker","floor":39.0,"turns":3.0},{"damage":0.0,"enemies":"Giant Head","floor":40.0,"turns":3.0},{"damage":2.0,"enemies":"Writhing Mass","floor":41.0,"turns":4.0},{"damage":0.0,"enemies":"4 Shapes","floor":44.0,"turns":3.0},{"damage":1.0,"enemies":"Transient","floor":47.0,"turns":6.0},{"damage":0.0,"enemies":"3 Darklings","floor":48.0,"turns":3.0},{"damage":0,"enemies":"Donu and Deca","floor":50,"turns":3},{"damage":0,"enemies":"Time Eater","floor":51,"turns":5},{"damage":0,"enemies":"Shield and Spear","floor":55,"turns":3},{"damage":45,"enemies":"The Heart","floor":56,"turns":7}],"seed_played":"7991998407596497303","potions_obtained":[{"floor":1.0,"key":"Swift Potion"},{"floor":8.0,"key":"GamblersBrew"},{"floor":18.0,"key":"Poison Potion"},{"floor":28.0,"key":"Poison Potion"},{"floor":30.0,"key":"GamblersBrew"},{"floor":31.0,"key":"Fruit Juice"},{"floor":38.0,"key":"Ancient Potion"},{"floor":40.0,"key":"Fruit Juice"},{"floor":44.0,"key":"Explosive Potion"},{"floor":47.0,"key":"Energy Potion"}],"is_trial":false,"path_per_floor":["M","?","?","?","M","R","?","M","T","M","R","M","R","$","R","B",null,"M","$","M","M","M","E","R","E","T","R","M","R","M","M","R","B",null,"M","?","$","?","M","E","M","R","T","M","$","R","M","M","R","B","B",null,"R","$","E","B",null],"character_chosen":"THE_SILENT","items_purchased":["Wraith Form v2","Medical Kit","Block Potion"],"campfire_rested":1,"item_purchase_floors":[14,45,54],"current_hp_per_floor":[56,45,66,66,58,58,58,58,58,54,54,46,46,46,46,29,57,52,52,44,44,40,4,4,4,4,23,37,37,39,46,46,71,71,54,32,32,32,45,47,47,47,47,49,49,49,55,57,57,76,76,76,76,76,86,53],"gold":120,"neow_bonus":"REMOVE_TWO","is_prod":false,"is_daily":false,"chose_seed":false,"campfire_upgraded":10,"win_rate":0,"timestamp":1557813599,"path_taken":["M","?","?","?","M","R","?","?","T","M","R","M","R","$","R","BOSS","M","$","M","?","M","E","R","E","T","R","M","R","M","M","R","BOSS","M","?","$","?","?","E","M","R","T","M","?","R","M","M","R","BOSS","BOSS","R","$","E","BOSS"],"build_version":"2019-01-23","purchased_purges":3,"victory":true,"max_hp_per_floor":[66,66,66,66,66,66,66,66,66,66,66,66,66,66,66,66,66,66,66,66,66,66,66,66,66,66,66,66,66,66,71,71,71,71,71,71,71,71,71,71,71,71,71,71,71,71,76,76,76,76,76,76,76,76,86,86],"card_choices":[{"not_picked":["Dash","Flying Knee"],"picked":"Well Laid Plans","floor":1.0},{"not_picked":["Flying Knee","Blade Dance"],"picked":"Endless Agony","floor":5.0},{"not_picked":["Cloak And Dagger","Dodge and Roll"],"picked":"Crippling Poison","floor":8.0},{"not_picked":["Distraction","Finisher"],"picked":"Flechettes","floor":10.0},{"not_picked":["Sucker Punch","Distraction"],"picked":"Bouncing Flask","floor":12.0},{"not_picked":["A Thousand Cuts","Doppelganger"],"picked":"Bullet Time","floor":16.0},{"not_picked":["Footwork","Dodge and Roll","Slice"],"picked":"SKIP","floor":18.0},{"not_picked":["Underhanded Strike+1","Flying Knee","Bane+1"],"picked":"SKIP","floor":20.0},{"not_picked":["Concentrate","Quick Slash","Dash"],"picked":"SKIP","floor":21.0},{"not_picked":["Eviscerate+1","Dash","Slice+1"],"picked":"SKIP","floor":22.0},{"not_picked":["Poisoned Stab","Storm of Steel"],"picked":"Tactician","floor":23.0},{"not_picked":["Prepared","PiercingWail"],"picked":"Acrobatics+1","floor":25.0},{"not_picked":["Dagger Throw+1","Underhanded Strike","Blade Dance+1"],"picked":"SKIP","floor":28.0},{"not_picked":["Calculated Gamble","Poisoned Stab"],"picked":"Backflip+1","floor":30.0},{"not_picked":["Deadly Poison+1","Dagger Throw","Blade Dance+1"],"picked":"SKIP","floor":31.0},{"not_picked":["Sucker Punch","Dagger Spray+1"],"picked":"Catalyst+1","floor":35.0},{"not_picked":["Sucker Punch","Well Laid Plans","Dagger Throw+1"],"picked":"SKIP","floor":39.0},{"not_picked":["Acrobatics","Quick Slash","Dagger Spray"],"picked":"SKIP","floor":40.0},{"not_picked":["Quick Slash","Unload","Flying Knee"],"picked":"SKIP","floor":41.0},{"not_picked":["All Out Attack","Flechettes+1","PiercingWail+1"],"picked":"SKIP","floor":44.0},{"not_picked":["All Out Attack","Flechettes+1"],"picked":"PiercingWail+1","floor":44.0},{"not_picked":["All Out Attack","Finisher+1","Reflex"],"picked":"SKIP","floor":47.0},{"not_picked":["Infinite Blades","Acrobatics+1","Cloak And Dagger"],"picked":"SKIP","floor":48.0},{"not_picked":["Infinite Blades","Acrobatics+1","Cloak And Dagger"],"picked":"SKIP","floor":48.0},{"not_picked":["Outmaneuver","Dodge and Roll","Tactician+1"],"picked":"SKIP","floor":55}],"player_experience":4746236,"relics_obtained":[{"floor":9.0,"key":"Bottled Tornado"},{"floor":23.0,"key":"Pantograph"},{"floor":25.0,"key":"Meat on the Bone"},{"floor":26.0,"key":"Blood Vial"},{"floor":36.0,"key":"Gambling Chip"},{"floor":40.0,"key":"Potion Belt"},{"floor":55,"key":"Pear"}],"event_choices":[{"damage_healed":0.0,"max_hp_gain":0.0,"max_hp_loss":0.0,"gold_gain":75.0,"event_name":"World of Goop","player_choice":"Gather Gold","floor":2.0,"gold_loss":0.0,"damage_taken":11.0},{"damage_healed":22.0,"max_hp_gain":0.0,"max_hp_loss":0.0,"gold_gain":0.0,"event_name":"Big Fish","player_choice":"Banana","floor":3.0,"gold_loss":0.0,"damage_taken":0.0},{"cards_removed":["Defend_G"],"damage_healed":0.0,"max_hp_gain":0.0,"max_hp_loss":0.0,"gold_gain":0.0,"event_name":"The Cleric","player_choice":"Card Removal","floor":4.0,"gold_loss":75.0,"damage_taken":0.0},{"damage_healed":0.0,"max_hp_gain":0.0,"max_hp_loss":0.0,"gold_gain":150.0,"event_name":"Liars Game","player_choice":"AGREE","floor":7.0,"gold_loss":0.0,"damage_taken":0.0,"cards_obtained":["Doubt"]},{"damage_healed":0.0,"max_hp_gain":0.0,"max_hp_loss":0.0,"gold_gain":0.0,"event_name":"Mysterious Sphere","player_choice":"Fight","floor":36.0,"gold_loss":0.0,"damage_taken":0.0},{"damage_healed":0.0,"max_hp_gain":0.0,"max_hp_loss":0.0,"gold_gain":0.0,"event_name":"Lab","player_choice":"Got Potions","floor":38.0,"gold_loss":0.0,"damage_taken":0.0}],"is_beta":false,"boss_relics":[{"not_picked":["Black Star","Ring of the Serpent"],"picked":"Empty Cage"},{"not_picked":["Fusion Hammer","Coffee Dripper"],"picked":"Runic Pyramid"}],"items_purged_floors":[14,19,37],"is_endless":false,"potions_floor_spawned":[1,8,10,18,28,30,31,40,44,47,48],"ascension_level":20}