{"gold_per_floor":[115,135,152,35,35,35,53,78,78,78,101,101,51,64,64,136,136,156,156,156,106,0,0,12,24,48,48,6,6,26,76,76,152,152,162,31,31,0,0,0,28,46,46,59,59,59,9,27,27,27,27,27,27,27,61,61],"floor_reached":56,"playtime":4269,"items_purged":["Strike_G","Strike_G","Strike_G","Strike_G","Defend_G"],"score":1927,"play_id":"dbe9ae23-be80-477c-a7aa-964ce8ca86ed","local_time":"20181227142646","is_ascension_mode":true,"campfire_choices":[{"data":"Noxious Fumes","floor":6.0,"key":"SMITH"},{"data":"Well Laid Plans","floor":10.0,"key":"SMITH"},{"data":"Neutralize","floor":12.0,"key":"SMITH"},{"data":"Caltrops","floor":15.0,"key":"SMITH"},{"data":"Footwork","floor":23,"key":"SMITH"},{"data":"Burst","floor":27,"key":"SMITH"},{"data":"Footwork","floor":32,"key":"SMITH"},{"data":"Footwork","floor":40,"key":"SMITH"},{"floor":45,"key":"RECALL"},{"data":"Purity","floor":49,"key":"SMITH"},{"data":"Backflip","floor":53,"key":"SMITH"}],"neow_cost":"NONE","seed_source_timestamp":5831405876816,"circlet_count":0,"master_deck":["AscendersBane","Defend_G","Defend_G","Defend_G","Defend_G","Survivor","Neutralize+1","Well Laid Plans+1","Noxious Fumes+1","Footwork+1","Backflip+1","Backflip","Caltrops+1","Burst+1","Footwork+1","Backflip","Footwork+1","Backflip+1","Footwork+1","Purity+1","Thinking Ahead","Finesse"],"special_seed":0,"relics":["Ring of the Snake","Smiling Mask","Pantograph","Odd Mushroom","Velvet Choker","Orichalcum","Sozu","Red Mask","Bird Faced Urn","Bronze Scales"],"potions_floor_usage":[24,56],"damage_taken":[{"damage":3.0,"enemies":"Small Slimes","floor":1.0,"turns":4.0},{"damage":2.0,"enemies":"Jaw Worm","floor":2.0,"turns":5.0},{"damage":6.0,"enemies":"2 Louse","floor":3.0,"turns":4.0},{"damage":5.0,"enemies":"Exordium Wildlife","floor":7.0,"turns":5.0},{"damage":15.0,"enemies":"3 Sentries","floor":8.0,"turns":8.0},{"damage":3.0,"enemies":"The Mushroom Lair","floor":11.0,"turns":4.0},{"damage":2.0,"enemies":"Blue Slaver","floor":14.0,"turns":5.0},{"damage":24.0,"enemies":"Hexaghost","floor":16.0,"turns":11.0},{"damage":2,"enemies":"Spheric Guardian","floor":18,"turns":9},{"damage":12,"enemies":"2 Thieves","floor":22,"turns":5},{"damage":0,"enemies":"Shelled Parasite and Fungi","floor":24,"turns":8},{"damage":7,"enemies":"Chosen and Byrds","floor":25,"turns":8},{"damage":0,"enemies":"Snake Plant","floor":30,"turns":5},{"damage":40,"enemies":"Champ","floor":33,"turns":25},{"damage":3,"enemies":"3 Darklings","floor":35,"turns":4},{"damage":0,"enemies":"Giant Head","floor":41,"turns":11},{"damage":0,"enemies":"Orb Walker","floor":42,"turns":4},{"damage":5,"enemies":"4 Shapes","floor":44,"turns":8},{"damage":9,"enemies":"Spire Growth","floor":48,"turns":12},{"damage":22,"enemies":"Time Eater","floor":50,"turns":24},{"damage":12,"enemies":"Awakened One","floor":51,"turns":34},{"damage":0,"enemies":"Shield and Spear","floor":55,"turns":14},{"damage":96,"enemies":"The Heart","floor":56,"turns":14}],"seed_played":"-5758402690475670886","potions_obtained":[{"floor":3.0,"key":"PowerPotion"},{"floor":7.0,"key":"Ancient Potion"},{"floor":30,"key":"Swift Potion"},{"floor":33,"key":"Fire Potion"}],"is_trial":false,"path_per_floor":["M","M","M","$","?","R","M","E","T","R","?","R","$","M","R","B",null,"M","?","?","$","M","R","M","M","T","R","$","?","M","?","R","B",null,"M","$","?","?","?","R","E","M","T","M","R","?","$","M","R","B","B",null,"R","$","E","B"],"character_chosen":"THE_SILENT","items_purchased":["Noxious Fumes","Footwork","Footwork"],"campfire_rested":0,"item_purchase_floors":[4,28,36],"current_hp_per_floor":[62,60,54,54,59,59,54,39,39,39,36,36,36,34,34,35,67,65,65,43,43,31,31,31,24,24,24,24,24,24,24,24,9,64,61,61,51,51,51,51,51,65,65,74,74,74,74,77,77,60,72,80,80,80,82,0],"gold":61,"neow_bonus":"TEN_PERCENT_HP_BONUS","is_prod":false,"is_daily":false,"chose_seed":false,"campfire_upgraded":10,"win_rate":0,"timestamp":1545892006,"path_taken":["M","M","M","$","?","R","M","E","T","R","?","R","?","?","R","BOSS","M","?","?","$","M","R","M","M","T","R","?","?","?","?","R","BOSS","M","$","?","?","?","R","E","M","T","?","R","?","$","M","R","BOSS","BOSS","R","$","E","BOSS"],"build_version":"2018-12-20","purchased_purges":5,"victory":false,"max_hp_per_floor":[72,72,72,72,77,77,77,77,77,77,77,77,77,77,77,77,77,77,77,82,82,82,82,82,82,82,82,82,82,82,82,82,82,82,82,82,82,82,82,82,82,82,82,82,82,82,82,82,82,82,82,82,82,82,82,82],"card_choices":[{"not_picked":["Dagger Throw","Quick Slash","Underhanded Strike"],"picked":"SKIP","floor":1.0},{"not_picked":["Bouncing Flask","Eviscerate"],"picked":"Well Laid Plans","floor":2.0},{"not_picked":["Quick Slash","Flying Knee","PiercingWail"],"picked":"SKIP","floor":3.0},{"not_picked":["Terror","Blade Dance"],"picked":"Footwork","floor":7.0},{"not_picked":["Flying Knee","Poisoned Stab"],"picked":"Backflip","floor":8.0},{"not_picked":["Outmaneuver","Predator"],"picked":"Backflip","floor":11.0},{"not_picked":["Poisoned Stab","Sucker Punch","Caltrops"],"picked":"SKIP","floor":14.0},{"not_picked":["Poisoned Stab","Sucker Punch"],"picked":"Caltrops","floor":14.0},{"not_picked":["Bullet Time","Wraith Form v2"],"picked":"Burst","floor":16.0},{"not_picked":["Distraction","Dodge and Roll"],"picked":"Footwork+1","floor":18},{"not_picked":["Dagger Throw","Setup"],"picked":"Backflip","floor":22},{"not_picked":["Bane","Quick Slash","Dodge and Roll"],"picked":"SKIP","floor":24},{"not_picked":["Choke","Endless Agony","PiercingWail"],"picked":"SKIP","floor":25},{"not_picked":["Dash","Slice","Dodge and Roll"],"picked":"SKIP","floor":30},{"not_picked":["Wraith Form v2","Phantasmal Killer"],"picked":"Grand Finale","floor":33},{"not_picked":["Prepared","Dodge and Roll"],"picked":"Backflip+1","floor":35},{"not_picked":["Jack Of All Trades","Master of Strategy"],"picked":"Purity","floor":37},{"not_picked":["Jack Of All Trades","Magnetism"],"picked":"Thinking Ahead","floor":37},{"not_picked":["Dramatic Entrance","Blind"],"picked":"Finesse","floor":37},{"not_picked":["Sucker Punch+1","Slice","Flying Knee"],"picked":"SKIP","floor":41},{"not_picked":["Dodge and Roll+1","Deadly Poison","Prepared+1"],"picked":"SKIP","floor":42},{"not_picked":["Phantasmal Killer","Flechettes","Poisoned Stab"],"picked":"SKIP","floor":44},{"not_picked":["Reflex+1","Sucker Punch","Calculated Gamble"],"picked":"SKIP","floor":48},{"not_picked":["Crippling Poison+1","Skewer+1","Heel Hook+1"],"picked":"SKIP","floor":55}],"player_experience":1514727,"relics_obtained":[{"floor":8.0,"key":"Smiling Mask"},{"floor":9.0,"key":"Pantograph"},{"floor":11.0,"key":"Odd Mushroom"},{"floor":26,"key":"Orichalcum"},{"floor":41,"key":"Bird Faced Urn"},{"floor":55,"key":"Bronze Scales"}],"event_choices":[{"damage_healed":0.0,"max_hp_gain":5.0,"max_hp_loss":0.0,"gold_gain":0.0,"event_name":"Big Fish","player_choice":"Donut","floor":5.0,"gold_loss":0.0,"damage_taken":0.0},{"damage_healed":0.0,"max_hp_gain":0.0,"max_hp_loss":0.0,"gold_gain":0.0,"event_name":"Mushrooms","player_choice":"Fought Mushrooms","floor":11.0,"gold_loss":0.0,"damage_taken":0.0},{"damage_healed":0,"gold_gain":0,"player_choice":"Ignored","damage_taken":0,"max_hp_gain":0,"max_hp_loss":0,"event_name":"Ghosts","floor":19,"gold_loss":0},{"damage_healed":0,"gold_gain":0,"player_choice":"Shed Blood","damage_taken":27,"max_hp_gain":5,"max_hp_loss":0,"event_name":"Forgotten Altar","floor":20,"gold_loss":0},{"cards_removed":["Strike_G"],"damage_healed":0,"gold_gain":0,"player_choice":"Purged","damage_taken":0,"max_hp_gain":0,"max_hp_loss":0,"event_name":"Purifier","floor":29,"gold_loss":0},{"damage_healed":0,"gold_gain":50,"player_choice":"Stole From Cult","damage_taken":0,"max_hp_gain":0,"max_hp_loss":0,"event_name":"Nest","floor":31,"gold_loss":0},{"damage_healed":0,"gold_gain":0,"player_choice":"Memory 3","damage_taken":10,"max_hp_gain":0,"max_hp_loss":0,"event_name":"SensoryStone","floor":37,"gold_loss":0},{"damage_healed":0,"gold_gain":0,"player_choice":"Paid","damage_taken":0,"relics_obtained":["Red Mask"],"max_hp_gain":0,"max_hp_loss":0,"event_name":"Tomb of Lord Red Mask","floor":38,"gold_loss":31},{"damage_healed":0,"gold_gain":0,"player_choice":"Ignored","damage_taken":0,"max_hp_gain":0,"max_hp_loss":0,"event_name":"Mysterious Sphere","floor":39,"gold_loss":0},{"cards_removed":["Grand Finale"],"damage_healed":0,"gold_gain":0,"player_choice":"Removed Attack","damage_taken":0,"max_hp_gain":0,"max_hp_loss":0,"event_name":"Falling","floor":46,"gold_loss":0}],"is_beta":false,"boss_relics":[{"not_picked":["Orrery","Lizard Tail"],"picked":"Velvet Choker"},{"not_picked":["Ring of the Serpent","Runic Dome"],"picked":"Sozu"}],"items_purged_floors":[4,13,21,36,47],"is_endless":false,"potions_floor_spawned":[3,7,8,30,33,41,44],"killed_by":"The Heart","ascension_level":20}