{"gold_per_floor":[116,134,59,59,20,45,60,60,60,75,87,105,105,105,105,177,177,192,92,104,104],"floor_reached":21,"playtime":498,"items_purged":["Strike_B","Strike_B"],"score":412,"play_id":"0a6e76c3-48be-497b-9c29-17fe9b048b55","local_time":"20190108181030","is_ascension_mode":true,"campfire_choices":[{"data":"Zap","floor":13.0,"key":"SMITH"},{"data":"Dualcast","floor":15.0,"key":"SMITH"}],"neow_cost":"NONE","seed_source_timestamp":23776522403299,"circlet_count":0,"master_deck":["AscendersBane","Strike_B","Defend_B","Defend_B","Defend_B+1","Defend_B","Zap+1","Dualcast+1","Gash","Go for the Eyes+1","FTL","Scrape","Gash","Fission","Hologram"],"special_seed":0,"relics":["Cracked Core","NeowsBlessing","StoneCalendar","Nuclear Battery"],"potions_floor_usage":[],"damage_taken":[{"damage":0.0,"enemies":"Cultist","floor":1.0,"turns":1.0},{"damage":0.0,"enemies":"Small Slimes","floor":2.0,"turns":1.0},{"damage":0.0,"enemies":"Gremlin Nob","floor":6.0,"turns":1.0},{"damage":0.0,"enemies":"2 Louse","floor":7.0,"turns":3.0},{"damage":6.0,"enemies":"2 Fungi Beasts","floor":10.0,"turns":3.0},{"damage":4.0,"enemies":"Blue Slaver","floor":11.0,"turns":3.0},{"damage":0.0,"enemies":"Large Slime","floor":12.0,"turns":4.0},{"damage":21.0,"enemies":"Slime Boss","floor":16.0,"turns":7.0},{"damage":14,"enemies":"2 Thieves","floor":18,"turns":4},{"damage":26,"enemies":"Spheric Guardian","floor":20,"turns":4},{"damage":0,"enemies":"Shelled Parasite and Fungi","floor":21,"turns":1}],"seed_played":"7536786492720028673","potions_obtained":[{"floor":2.0,"key":"GamblersBrew"},{"floor":10.0,"key":"Poison Potion"},{"floor":16.0,"key":"SteroidPotion"}],"is_trial":false,"path_per_floor":["M","M","$","?","$","E","M","$","T","M","M","M","R","?","R","B",null,"M","$","M","M"],"character_chosen":"DEFECT","items_purchased":["FTL"],"campfire_rested":0,"item_purchase_floors":[5],"current_hp_per_floor":[64,64,64,64,64,64,64,64,64,58,54,54,54,33,33,12,56,42,42,16,16],"gold":104,"neow_bonus":"THREE_ENEMY_KILL","is_prod":false,"is_daily":false,"chose_seed":false,"campfire_upgraded":2,"win_rate":0,"timestamp":1546942230,"path_taken":["M","?","$","?","$","E","M","$","T","M","?","M","R","?","R","BOSS","M","$","M","M"],"build_version":"2019-01-03v4","purchased_purges":2,"victory":false,"max_hp_per_floor":[71,71,71,71,71,71,71,71,71,71,71,71,71,71,71,71,71,71,71,71,71],"card_choices":[{"not_picked":["Rebound","Barrage"],"picked":"Gash","floor":1.0},{"not_picked":["Stack","Heatsinks"],"picked":"Go for the Eyes","floor":2.0},{"not_picked":["Barrage","Heatsinks"],"picked":"Scrape","floor":6.0},{"not_picked":["Lockon","Chaos","Storm"],"picked":"SKIP","floor":7.0},{"not_picked":["Rebound","Barrage","Stack"],"picked":"SKIP","floor":10.0},{"not_picked":["Turbo","Undo","Sunder"],"picked":"SKIP","floor":11.0},{"not_picked":["Compile Driver","Amplify"],"picked":"Gash","floor":12.0},{"not_picked":["Amplify","Machine Learning"],"picked":"Fission","floor":16.0},{"not_picked":["Leap","Rebound"],"picked":"Hologram","floor":18},{"not_picked":["Streamline","Stack","Barrage"],"picked":"SKIP","floor":20}],"player_experience":1858480,"relics_obtained":[{"floor":9.0,"key":"StoneCalendar"}],"event_choices":[{"cards_removed":["Strike_B"],"damage_healed":0.0,"max_hp_gain":0.0,"max_hp_loss":0.0,"gold_gain":0.0,"event_name":"Bonfire Elementals","player_choice":"Offered Basic","floor":4.0,"gold_loss":0.0,"damage_taken":0.0},{"damage_healed":0.0,"max_hp_gain":0.0,"max_hp_loss":0.0,"gold_gain":0.0,"event_name":"Shining Light","player_choice":"Entered Light","floor":14.0,"gold_loss":0.0,"damage_taken":21.0,"cards_upgraded":["Defend_B","Go for the Eyes"]}],"is_beta":false,"boss_relics":[{"not_picked":["Astrolabe","Calling Bell"],"picked":"Nuclear Battery"}],"items_purged_floors":[3,19],"is_endless":false,"potions_floor_spawned":[2,10,16],"killed_by":"Shelled Parasite and Fungi","ascension_level":20}