{"gold_per_floor":[11,11,26,26,36,36,53,53,53,53,84,13,26,26,26,125,125,138,63,79,79,111,111,111,111,188,206,206,217,228,240,240,336,336,354,374,100,116,116,116,130,130,210,222,222,444,265,292,292,292],"floor_reached":51,"playtime":1207,"items_purged":["Zap","Defend_B","Defend_B"],"score":802,"play_id":"b7cbf59b-3ede-4994-957e-80ae85f048ae","local_time":"20190616023350","is_ascension_mode":false,"campfire_choices":[{"data":"Gash","floor":6.0,"key":"SMITH"},{"data":"Steam Power","floor":8.0,"key":"SMITH"},{"data":"Gash","floor":10.0,"key":"SMITH"},{"data":"Coolheaded","floor":15.0,"key":"SMITH"},{"data":"Coolheaded","floor":25.0,"key":"SMITH"},{"data":"Beam Cell","floor":28.0,"key":"SMITH"},{"data":"Recycle","floor":32.0,"key":"SMITH"},{"data":"Dualcast","floor":40.0,"key":"SMITH"},{"data":"Gash","floor":42.0,"key":"SMITH"},{"data":"Master of Strategy","floor":45.0,"key":"SMITH"},{"data":"Gash","floor":49.0,"key":"SMITH"}],"neow_cost":"NO_GOLD","seed_source_timestamp":27423942184612,"circlet_count":0,"master_deck":["Dualcast+1","Gash+1","Gash+1","Gash+1","Steam Power+1","Coolheaded+1","Beam Cell+1","Coolheaded+1","Biased Cognition","Auto Shields+1","Sunder+1","White Noise+1","Undo+1","All For One","Gash+1","Recycle+1","All For One","Gash+1","Master of Strategy+1","Coolheaded+1","Gash+1"],"special_seed":0,"relics":["Cracked Core","StoneCalendar","Centennial Puzzle","Dodecahedron","Astrolabe","Red Mask","Blood Vial","Bottled Flame","Empty Cage","Pear","Gambling Chip"],"potions_floor_usage":[50,50,50],"damage_taken":[{"damage":7.0,"enemies":"Small Slimes","floor":1.0,"turns":4.0},{"damage":2.0,"enemies":"2 Louse","floor":3.0,"turns":3.0},{"damage":1.0,"enemies":"Cultist","floor":5.0,"turns":3.0},{"damage":6.0,"enemies":"Red Slaver","floor":7.0,"turns":3.0},{"damage":14.0,"enemies":"3 Sentries","floor":11.0,"turns":5.0},{"damage":7.0,"enemies":"Blue Slaver","floor":13.0,"turns":2.0},{"damage":13.0,"enemies":"Slime Boss","floor":16.0,"turns":7.0},{"damage":10.0,"enemies":"2 Thieves","floor":18.0,"turns":2.0},{"damage":7.0,"enemies":"Shell Parasite","floor":20.0,"turns":2.0},{"damage":0.0,"enemies":"Masked Bandits","floor":22.0,"turns":3.0},{"damage":0.0,"enemies":"Cultist and Chosen","floor":27.0,"turns":4.0},{"damage":21.0,"enemies":"Snake Plant","floor":29.0,"turns":3.0},{"damage":0.0,"enemies":"Centurion and Healer","floor":30.0,"turns":4.0},{"damage":0.0,"enemies":"Shelled Parasite and Fungi","floor":31.0,"turns":2.0},{"damage":0.0,"enemies":"Automaton","floor":33.0,"turns":5.0},{"damage":0.0,"enemies":"3 Darklings","floor":35.0,"turns":3.0},{"damage":0.0,"enemies":"Orb Walker","floor":36.0,"turns":2.0},{"damage":0.0,"enemies":"Sphere and 2 Shapes","floor":38.0,"turns":2.0},{"damage":0.0,"enemies":"3 Darklings","floor":41.0,"turns":2.0},{"damage":0.0,"enemies":"Jaw Worm Horde","floor":44.0,"turns":2.0},{"damage":0.0,"enemies":"Giant Head","floor":48.0,"turns":2.0},{"damage":5,"enemies":"Time Eater","floor":50,"turns":3}],"seed_played":"-6532523830726077310","potions_obtained":[{"floor":1.0,"key":"Fire Potion"},{"floor":11.0,"key":"Fruit Juice"},{"floor":27.0,"key":"Strength Potion"},{"floor":29.0,"key":"Block Potion"},{"floor":30.0,"key":"Strength Potion"},{"floor":41.0,"key":"Strength Potion"}],"is_trial":false,"path_per_floor":["M","?","M","?","M","R","M","R","T","R","E","$","M","$","R","B",null,"M","$","M","$","?","?","?","R","T","M","R","M","M","M","R","B",null,"M","M","$","M","?","R","M","R","T","M","R","?","$","E","R","B",null],"character_chosen":"DEFECT","items_purchased":["Coolheaded","Beam Cell","Master of Strategy","Gash"],"campfire_rested":0,"item_purchase_floors":[12,12,37,47],"current_hp_per_floor":[68,53,51,51,50,50,44,44,44,44,35,35,28,28,28,15,80,70,70,63,63,63,63,63,63,63,65,65,46,48,50,50,52,80,80,80,80,80,80,80,80,80,90,90,90,90,90,90,90,85],"gold":292,"neow_bonus":"ONE_RARE_RELIC","is_prod":false,"is_daily":false,"chose_seed":false,"campfire_upgraded":11,"win_rate":0,"timestamp":1560623630,"path_taken":["M","?","M","?","M","R","?","R","T","R","E","$","M","?","R","BOSS","M","$","M","$","?","?","?","R","T","M","R","?","M","M","R","BOSS","M","M","$","M","?","R","M","R","T","M","R","?","$","E","R","BOSS"],"build_version":"2019-01-23","purchased_purges":3,"victory":true,"max_hp_per_floor":[75,75,75,75,75,75,75,75,75,75,80,80,80,80,80,80,80,80,80,80,80,80,80,80,80,80,80,80,80,80,80,80,80,80,80,80,80,80,80,80,80,80,90,90,90,90,90,90,90,90],"card_choices":[{"not_picked":["BootSequence","Hologram"],"picked":"Gash","floor":1.0},{"not_picked":["Genetic Algorithm","Double Energy"],"picked":"Gash","floor":3.0},{"not_picked":["Conserve Battery","Darkness"],"picked":"Gash","floor":5.0},{"not_picked":["Compile Driver","Melter"],"picked":"Steam Power","floor":7.0},{"not_picked":["Compile Driver","Double Energy","Sweeping Beam"],"picked":"SKIP","floor":11.0},{"not_picked":["Sunder","Fusion"],"picked":"Coolheaded","floor":13.0},{"not_picked":["Thunder Strike","Multi-Cast"],"picked":"Biased Cognition","floor":16.0},{"not_picked":["Leap","Beam Cell+1","Rebound"],"picked":"SKIP","floor":18.0},{"not_picked":["Rebound+1","Glacier","Steam+1"],"picked":"SKIP","floor":20.0},{"not_picked":["Conserve Battery","Rebound+1"],"picked":"Undo+1","floor":22.0},{"not_picked":["Ball Lightning+1","Steam","Loop"],"picked":"SKIP","floor":27.0},{"not_picked":["Conserve Battery","Sunder"],"picked":"All For One","floor":29.0},{"not_picked":["Heatsinks+1","Go for the Eyes"],"picked":"Gash+1","floor":30.0},{"not_picked":["Hologram","Cold Snap"],"picked":"Recycle","floor":31.0},{"not_picked":["Creative AI","Machine Learning"],"picked":"All For One","floor":33.0},{"not_picked":["Storm","Go for the Eyes","Ball Lightning"],"picked":"SKIP","floor":35.0},{"not_picked":["Auto Shields+1","Go for the Eyes+1"],"picked":"Gash+1","floor":36.0},{"not_picked":["Fusion","Redo+1"],"picked":"Coolheaded+1","floor":38.0},{"not_picked":["Rebound+1","Steam+1","Ball Lightning+1"],"picked":"SKIP","floor":41.0},{"not_picked":["Barrage+1","Cold Snap+1","Thunder Strike"],"picked":"SKIP","floor":44.0},{"not_picked":["Turbo+1","Sweeping Beam","Scrape+1"],"picked":"SKIP","floor":48.0}],"player_experience":5278418,"relics_obtained":[{"floor":9.0,"key":"Centennial Puzzle"},{"floor":11.0,"key":"Dodecahedron"},{"floor":22.0,"key":"Red Mask"},{"floor":26.0,"key":"Bottled Flame"},{"floor":43.0,"key":"Pear"},{"floor":48.0,"key":"Gambling Chip"}],"event_choices":[{"damage_healed":0.0,"max_hp_gain":0.0,"max_hp_loss":0.0,"gold_gain":0.0,"event_name":"Shining Light","player_choice":"Entered Light","floor":2.0,"gold_loss":0.0,"damage_taken":15.0,"cards_upgraded":["Strike_B","Strike_B"]},{"cards_removed":["Strike_B"],"damage_healed":0.0,"max_hp_gain":0.0,"max_hp_loss":0.0,"gold_gain":0.0,"event_name":"Bonfire Elementals","player_choice":"Offered Basic","floor":4.0,"gold_loss":0.0,"damage_taken":0.0},{"damage_healed":0.0,"max_hp_gain":0.0,"max_hp_loss":0.0,"gold_gain":0.0,"event_name":"Masked Bandits","player_choice":"Fought Bandits","floor":22.0,"gold_loss":0.0,"damage_taken":0.0},{"damage_healed":0.0,"max_hp_gain":0.0,"max_hp_loss":0.0,"gold_gain":0.0,"event_name":"Cursed Tome","player_choice":"Ignored","floor":23.0,"gold_loss":0.0,"damage_taken":0.0},{"damage_healed":0.0,"max_hp_gain":0.0,"max_hp_loss":0.0,"gold_gain":0.0,"event_name":"WeMeetAgain","player_choice":"Gave Potion","floor":24.0,"gold_loss":0.0,"damage_taken":0.0,"relics_obtained":["Blood Vial"]},{"damage_healed":0.0,"max_hp_gain":0.0,"max_hp_loss":0.0,"gold_gain":0.0,"event_name":"Mysterious Sphere","player_choice":"Ignored","floor":39.0,"gold_loss":0.0,"damage_taken":0.0},{"damage_healed":0.0,"max_hp_gain":0.0,"max_hp_loss":0.0,"gold_gain":222.0,"event_name":"Tomb of Lord Red Mask","player_choice":"Wore Mask","floor":46.0,"gold_loss":0.0,"damage_taken":0.0}],"is_beta":false,"boss_relics":[{"not_picked":["Velvet Choker","Eternal Feather"],"picked":"Astrolabe"},{"not_picked":["Runic Dome","Tiny House"],"picked":"Empty Cage"}],"items_purged_floors":[19,37,47],"is_endless":false,"potions_floor_spawned":[1,11,27,29,30,33,35,41],"ascension_level":0}