{"gold_per_floor":[113,113,188,31,43,43,78,78,78,109,5,5,15,48,48,122,122,132,146,196,196,46,46,58,58,58,58,77,111,130,156,156,156],"floor_reached":33,"playtime":1058,"items_purged":["Strike_R"],"score":752,"play_id":"22dcfffe-cccb-4eb0-8ff5-3219983885af","local_time":"20190226103905","is_ascension_mode":true,"campfire_choices":[{"data":"Bash","floor":6.0,"key":"SMITH"},{"data":"Spot Weakness","floor":8.0,"key":"SMITH"},{"data":"Shrug It Off","floor":12.0,"key":"SMITH"},{"data":"Immolate","floor":15.0,"key":"SMITH"},{"data":"Limit Break","floor":23.0,"key":"SMITH"},{"floor":27,"key":"RECALL"},{"data":"True Grit","floor":32,"key":"SMITH"}],"neow_cost":"NONE","seed_source_timestamp":6797128023119,"circlet_count":0,"master_deck":["AscendersBane","Strike_R","Strike_R","Strike_R","Strike_R","Defend_R","Defend_R","Defend_R+1","Defend_R","Bash+1","Rupture+1","Evolve","Dropkick","Spot Weakness+1","Shrug It Off+1","Hemokinesis","Immolate+1","Double Tap","Burning Pact","Sentinel","Pain","Limit Break+1","Sword Boomerang","Dropkick","Rage","True Grit+1","Barricade"],"special_seed":0,"relics":["Burning Blood","NeowsBlessing","The Courier","Question Card","Orichalcum","Red Skull","Runic Dome","WarpedTongs","Anchor","Potion Belt"],"potions_floor_usage":[30,31,31],"damage_taken":[{"damage":0.0,"enemies":"Jaw Worm","floor":1.0,"turns":1.0},{"damage":0.0,"enemies":"2 Louse","floor":5.0,"turns":1.0},{"damage":0.0,"enemies":"Lagavulin","floor":7.0,"turns":1.0},{"damage":32.0,"enemies":"3 Sentries","floor":10.0,"turns":7.0},{"damage":0.0,"enemies":"Cultist","floor":13.0,"turns":3.0},{"damage":18.0,"enemies":"Lagavulin","floor":14.0,"turns":5.0},{"damage":3.0,"enemies":"Slime Boss","floor":16.0,"turns":4.0},{"damage":18.0,"enemies":"Shell Parasite","floor":18.0,"turns":2.0},{"damage":9.0,"enemies":"Chosen","floor":19.0,"turns":3.0},{"damage":17.0,"enemies":"Centurion and Healer","floor":24.0,"turns":3.0},{"damage":21,"enemies":"Snake Plant","floor":28,"turns":3},{"damage":17,"enemies":"Gremlin Leader","floor":29,"turns":3},{"damage":0,"enemies":"Cultist and Chosen","floor":30,"turns":2},{"damage":22,"enemies":"Book of Stabbing","floor":31,"turns":4},{"damage":3,"enemies":"Collector","floor":33,"turns":3}],"seed_played":"-8753207990950107788","potions_obtained":[{"floor":1.0,"key":"FearPotion"},{"floor":14.0,"key":"FearPotion"},{"floor":18.0,"key":"BloodPotion"},{"floor":28,"key":"AttackPotion"},{"floor":30,"key":"Block Potion"}],"is_trial":false,"path_per_floor":["M","?","?","$","M","R","E","R","T","E","$","R","M","E","R","B",null,"M","M","?","?","$","R","M","?","T","R","M","E","M","E","R","B"],"character_chosen":"IRONCLAD","items_purchased":["Evolve","Dropkick","AttackPotion","Limit Break","Sword Boomerang"],"campfire_rested":0,"item_purchase_floors":[4,4,11,22,22],"current_hp_per_floor":[74,51,40,40,46,46,52,52,52,26,26,26,32,20,20,23,62,50,47,47,47,47,47,36,36,36,36,21,10,16,7,7,4],"gold":156,"neow_bonus":"THREE_ENEMY_KILL","is_prod":false,"is_daily":false,"chose_seed":false,"campfire_upgraded":6,"win_rate":0,"timestamp":1551148745,"path_taken":["M","?","?","$","M","R","E","R","T","E","$","R","M","E","R","BOSS","M","M","?","?","$","R","?","?","T","R","M","E","M","E","R","BOSS"],"build_version":"2019-01-23","purchased_purges":1,"victory":false,"max_hp_per_floor":[75,75,75,75,75,75,75,75,75,75,75,75,75,75,75,75,75,75,75,75,75,75,75,75,75,75,75,75,75,75,75,75,75],"card_choices":[{"not_picked":["Anger","Armaments"],"picked":"Rupture","floor":1.0},{"not_picked":["Flex","Iron Wave"],"picked":"Spot Weakness","floor":5.0},{"not_picked":["Reckless Charge","Clothesline","Twin Strike"],"picked":"SKIP","floor":7.0},{"not_picked":["Heavy Blade","Wild Strike","Anger"],"picked":"Shrug It Off","floor":10.0},{"not_picked":["Ghostly Armor","Body Slam","Shrug It Off"],"picked":"Hemokinesis","floor":13.0},{"not_picked":["Infernal Blade","Wild Strike","Evolve"],"picked":"Immolate","floor":14.0},{"not_picked":["Immolate","Brutality","Fiend Fire"],"picked":"Double Tap","floor":16.0},{"not_picked":["Flame Barrier","Cleave","Sword Boomerang"],"picked":"Burning Pact","floor":18.0},{"not_picked":["Body Slam","Anger","Disarm"],"picked":"Sentinel","floor":19.0},{"not_picked":["Ghostly Armor","Sword Boomerang","Pommel Strike"],"picked":"Dropkick","floor":24.0},{"not_picked":["Flame Barrier","Metallicize","Body Slam"],"picked":"Rage","floor":28},{"not_picked":["Heavy Blade","Iron Wave","Pommel Strike","Havoc"],"picked":"SKIP","floor":29},{"not_picked":["Iron Wave+1","Wild Strike","Bloodletting"],"picked":"True Grit","floor":30},{"not_picked":["Wild Strike","Fire Breathing","Twin Strike"],"picked":"Barricade","floor":31}],"player_experience":3154382,"relics_obtained":[{"floor":7.0,"key":"The Courier"},{"floor":9.0,"key":"Question Card"},{"floor":10.0,"key":"Orichalcum"},{"floor":14.0,"key":"Red Skull"},{"floor":29,"key":"Anchor"},{"floor":31,"key":"Potion Belt"}],"event_choices":[{"damage_healed":0.0,"max_hp_gain":0.0,"max_hp_loss":0.0,"gold_gain":0.0,"event_name":"Shining Light","player_choice":"Entered Light","floor":2.0,"gold_loss":0.0,"damage_taken":23.0,"cards_upgraded":["Rupture","Defend_R"]},{"damage_healed":0.0,"max_hp_gain":0.0,"max_hp_loss":0.0,"gold_gain":75.0,"event_name":"World of Goop","player_choice":"Gather Gold","floor":3.0,"gold_loss":0.0,"damage_taken":11.0},{"damage_healed":0.0,"max_hp_gain":0.0,"max_hp_loss":0.0,"gold_gain":50.0,"event_name":"Nest","player_choice":"Stole From Cult","floor":20.0,"gold_loss":0.0,"damage_taken":0.0},{"damage_healed":0.0,"max_hp_gain":0.0,"max_hp_loss":0.0,"gold_gain":0.0,"event_name":"Accursed Blacksmith","player_choice":"Rummage","floor":21.0,"gold_loss":0.0,"damage_taken":0.0,"relics_obtained":["WarpedTongs"],"cards_obtained":["Pain"]},{"damage_healed":0.0,"max_hp_gain":0.0,"max_hp_loss":0.0,"gold_gain":0.0,"event_name":"The Mausoleum","player_choice":"Ignored","floor":25.0,"gold_loss":0.0,"damage_taken":0.0}],"is_beta":false,"boss_relics":[{"not_picked":["Orrery","Busted Crown"],"picked":"Runic Dome"}],"items_purged_floors":[11],"is_endless":false,"potions_floor_spawned":[1,13,14,18,28,30],"killed_by":"Collector","ascension_level":20}