{"gold_per_floor":[359,369,380,161,161,161,177,177,177,177,1,15,40,60,60,138,138,158,158,33,33,44,44,54,54,54,54,68,82,82,132,132,211,211,231,231,331,331,348,375,375,386,386,411,411,440,454,474,474,474,474,474,474,160,189,189],"floor_reached":57,"playtime":2987,"items_purged":["Doubt","Defend_G","Strike_G","Defend_G"],"score":3009,"play_id":"75ae52e2-f48e-43ce-86c5-b1c8c729ac0d","local_time":"20190513182943","is_ascension_mode":true,"campfire_choices":[{"data":"Discovery","floor":6.0,"key":"SMITH"},{"data":"Neutralize","floor":8.0,"key":"SMITH"},{"data":"Footwork","floor":15.0,"key":"SMITH"},{"data":"Acrobatics","floor":23.0,"key":"SMITH"},{"data":"Well Laid Plans","floor":25.0,"key":"SMITH"},{"data":"Well Laid Plans","floor":27.0,"key":"SMITH"},{"data":"Well Laid Plans","floor":30.0,"key":"SMITH"},{"data":"Grand Finale","floor":32.0,"key":"SMITH"},{"data":"Acrobatics","floor":41.0,"key":"SMITH"},{"data":"Tactician","floor":45.0,"key":"SMITH"},{"floor":49.0,"key":"RECALL"},{"floor":53,"key":"DIG"}],"neow_cost":"CURSE","seed_source_timestamp":23858480135566,"circlet_count":0,"master_deck":["AscendersBane","Defend_G","Defend_G","Neutralize+1","Backflip","Well Laid Plans+1","Well Laid Plans+1","Discovery+1","Catalyst","Well Laid Plans+1","Footwork+1","Grand Finale+1","Accuracy+1","After Image+1","Die Die Die+1","Acrobatics+1","Acrobatics+1","Tactician+1","Backflip","After Image"],"special_seed":0,"relics":["Ring of the Snake","Mummified Hand","Mercury Hourglass","Astrolabe","Empty Cage","Art of War","Blue Candle","Shovel","Darkstone Periapt","Bottled Tornado","Whetstone"],"potions_floor_usage":[54,55,56],"damage_taken":[{"damage":1.0,"enemies":"2 Louse","floor":1.0,"turns":3.0},{"damage":12.0,"enemies":"Cultist","floor":2.0,"turns":6.0},{"damage":2.0,"enemies":"Small Slimes","floor":3.0,"turns":5.0},{"damage":42.0,"enemies":"Exordium Thugs","floor":7.0,"turns":8.0},{"damage":6.0,"enemies":"3 Louse","floor":12.0,"turns":4.0},{"damage":6.0,"enemies":"3 Sentries","floor":13.0,"turns":7.0},{"damage":0.0,"enemies":"Exordium Wildlife","floor":14.0,"turns":4.0},{"damage":2.0,"enemies":"Slime Boss","floor":16.0,"turns":11.0},{"damage":7.0,"enemies":"3 Byrds","floor":18.0,"turns":1.0},{"damage":3.0,"enemies":"Shell Parasite","floor":22.0,"turns":3.0},{"damage":4.0,"enemies":"Shelled Parasite and Fungi","floor":24.0,"turns":6.0},{"damage":0.0,"enemies":"3 Cultists","floor":28.0,"turns":3.0},{"damage":12.0,"enemies":"Cultist and Chosen","floor":29.0,"turns":4.0},{"damage":0.0,"enemies":"Automaton","floor":33.0,"turns":5.0},{"damage":0.0,"enemies":"Orb Walker","floor":35.0,"turns":4.0},{"damage":0.0,"enemies":"Mind Bloom Boss Battle","floor":37.0,"turns":3.0},{"damage":8.0,"enemies":"3 Darklings","floor":39.0,"turns":3.0},{"damage":0.0,"enemies":"Giant Head","floor":40.0,"turns":4.0},{"damage":0.0,"enemies":"Spire Growth","floor":42.0,"turns":2.0},{"damage":0.0,"enemies":"Reptomancer","floor":44.0,"turns":3.0},{"damage":7.0,"enemies":"Nemesis","floor":46.0,"turns":5.0},{"damage":1.0,"enemies":"Transient","floor":47.0,"turns":4.0},{"damage":0.0,"enemies":"Sphere and 2 Shapes","floor":48.0,"turns":3.0},{"damage":0.0,"enemies":"Awakened One","floor":50.0,"turns":3.0},{"damage":22,"enemies":"Time Eater","floor":51,"turns":6},{"damage":2,"enemies":"Shield and Spear","floor":55,"turns":2},{"damage":15,"enemies":"The Heart","floor":56,"turns":6}],"seed_played":"6499582291614314611","potions_obtained":[{"floor":7.0,"key":"FairyPotion"},{"floor":10.0,"key":"SteroidPotion"},{"floor":14.0,"key":"SkillPotion"},{"floor":16.0,"key":"LiquidBronze"},{"floor":18.0,"key":"Explosive Potion"},{"floor":55,"key":"Strength Potion"}],"is_trial":false,"path_per_floor":["M","M","M","$","?","R","M","R","T","?","$","M","E","M","R","B",null,"M","?","$","?","M","R","M","R","T","R","M","M","R","?","R","B",null,"M","?","?","?","M","E","R","M","T","E","R","E","M","M","R","B","B",null,"R","$","E","B",null],"character_chosen":"THE_SILENT","items_purchased":["Well Laid Plans","Discovery","Well Laid Plans","Fruit Juice","Swift Potion"],"campfire_rested":0,"item_purchase_floors":[4,4,11,54,54],"current_hp_per_floor":[58,46,44,44,49,49,7,7,7,7,7,1,7,7,7,5,55,48,41,41,41,38,38,34,34,34,34,34,22,22,22,22,22,59,59,59,59,59,51,51,51,51,51,51,51,44,43,43,43,43,21,59,59,64,62,47],"gold":189,"neow_bonus":"TWO_FIFTY_GOLD","is_prod":false,"is_daily":false,"chose_seed":false,"campfire_upgraded":10,"win_rate":0,"timestamp":1557743383,"path_taken":["M","M","M","$","?","R","M","R","T","?","$","?","E","M","R","BOSS","M","?","?","?","M","R","M","R","T","R","?","M","R","?","R","BOSS","M","?","?","?","?","E","R","M","T","E","R","E","M","M","R","BOSS","BOSS","R","$","E","BOSS"],"build_version":"2019-01-23","purchased_purges":4,"victory":true,"max_hp_per_floor":[66,66,66,66,71,71,71,71,71,71,71,71,71,71,71,71,71,71,71,71,71,71,71,71,71,71,71,71,71,71,71,71,71,71,71,71,71,71,71,71,71,71,71,71,71,71,71,71,71,71,71,71,71,76,76,76],"card_choices":[{"not_picked":["Underhanded Strike","Dodge and Roll"],"picked":"Backflip","floor":1.0},{"not_picked":["Dash","Flying Knee"],"picked":"Well Laid Plans","floor":2.0},{"not_picked":["Cloak And Dagger","Blade Dance","Outmaneuver"],"picked":"SKIP","floor":3.0},{"not_picked":["Bouncing Flask","Backflip"],"picked":"Catalyst","floor":7.0},{"not_picked":["Malaise","Cloak And Dagger"],"picked":"Footwork","floor":12.0},{"not_picked":["Bane","Prepared"],"picked":"All Out Attack","floor":13.0},{"not_picked":["Deflect","Accuracy","PiercingWail"],"picked":"SKIP","floor":14.0},{"not_picked":["Envenom","Tools of the Trade"],"picked":"Grand Finale","floor":16.0},{"not_picked":["Dodge and Roll","Bane+1","Accuracy"],"picked":"SKIP","floor":18.0},{"not_picked":["Slice","Flying Knee","Phantasmal Killer"],"picked":"SKIP","floor":22.0},{"not_picked":["Blade Dance","Dagger Spray+1","Outmaneuver+1"],"picked":"SKIP","floor":24.0},{"not_picked":["Dagger Spray","Flying Knee+1","Predator"],"picked":"SKIP","floor":28.0},{"not_picked":["Slice","PiercingWail","Corpse Explosion"],"picked":"SKIP","floor":29.0},{"not_picked":["Dagger Throw","Deflect+1","Masterful Stab"],"picked":"SKIP","floor":35.0},{"not_picked":["Outmaneuver+1","Footwork"],"picked":"Acrobatics","floor":39.0},{"not_picked":["Poisoned Stab","Distraction"],"picked":"Tactician","floor":40.0},{"not_picked":["Outmaneuver","Endless Agony+1"],"picked":"Backflip","floor":42.0},{"not_picked":["Dash","Dagger Throw"],"picked":"After Image","floor":44.0},{"not_picked":["Flying Knee","Accuracy","Blade Dance"],"picked":"SKIP","floor":46.0},{"not_picked":["Sucker Punch","Slice","Acrobatics"],"picked":"SKIP","floor":47.0},{"not_picked":["Flying Knee+1","Heel Hook+1","Dagger Throw"],"picked":"SKIP","floor":48.0},{"not_picked":["Bullet Time","Sucker Punch","Leg Sweep"],"picked":"SKIP","floor":55}],"player_experience":4730306,"relics_obtained":[{"floor":9.0,"key":"Mummified Hand"},{"floor":13.0,"key":"Mercury Hourglass"},{"floor":40.0,"key":"Art of War"},{"floor":43.0,"key":"Blue Candle"},{"floor":44.0,"key":"Shovel"},{"floor":46.0,"key":"Darkstone Periapt"},{"floor":53,"key":"Bottled Tornado"},{"floor":55,"key":"Whetstone"}],"event_choices":[{"damage_healed":0.0,"max_hp_gain":5.0,"max_hp_loss":0.0,"gold_gain":0.0,"event_name":"Big Fish","player_choice":"Donut","floor":5.0,"gold_loss":0.0,"damage_taken":0.0},{"damage_healed":0.0,"max_hp_gain":0.0,"max_hp_loss":0.0,"gold_gain":0.0,"event_name":"Lab","player_choice":"Got Potions","floor":10.0,"gold_loss":0.0,"damage_taken":0.0},{"damage_healed":0.0,"max_hp_gain":0.0,"max_hp_loss":0.0,"gold_gain":0.0,"event_name":"Knowing Skull","player_choice":"","floor":19.0,"potions_obtained":[],"gold_loss":0.0,"damage_taken":7.0,"cards_obtained":[]},{"damage_healed":0.0,"max_hp_gain":0.0,"max_hp_loss":0.0,"gold_gain":0.0,"cards_transformed":["Strike_G"],"event_name":"Transmorgrifier","player_choice":"Transformed","floor":21.0,"gold_loss":0.0,"damage_taken":0.0,"cards_obtained":["Acrobatics"]},{"damage_healed":0.0,"max_hp_gain":0.0,"max_hp_loss":0.0,"gold_gain":50.0,"event_name":"Nest","player_choice":"Stole From Cult","floor":31.0,"gold_loss":0.0,"damage_taken":0.0},{"cards_removed":["Survivor"],"damage_healed":0.0,"max_hp_gain":0.0,"max_hp_loss":0.0,"gold_gain":0.0,"event_name":"Falling","player_choice":"Removed Skill","floor":36.0,"gold_loss":0.0,"damage_taken":0.0},{"damage_healed":0.0,"max_hp_gain":0.0,"max_hp_loss":0.0,"gold_gain":0.0,"event_name":"MindBloom","player_choice":"Fight","floor":37.0,"gold_loss":0.0,"damage_taken":0.0},{"damage_healed":0.0,"max_hp_gain":0.0,"max_hp_loss":0.0,"gold_gain":0.0,"event_name":"Mysterious Sphere","player_choice":"Ignored","floor":38.0,"gold_loss":0.0,"damage_taken":0.0}],"is_beta":false,"boss_relics":[{"not_picked":["HoveringKite","Tiny House"],"picked":"Astrolabe"},{"not_picked":["Eternal Feather","White Beast Statue"],"picked":"Empty Cage"}],"items_purged_floors":[4,11,20,54],"is_endless":false,"potions_floor_spawned":[7,12,14,16,18,22,24,29,42,44,46,47,48,55],"ascension_level":20}