{"gold_per_floor":[362,379,124,138,1,1,1,1,1,1,16,16,42,56,56,127,127,137,74,124,49,65,65,97,97,167,167,194,208,208,18,18,18],"floor_reached":33,"playtime":812,"items_purged":["Strike_G","Strike_G","Strike_G","Defend_G"],"score":522,"play_id":"a3b056fc-50a5-4e99-bba1-a2151f57e9c8","local_time":"20181226213504","is_ascension_mode":true,"campfire_choices":[{"data":"Noxious Fumes","floor":7.0,"key":"SMITH"},{"data":"Noxious Fumes","floor":12.0,"key":"SMITH"},{"data":"Deadly Poison","floor":15,"key":"SMITH"},{"data":"Neutralize","floor":23,"key":"SMITH"},{"data":"Deadly Poison","floor":25,"key":"SMITH"},{"data":"Survivor","floor":27,"key":"SMITH"},{"data":"Defend_G","floor":32,"key":"SMITH"}],"neow_cost":"TEN_PERCENT_HP_LOSS","seed_source_timestamp":33657091137801,"circlet_count":0,"master_deck":["AscendersBane","Defend_G+1","Defend_G","Defend_G","Strike_G","Survivor+1","Neutralize+1","Deadly Poison+1","Deadly Poison+1","Noxious Fumes+1","Purity","Noxious Fumes+1","After Image","Adrenaline+1","Crippling Poison+1","Cloak And Dagger+1","Infinite Blades"],"special_seed":0,"relics":["Ring of the Snake","Membership Card","Snake Skull","Toxic Egg 2","Coffee Dripper","Shuriken","Molten Egg 2","Red Mask","FossilizedHelix"],"potions_floor_usage":[14,22,24],"damage_taken":[{"damage":1.0,"enemies":"2 Louse","floor":1.0,"turns":4.0},{"damage":4.0,"enemies":"Small Slimes","floor":2.0,"turns":4.0},{"damage":2.0,"enemies":"Cultist","floor":4.0,"turns":4.0},{"damage":4.0,"enemies":"3 Louse","floor":11.0,"turns":5.0},{"damage":33,"enemies":"Gremlin Nob","floor":13,"turns":4},{"damage":1,"enemies":"2 Fungi Beasts","floor":14,"turns":4},{"damage":1,"enemies":"Hexaghost","floor":16,"turns":7},{"damage":1,"enemies":"3 Byrds","floor":18,"turns":4},{"damage":6,"enemies":"Chosen","floor":22,"turns":4},{"damage":8,"enemies":"Book of Stabbing","floor":24,"turns":5},{"damage":11,"enemies":"Masked Bandits","floor":28,"turns":3},{"damage":0,"enemies":"Snecko","floor":29,"turns":4},{"damage":7,"enemies":"Collector","floor":33,"turns":2}],"seed_played":"-8992198039061417590","potions_obtained":[{"floor":2.0,"key":"Regen Potion"},{"floor":11.0,"key":"EssenceOfSteel"},{"floor":13,"key":"AttackPotion"},{"floor":16,"key":"Fire Potion"},{"floor":22,"key":"EssenceOfSteel"},{"floor":29,"key":"LiquidBronze"}],"is_trial":false,"path_per_floor":["M","M","$","M","$","?","R","?","T","?","M","R","E","M","R","B",null,"M","$","?","$","M","R","E","R","T","R","?","M","?","$","R","B"],"character_chosen":"THE_SILENT","items_purchased":["Membership Card","Noxious Fumes","Purity","Infinite Blades","FossilizedHelix"],"campfire_rested":0,"item_purchase_floors":[3,5,5,31,31],"current_hp_per_floor":[58,54,54,52,52,45,45,45,45,45,41,41,8,7,7,6,47,46,46,46,46,40,40,32,32,32,32,21,21,5,5,5,0],"gold":18,"neow_bonus":"TWO_FIFTY_GOLD","is_prod":false,"is_daily":false,"chose_seed":false,"campfire_upgraded":7,"win_rate":0,"timestamp":1545831304,"path_taken":["M","M","$","M","$","?","R","?","T","?","M","R","E","M","R","BOSS","M","?","?","$","M","R","E","R","T","R","?","?","?","?","R","BOSS"],"build_version":"2018-12-20","purchased_purges":4,"victory":false,"max_hp_per_floor":[60,60,60,60,60,60,60,60,60,60,60,60,60,60,60,60,60,60,60,60,60,60,60,60,60,60,60,60,60,65,65,65,65],"card_choices":[{"not_picked":["Bane","Slice","Dagger Throw"],"picked":"SKIP","floor":1.0},{"not_picked":["Blade Dance","Flying Knee"],"picked":"Deadly Poison","floor":2.0},{"not_picked":["Masterful Stab","Backflip"],"picked":"Deadly Poison","floor":4.0},{"not_picked":["Cloak And Dagger","Leg Sweep"],"picked":"After Image","floor":11.0},{"not_picked":["Reflex","Underhanded Strike","Caltrops"],"picked":"SKIP","floor":13},{"not_picked":["Blade Dance+1","Skewer","Bane"],"picked":"SKIP","floor":14},{"not_picked":["Storm of Steel+1","Unload"],"picked":"Adrenaline+1","floor":16},{"not_picked":["Caltrops","Outmaneuver+1","Concentrate+1"],"picked":"SKIP","floor":18},{"not_picked":["Poisoned Stab+1","Eviscerate"],"picked":"Crippling Poison+1","floor":22},{"not_picked":["Bane","Dagger Throw+1"],"picked":"Cloak And Dagger+1","floor":24},{"not_picked":["Underhanded Strike+1","Deflect+1","Caltrops"],"picked":"SKIP","floor":29}],"player_experience":1503005,"relics_obtained":[{"floor":13,"key":"Toxic Egg 2"},{"floor":24,"key":"Shuriken"},{"floor":26,"key":"Molten Egg 2"},{"floor":28,"key":"Red Mask"}],"event_choices":[{"cards_removed":["Strike_G"],"damage_healed":0.0,"max_hp_gain":0.0,"max_hp_loss":0.0,"gold_gain":0.0,"event_name":"Golden Wing","player_choice":"Card Removal","floor":6.0,"gold_loss":0.0,"damage_taken":7.0},{"damage_healed":0.0,"max_hp_gain":0.0,"max_hp_loss":0.0,"gold_gain":0.0,"cards_transformed":["Defend_G"],"event_name":"Living Wall","player_choice":"Change","floor":8.0,"gold_loss":0.0,"damage_taken":0.0,"cards_obtained":["Noxious Fumes"]},{"damage_healed":0.0,"max_hp_gain":0.0,"max_hp_loss":0.0,"gold_gain":0.0,"event_name":"WeMeetAgain","player_choice":"Gave Potion","floor":10.0,"gold_loss":0.0,"damage_taken":0.0,"relics_obtained":["Snake Skull"]},{"damage_healed":0,"gold_gain":50,"player_choice":"Stole From Cult","damage_taken":0,"max_hp_gain":0,"max_hp_loss":0,"event_name":"Nest","floor":20,"gold_loss":0},{"damage_healed":0,"gold_gain":0,"player_choice":"Fought Bandits","damage_taken":0,"max_hp_gain":0,"max_hp_loss":0,"event_name":"Masked Bandits","floor":28,"gold_loss":0},{"damage_healed":0,"gold_gain":0,"player_choice":"Shed Blood","damage_taken":21,"max_hp_gain":5,"max_hp_loss":0,"event_name":"Forgotten Altar","floor":30,"gold_loss":0}],"is_beta":false,"boss_relics":[{"not_picked":["HoveringKite","Snecko Eye"],"picked":"Coffee Dripper"}],"items_purged_floors":[3,5,19,21],"is_endless":false,"potions_floor_spawned":[2,11,13,16,22,29],"killed_by":"Collector","ascension_level":20}