{"gold_per_floor":[115,40,51,51,66,66,66,66,89,114,132,166,66,87,87,159,159,170,530,547,249,249],"floor_reached":22,"playtime":805,"items_purged":["Strike_G","Strike_G","Strike_G"],"score":384,"play_id":"ff881edd-578b-4c1f-b97c-7e8c94e4839a","local_time":"20181227123253","is_ascension_mode":true,"campfire_choices":[{"data":"Deadly Poison","floor":6.0,"key":"SMITH"},{"data":"Neutralize","floor":8.0,"key":"SMITH"},{"data":"Burst","floor":15.0,"key":"SMITH"}],"neow_cost":"TEN_PERCENT_HP_LOSS","seed_source_timestamp":2511967311034,"circlet_count":0,"master_deck":["AscendersBane","Defend_G","Defend_G","Defend_G","Defend_G","Defend_G","Strike_G","Strike_G","Survivor","Neutralize+1","Deadly Poison+1","Acrobatics","Dash","Burst+1","Night Terror","Deadly Poison","Night Terror","Reflex","Acrobatics"],"special_seed":0,"relics":["Ring of the Snake","Gambling Chip","Snake Skull","Letter Opener","Bottled Lightning","Odd Mushroom","Cursed Key","Omamori"],"potions_floor_usage":[],"damage_taken":[{"damage":7.0,"enemies":"Small Slimes","floor":1.0,"turns":4.0},{"damage":0.0,"enemies":"2 Louse","floor":3.0,"turns":3.0},{"damage":0.0,"enemies":"Jaw Worm","floor":5.0,"turns":4.0},{"damage":17.0,"enemies":"Gremlin Nob","floor":10.0,"turns":4.0},{"damage":7.0,"enemies":"Gremlin Gang","floor":11.0,"turns":5.0},{"damage":2.0,"enemies":"3 Sentries","floor":12.0,"turns":9.0},{"damage":4.0,"enemies":"The Mushroom Lair","floor":14.0,"turns":4.0},{"damage":18.0,"enemies":"Slime Boss","floor":16.0,"turns":9.0},{"damage":0,"enemies":"3 Byrds","floor":18,"turns":4},{"damage":9,"enemies":"2 Thieves","floor":20,"turns":4},{"damage":6,"enemies":"Snake Plant","floor":22,"turns":4}],"seed_played":"7393430054114253400","potions_obtained":[{"floor":3.0,"key":"PowerPotion"},{"floor":11.0,"key":"Block Potion"},{"floor":12.0,"key":"Poison Potion"},{"floor":14.0,"key":"Swift Potion"}],"is_trial":false,"path_per_floor":["M","$","M","?","M","R","$","R","T","E","M","E","$","?","R","B",null,"M","?","M","$","M"],"character_chosen":"THE_SILENT","items_purchased":["Omamori"],"campfire_rested":0,"item_purchase_floors":[21],"current_hp_per_floor":[52,52,52,57,57,57,57,57,57,40,33,31,31,27,27,9,51,51,21,12,12,6],"gold":249,"neow_bonus":"ONE_RARE_RELIC","is_prod":false,"is_daily":false,"chose_seed":false,"campfire_upgraded":3,"win_rate":0,"timestamp":1545885173,"path_taken":["M","$","M","?","M","R","$","R","T","E","M","E","$","?","R","BOSS","M","?","M","$","M"],"build_version":"2018-12-20","purchased_purges":3,"victory":false,"max_hp_per_floor":[60,60,60,65,65,65,65,65,65,65,65,65,65,65,65,65,65,65,65,65,65,65],"card_choices":[{"not_picked":["Dagger Spray","Choke"],"picked":"Deadly Poison","floor":1.0},{"not_picked":["Prepared","Sucker Punch"],"picked":"Acrobatics","floor":3.0},{"not_picked":["PiercingWail","Backflip"],"picked":"Dash","floor":5.0},{"not_picked":["Poisoned Stab","Escape Plan"],"picked":"Burst","floor":10.0},{"not_picked":["Bane","Dagger Spray","Heel Hook"],"picked":"SKIP","floor":11.0},{"not_picked":["Eviscerate","Blur"],"picked":"Night Terror","floor":12.0},{"not_picked":["Deflect","Dodge and Roll"],"picked":"Deadly Poison","floor":14.0},{"not_picked":["Grand Finale","Storm of Steel"],"picked":"Night Terror","floor":16.0},{"not_picked":["Acrobatics","Sucker Punch"],"picked":"Reflex","floor":18},{"not_picked":["Sucker Punch","Outmaneuver"],"picked":"Acrobatics","floor":20}],"player_experience":1511844,"relics_obtained":[{"floor":9.0,"key":"Snake Skull"},{"floor":10.0,"key":"Letter Opener"},{"floor":12.0,"key":"Bottled Lightning"},{"floor":14.0,"key":"Odd Mushroom"}],"event_choices":[{"damage_healed":0.0,"max_hp_gain":5.0,"max_hp_loss":0.0,"gold_gain":0.0,"event_name":"Big Fish","player_choice":"Donut","floor":4.0,"gold_loss":0.0,"damage_taken":0.0},{"damage_healed":0.0,"max_hp_gain":0.0,"max_hp_loss":0.0,"gold_gain":0.0,"event_name":"Mushrooms","player_choice":"Fought Mushrooms","floor":14.0,"gold_loss":0.0,"damage_taken":0.0},{"damage_healed":0,"gold_gain":360,"player_choice":"GOLD GOLD GOLD GOLD ","damage_taken":30,"max_hp_gain":0,"max_hp_loss":0,"event_name":"Knowing Skull","floor":19,"potions_obtained":[],"gold_loss":0,"cards_obtained":[]}],"is_beta":false,"boss_relics":[{"not_picked":["HoveringKite","Astrolabe"],"picked":"Cursed Key"}],"items_purged_floors":[2,13,21],"is_endless":false,"potions_floor_spawned":[3,11,12,14],"killed_by":"Snake Plant","ascension_level":20}