{"gold_per_floor":[118,118,193,212,237,275,275,310,356,356,506,96,116,76,76,166,166,151,165,27,27,52,52],"floor_reached":23,"playtime":991,"items_purged":["Doubt","Strike_B"],"score":398,"play_id":"353e2c62-ce6f-41ee-8d77-d2284bbbfca8","local_time":"20190808170538","is_ascension_mode":true,"campfire_choices":[{"floor":7,"key":"REST"},{"floor":10,"key":"REST"},{"floor":15,"key":"REST"}],"neow_cost":"NONE","seed_source_timestamp":104363295820709,"circlet_count":0,"master_deck":["AscendersBane","Strike_B","Strike_B","Strike_B","Defend_B","Defend_B+1","Defend_B","Defend_B","Zap","Dualcast+1","Sweeping Beam","Tempest","Rebound","BootSequence","Sweeping Beam","Defragment","Cold Snap","Glacier","Core Surge","Compile Driver","Hologram","Capacitor","Ball Lightning","Go for the Eyes+1"],"relics":["Cracked Core","NeowsBlessing","Golden Idol","Kunai","Potion Belt","Bag of Marbles","Membership Card","War Paint","Black Star","Shuriken"],"potions_floor_usage":[6,16,16,23],"damage_taken":[{"damage":0,"enemies":"Jaw Worm","floor":1,"turns":1},{"damage":0,"enemies":"Small Slimes","floor":4,"turns":1},{"damage":0,"enemies":"2 Louse","floor":5,"turns":1},{"damage":36,"enemies":"Gremlin Nob","floor":6,"turns":4},{"damage":35,"enemies":"3 Sentries","floor":8,"turns":8},{"damage":0,"enemies":"2 Fungi Beasts","floor":13,"turns":2},{"damage":35,"enemies":"Slime Boss","floor":16,"turns":7},{"damage":15,"enemies":"2 Thieves","floor":18,"turns":4},{"damage":13,"enemies":"3 Byrds","floor":19,"turns":8},{"damage":9,"enemies":"Cultist and Chosen","floor":22,"turns":6},{"damage":15,"enemies":"Gremlin Leader","floor":23,"turns":2}],"seed_played":"-6638863380258531103","potions_obtained":[{"floor":4,"key":"Energy Potion"},{"floor":8,"key":"PowerPotion"},{"floor":14,"key":"SteroidPotion"},{"floor":14,"key":"Ancient Potion"},{"floor":14,"key":"Dexterity Potion"},{"floor":16,"key":"GamblersBrew"},{"floor":18,"key":"Ancient Potion"}],"is_trial":false,"path_per_floor":["M","?","?","M","M","E","R","E","T","R","?","$","M","?","R","B",null,"M","M","$","?","M","E"],"character_chosen":"DEFECT","items_purchased":["Membership Card","War Paint","Defragment","Cold Snap","Capacitor","Ball Lightning","Block Potion"],"campfire_rested":3,"item_purchase_floors":[12,12,12,12,20,20,20],"current_hp_per_floor":[64,64,53,53,53,17,36,1,1,20,20,20,20,20,39,4,49,34,21,21,21,12,0],"gold":52,"neow_bonus":"THREE_ENEMY_KILL","is_prod":false,"is_daily":false,"chose_seed":false,"campfire_upgraded":0,"win_rate":0,"timestamp":1565276738,"path_taken":["M","?","?","M","M","E","R","E","T","R","?","$","M","?","R","BOSS","M","?","$","?","?","E"],"build_version":"2019-07-17","purchased_purges":2,"victory":false,"max_hp_per_floor":[71,64,64,64,64,64,64,64,64,64,64,64,64,64,64,64,64,64,64,64,64,64,64],"card_choices":[{"not_picked":["Hologram","Barrage"],"picked":"Sweeping Beam","floor":1},{"not_picked":["Turbo","Steam"],"picked":"Tempest","floor":4},{"not_picked":["Thunder Strike","Hologram"],"picked":"Rebound","floor":5},{"not_picked":["Steam","Leap"],"picked":"BootSequence","floor":6},{"not_picked":["Rebound","Meteor Strike"],"picked":"Sweeping Beam","floor":8},{"not_picked":["Go for the Eyes","Leap"],"picked":"Glacier","floor":13},{"not_picked":["Multi-Cast","Meteor Strike"],"picked":"Core Surge","floor":16},{"not_picked":["Rebound","Hello World"],"picked":"Compile Driver","floor":18},{"not_picked":["Go for the Eyes","Beam Cell"],"picked":"Hologram","floor":19},{"not_picked":["Rebound+1","Coolheaded"],"picked":"Go for the Eyes+1","floor":22}],"player_experience":850301,"relics_obtained":[{"floor":6,"key":"Kunai"},{"floor":8,"key":"Potion Belt"},{"floor":9,"key":"Bag of Marbles"}],"event_choices":[{"damage_healed":0,"gold_gain":0,"player_choice":"Lose Max HP","damage_taken":0,"relics_obtained":["Golden Idol"],"max_hp_gain":0,"max_hp_loss":7,"event_name":"Golden Idol","floor":2,"gold_loss":0},{"damage_healed":0,"gold_gain":75,"player_choice":"Gather Gold","damage_taken":11,"max_hp_gain":0,"max_hp_loss":0,"event_name":"World of Goop","floor":3,"gold_loss":0},{"damage_healed":0,"gold_gain":150,"player_choice":"AGREE","damage_taken":0,"max_hp_gain":0,"max_hp_loss":0,"event_name":"Liars Game","floor":11,"gold_loss":0,"cards_obtained":["Doubt"]},{"damage_healed":0,"gold_gain":0,"player_choice":"Bought 3 Potions","damage_taken":0,"max_hp_gain":0,"max_hp_loss":0,"event_name":"The Woman in Blue","floor":14,"gold_loss":0},{"damage_healed":0,"gold_gain":0,"player_choice":"Gave Potion","damage_taken":0,"relics_obtained":["Shuriken"],"max_hp_gain":0,"max_hp_loss":0,"event_name":"WeMeetAgain","floor":21,"gold_loss":0}],"is_beta":false,"boss_relics":[{"not_picked":["White Beast Statue","Velvet Choker"],"picked":"Black Star"}],"items_purged_floors":[12,20],"is_endless":false,"potions_floor_spawned":[4,8,16,18],"killed_by":"Gremlin Leader","ascension_level":20}