{"gold_per_floor":[118,136,136,156,170,170,270,290,315,315,16,16,43,59,59,160,160,173,3,3,36,48,48,48,48,73,83,83,101,101,101,101,201,201,215,1,1,15,15,15,26,39,93,93,93,93,105,119,119,119],"floor_reached":51,"playtime":2129,"items_purged":["Strike_G","Strike_G","Defend_G"],"score":897,"play_id":"99c33de1-544c-4e0a-b285-943c1528cf6e","local_time":"20181124235550","is_ascension_mode":false,"campfire_choices":[{"data":"Well Laid Plans","floor":6.0,"key":"SMITH"},{"data":"Deadly Poison","floor":10.0,"key":"SMITH"},{"data":"Well Laid Plans","floor":12.0,"key":"SMITH"},{"data":"Bouncing Flask","floor":15.0,"key":"SMITH"},{"data":"Noxious Fumes","floor":23.0,"key":"SMITH"},{"data":"Ghostly","floor":25.0,"key":"SMITH"},{"data":"Ghostly","floor":28.0,"key":"SMITH"},{"data":"Ghostly","floor":32.0,"key":"SMITH"},{"data":"Apotheosis","floor":40.0,"key":"SMITH"},{"data":"Ghostly","floor":45,"key":"SMITH"},{"data":"Ghostly","floor":49,"key":"SMITH"}],"neow_cost":"TEN_PERCENT_HP_LOSS","seed_source_timestamp":50559338106962,"circlet_count":0,"master_deck":["Defend_G","Defend_G","Defend_G","Strike_G+1","Strike_G+1","Survivor","Neutralize","Backflip","Well Laid Plans+1","Deadly Poison+1","Well Laid Plans+1","PanicButton","Crippling Poison","Bouncing Flask+1","After Image","PiercingWail","Noxious Fumes+1","Backflip","Ghostly+1","Ghostly+1","Ghostly+1","Ghostly+1","Ghostly+1","Die Die Die","After Image","Backflip+1","PanicButton","Bandage Up","Apotheosis+1","Dark Shackles","PiercingWail","Catalyst+1"],"special_seed":0,"relics":["Ring of the Snake","Snake Skull","Ancient Tea Set","Runic Pyramid","Red Mask","Boot","Coffee Dripper","Centennial Puzzle","Molten Egg 2"],"potions_floor_usage":[50],"damage_taken":[{"damage":0.0,"enemies":"2 Louse","floor":1.0,"turns":2.0},{"damage":0.0,"enemies":"Small Slimes","floor":2.0,"turns":5.0},{"damage":0.0,"enemies":"Cultist","floor":4.0,"turns":3.0},{"damage":11.0,"enemies":"Exordium Thugs","floor":5.0,"turns":6.0},{"damage":6.0,"enemies":"3 Louse","floor":8.0,"turns":4.0},{"damage":13.0,"enemies":"Gremlin Nob","floor":13.0,"turns":4.0},{"damage":0.0,"enemies":"Looter","floor":14.0,"turns":3.0},{"damage":0.0,"enemies":"Slime Boss","floor":16.0,"turns":5.0},{"damage":0.0,"enemies":"Spheric Guardian","floor":18.0,"turns":4.0},{"damage":6.0,"enemies":"Masked Bandits","floor":21.0,"turns":5.0},{"damage":0.0,"enemies":"Chosen","floor":22.0,"turns":4.0},{"damage":0.0,"enemies":"3 Cultists","floor":27.0,"turns":5.0},{"damage":0.0,"enemies":"Snake Plant","floor":29.0,"turns":5.0},{"damage":0.0,"enemies":"Collector","floor":33.0,"turns":8.0},{"damage":0.0,"enemies":"Orb Walker","floor":35.0,"turns":4.0},{"damage":0.0,"enemies":"3 Shapes","floor":38.0,"turns":3.0},{"damage":0.0,"enemies":"3 Darklings","floor":41.0,"turns":7.0},{"damage":0.0,"enemies":"Transient","floor":42.0,"turns":5.0},{"damage":0,"enemies":"Spire Growth","floor":47,"turns":7},{"damage":0,"enemies":"4 Shapes","floor":48,"turns":4},{"damage":0,"enemies":"Time Eater","floor":50,"turns":8}],"seed_played":"3475971260060274054","potions_obtained":[{"floor":5.0,"key":"EssenceOfSteel"},{"floor":13.0,"key":"SpeedPotion"},{"floor":14.0,"key":"Poison Potion"},{"floor":21.0,"key":"SpeedPotion"},{"floor":22.0,"key":"Poison Potion"},{"floor":35.0,"key":"Fire Potion"}],"is_trial":false,"path_per_floor":["M","M","?","M","M","R","?","M","T","R","$","R","E","M","R","B",null,"M","$","?","?","M","R","?","R","T","M","R","M","$","?","R","B",null,"M","$","?","M","?","R","M","M","T","T","R","$","M","M","R","B",null],"character_chosen":"THE_SILENT","items_purchased":["Well Laid Plans","Energy Potion","PanicButton","Noxious Fumes","PanicButton"],"campfire_rested":0,"item_purchase_floors":[11,11,11,19,36],"current_hp_per_floor":[63,63,50,50,39,39,39,33,33,33,33,33,20,20,20,20,63,63,63,63,57,57,57,31,31,31,31,31,31,31,31,31,31,31,31,31,21,27,27,27,31,31,31,31,31,31,31,31,31,31],"gold":119,"neow_bonus":"REMOVE_TWO","is_prod":false,"is_daily":false,"chose_seed":false,"campfire_upgraded":11,"win_rate":0,"timestamp":1543074950,"path_taken":["M","M","?","M","M","R","?","?","T","R","$","R","E","M","R","BOSS","M","$","?","?","M","R","?","R","T","M","R","M","$","?","R","BOSS","M","$","?","M","?","R","M","?","T","?","R","$","M","M","R","BOSS"],"build_version":"2018-11-15","purchased_purges":3,"victory":true,"max_hp_per_floor":[63,63,63,63,63,63,63,63,63,63,63,63,63,63,63,63,63,63,63,63,63,63,63,31,31,31,31,31,31,31,31,31,31,31,31,31,31,31,31,31,31,31,31,31,31,31,31,31,31,31],"card_choices":[{"not_picked":["Dagger Spray","Bane"],"picked":"Backflip","floor":1.0},{"not_picked":["Dagger Spray","Distraction","Calculated Gamble"],"picked":"SKIP","floor":2.0},{"not_picked":["Storm of Steel","Flying Knee","Distraction"],"picked":"SKIP","floor":4.0},{"not_picked":["Flying Knee","Sucker Punch"],"picked":"Well Laid Plans","floor":5.0},{"not_picked":["Concentrate","Dagger Throw"],"picked":"Deadly Poison","floor":8.0},{"not_picked":["Acrobatics","Prepared"],"picked":"Crippling Poison","floor":13.0},{"not_picked":["All Out Attack","Backstab"],"picked":"Bouncing Flask","floor":14.0},{"not_picked":["Unload","Storm of Steel"],"picked":"After Image","floor":16.0},{"not_picked":["Quick Slash","All Out Attack"],"picked":"PiercingWail","floor":18.0},{"not_picked":["Backstab","Dagger Throw"],"picked":"Backflip","floor":21.0},{"not_picked":["Deadly Poison","Masterful Stab+1","Finisher"],"picked":"SKIP","floor":22.0},{"not_picked":["Prepared","Well Laid Plans","Cloak And Dagger"],"picked":"SKIP","floor":27.0},{"not_picked":["Blur","Sucker Punch+1"],"picked":"Die Die Die","floor":29.0},{"not_picked":["Glass Knife","Doppelganger"],"picked":"After Image","floor":33.0},{"not_picked":["Deflect","Cloak And Dagger+1"],"picked":"Backflip+1","floor":35.0},{"not_picked":["Madness","Good Instincts"],"picked":"Bandage Up","floor":37.0},{"not_picked":["Secret Technique","Finesse"],"picked":"Apotheosis","floor":37.0},{"not_picked":["Forethought","Madness"],"picked":"Dark Shackles","floor":37.0},{"not_picked":["Blade Dance","Dodge and Roll+1","Deflect+1"],"picked":"SKIP","floor":38.0},{"not_picked":["Leg Sweep","Crippling Poison","Predator+1"],"picked":"SKIP","floor":41.0},{"not_picked":["Blade Dance","Dagger Spray+1"],"picked":"PiercingWail","floor":42.0},{"not_picked":["Bouncing Flask+1","Slice+1"],"picked":"Catalyst+1","floor":47},{"not_picked":["Dodge and Roll","Eviscerate+1","Bane+1"],"picked":"SKIP","floor":48}],"player_experience":1172236,"relics_obtained":[{"floor":9.0,"key":"Snake Skull"},{"floor":13.0,"key":"Ancient Tea Set"},{"floor":21.0,"key":"Red Mask"},{"floor":26.0,"key":"Boot"},{"floor":43.0,"key":"Centennial Puzzle"},{"floor":44.0,"key":"Molten Egg 2"}],"event_choices":[{"damage_healed":0.0,"max_hp_gain":0.0,"max_hp_loss":0.0,"gold_gain":0.0,"event_name":"Shining Light","player_choice":"Entered Light","floor":3.0,"gold_loss":0.0,"damage_taken":13.0,"cards_upgraded":["Strike_G","Strike_G"]},{"damage_healed":0.0,"max_hp_gain":0.0,"max_hp_loss":0.0,"gold_gain":100.0,"event_name":"Golden Shrine","player_choice":"Pray","floor":7.0,"gold_loss":0.0,"damage_taken":0.0},{"damage_healed":0.0,"max_hp_gain":0.0,"max_hp_loss":0.0,"gold_gain":0.0,"event_name":"The Mausoleum","player_choice":"Ignored","floor":20.0,"gold_loss":0.0,"damage_taken":0.0},{"damage_healed":0.0,"max_hp_gain":0.0,"max_hp_loss":0.0,"gold_gain":0.0,"event_name":"Masked Bandits","player_choice":"Fought Bandits","floor":21.0,"gold_loss":0.0,"damage_taken":0.0},{"damage_healed":0.0,"max_hp_gain":0.0,"max_hp_loss":32.0,"gold_gain":0.0,"event_name":"Ghosts","player_choice":"Became a Ghost","floor":24.0,"gold_loss":0.0,"damage_taken":0.0,"cards_obtained":["Ghostly","Ghostly","Ghostly","Ghostly","Ghostly"]},{"damage_healed":0.0,"max_hp_gain":0.0,"max_hp_loss":0.0,"gold_gain":0.0,"event_name":"Cursed Tome","player_choice":"Ignored","floor":31.0,"gold_loss":0.0,"damage_taken":0.0},{"damage_healed":0.0,"max_hp_gain":0.0,"max_hp_loss":0.0,"gold_gain":0.0,"event_name":"SensoryStone","player_choice":"Memory 3","floor":37.0,"gold_loss":0.0,"damage_taken":10.0},{"damage_healed":0.0,"max_hp_gain":0.0,"max_hp_loss":0.0,"gold_gain":0.0,"event_name":"SecretPortal","player_choice":"Ignored","floor":39.0,"gold_loss":0.0,"damage_taken":0.0}],"is_beta":false,"boss_relics":[{"not_picked":["Astrolabe","Ectoplasm"],"picked":"Runic Pyramid"},{"not_picked":["Empty Cage","Philosopher\u0027s Stone"],"picked":"Coffee Dripper"}],"items_purged_floors":[11,19,36],"is_endless":false,"potions_floor_spawned":[5,13,14,21,22,35,41,48],"ascension_level":0}