{"gold_per_floor":[114,3,3,19,19,48,48,83,83,83,111,130,149,163,163,236,236,256,256,276,276,295,295,309,309,333,333,353,141,171,181,181,257,257,276,24,35,55,71,71,82,57,57,88,88,107,107,122,122,122,122],"floor_reached":52,"playtime":3065,"items_purged":["Strike_B","Strike_B"],"score":2102,"play_id":"866e9199-b7b3-4ba5-ba1f-a8db715cbee6","local_time":"20190224134715","is_ascension_mode":true,"campfire_choices":[{"data":"Defragment","floor":7.0,"key":"SMITH"},{"data":"Zap","floor":10.0,"key":"SMITH"},{"data":"Recycle","floor":15.0,"key":"SMITH"},{"data":"Coolheaded","floor":23.0,"key":"SMITH"},{"data":"Skim","floor":25.0,"key":"SMITH"},{"data":"Reboot","floor":27.0,"key":"SMITH"},{"data":"Coolheaded","floor":32.0,"key":"SMITH"},{"data":"Turbo","floor":40.0,"key":"SMITH"},{"data":"Turbo","floor":45,"key":"SMITH"},{"data":"Turbo","floor":49,"key":"SMITH"}],"neow_cost":"NONE","seed_source_timestamp":579690014747586,"circlet_count":0,"master_deck":["AscendersBane","Strike_B","Defend_B","Defend_B","Defend_B","Defend_B","Zap+1","Dualcast","Defragment+1","Turbo+1","Conserve Battery","Ball Lightning+1","Consume","Glacier","Recycle+1","Skim+1","Self Repair","Coolheaded+1","Reboot+1","Compile Driver+1","Turbo+1","Cold Snap+1","Stack","Coolheaded+1","Loop","Undo+1","Defragment+1","Thunder Strike","Compile Driver+1","Electrodynamics","Recycle","Coolheaded+1","Conserve Battery+1","Beam Cell","Turbo+1"],"special_seed":0,"relics":["Cracked Core","NeowsBlessing","Bottled Flame","Ice Cream","Centennial Puzzle","Incense Burner","Coffee Dripper","Whetstone","Girya","Runic Pyramid","Ornamental Fan","Meat on the Bone"],"potions_floor_usage":[],"damage_taken":[{"damage":0.0,"enemies":"Cultist","floor":1.0,"turns":1.0},{"damage":0.0,"enemies":"Jaw Worm","floor":4.0,"turns":1.0},{"damage":0.0,"enemies":"3 Sentries","floor":6.0,"turns":1.0},{"damage":47.0,"enemies":"Gremlin Nob","floor":8.0,"turns":4.0},{"damage":10.0,"enemies":"3 Sentries","floor":11.0,"turns":7.0},{"damage":4.0,"enemies":"Small Slimes","floor":12.0,"turns":2.0},{"damage":0.0,"enemies":"Blue Slaver","floor":13.0,"turns":3.0},{"damage":0.0,"enemies":"Large Slime","floor":14.0,"turns":4.0},{"damage":0.0,"enemies":"Slime Boss","floor":16.0,"turns":9.0},{"damage":2.0,"enemies":"Spheric Guardian","floor":18.0,"turns":4.0},{"damage":7.0,"enemies":"2 Thieves","floor":20.0,"turns":4.0},{"damage":7.0,"enemies":"Centurion and Healer","floor":22.0,"turns":8.0},{"damage":4.0,"enemies":"Snake Plant","floor":24.0,"turns":6.0},{"damage":15.0,"enemies":"Sentry and Sphere","floor":28.0,"turns":5.0},{"damage":22.0,"enemies":"Slavers","floor":30.0,"turns":7.0},{"damage":0.0,"enemies":"Snecko","floor":31.0,"turns":9.0},{"damage":14.0,"enemies":"Champ","floor":33.0,"turns":16.0},{"damage":19.0,"enemies":"Orb Walker","floor":35.0,"turns":3.0},{"damage":30.0,"enemies":"3 Darklings","floor":37.0,"turns":5.0},{"damage":6.0,"enemies":"Writhing Mass","floor":38.0,"turns":9.0},{"damage":19.0,"enemies":"Transient","floor":39.0,"turns":6.0},{"damage":0.0,"enemies":"Spire Growth","floor":41.0,"turns":5.0},{"damage":8,"enemies":"Giant Head","floor":44,"turns":10},{"damage":3,"enemies":"Jaw Worm Horde","floor":46,"turns":3},{"damage":0,"enemies":"Maw","floor":48,"turns":7},{"damage":28,"enemies":"Time Eater","floor":50,"turns":18},{"damage":0,"enemies":"Awakened One","floor":51,"turns":15}],"seed_played":"-2661529397039343719","potions_obtained":[{"floor":1.0,"key":"SpeedPotion"},{"floor":12.0,"key":"Swift Potion"},{"floor":16.0,"key":"EssenceOfSteel"},{"floor":18.0,"key":"Fire Potion"},{"floor":22.0,"key":"FearPotion"},{"floor":28.0,"key":"AttackPotion"},{"floor":41.0,"key":"LiquidBronze"}],"is_trial":false,"path_per_floor":["M","$","?","M","?","E","R","E","T","R","E","M","M","M","R","B",null,"M","?","M","?","M","R","M","R","T","R","M","$","E","M","R","B",null,"M","$","M","M","M","R","M","$","T","E","R","M","?","M","R","B","B",null],"character_chosen":"DEFECT","items_purchased":["Turbo","Conserve Battery","Coolheaded","Loop","Electrodynamics","Beam Cell"],"campfire_rested":0,"item_purchase_floors":[2,2,29,29,36,42],"current_hp_per_floor":[64,64,64,64,69,69,69,22,22,22,12,8,8,15,15,22,63,68,68,68,76,76,76,76,76,76,76,68,68,53,60,60,53,70,58,58,35,36,24,24,31,31,31,30,30,46,46,53,53,44,44],"gold":122,"neow_bonus":"THREE_ENEMY_KILL","is_prod":false,"is_daily":false,"chose_seed":false,"campfire_upgraded":10,"win_rate":0,"timestamp":1550987235,"path_taken":["M","?","?","M","?","E","R","E","T","R","E","?","M","M","R","BOSS","M","?","M","?","?","R","M","R","T","R","M","$","E","M","R","BOSS","M","?","M","M","M","R","M","$","T","E","R","M","?","?","R","BOSS","BOSS"],"build_version":"2019-01-23","purchased_purges":2,"victory":true,"max_hp_per_floor":[71,71,71,71,76,76,76,76,76,76,76,76,76,76,76,76,76,76,76,76,76,76,76,76,76,76,76,76,76,76,76,76,76,76,76,76,76,76,76,76,76,76,76,76,76,76,76,76,76,76,76],"card_choices":[{"not_picked":["Self Repair","Turbo"],"picked":"Defragment","floor":1.0},{"not_picked":["Leap","Barrage"],"picked":"Ball Lightning","floor":4.0},{"not_picked":["Sunder","Reinforced Body"],"picked":"Consume","floor":6.0},{"not_picked":["Machine Learning","Streamline"],"picked":"Glacier","floor":8.0},{"not_picked":["Reprogram","Rip and Tear"],"picked":"Recycle","floor":11.0},{"not_picked":["Rebound","Cold Snap"],"picked":"Skim","floor":12.0},{"not_picked":["Compile Driver","Leap"],"picked":"Self Repair","floor":13.0},{"not_picked":["Defragment","Streamline"],"picked":"Coolheaded","floor":14.0},{"not_picked":["Hyperbeam","Thunder Strike"],"picked":"Reboot","floor":16.0},{"not_picked":["Hello World","Undo"],"picked":"Compile Driver+1","floor":18.0},{"not_picked":["Undo","Melter+1"],"picked":"Turbo","floor":20.0},{"not_picked":["Scrape","Compile Driver","Fusion"],"picked":"SKIP","floor":22.0},{"not_picked":["Scrape","Compile Driver","Fusion"],"picked":"SKIP","floor":22.0},{"not_picked":["Barrage+1","Turbo"],"picked":"Cold Snap","floor":24.0},{"not_picked":["Rebound","Self Repair+1"],"picked":"Stack","floor":28.0},{"not_picked":["Coolheaded","Beam Cell"],"picked":"Undo+1","floor":30.0},{"not_picked":["Redo","Coolheaded"],"picked":"Defragment+1","floor":31.0},{"not_picked":["Machine Learning","Meteor Strike"],"picked":"Thunder Strike","floor":33.0},{"not_picked":["Steam","Rip and Tear"],"picked":"Compile Driver+1","floor":35.0},{"not_picked":["Loop","Sweeping Beam"],"picked":"Recycle","floor":37.0},{"not_picked":["Lockon","Static Discharge+1"],"picked":"Coolheaded+1","floor":38.0},{"not_picked":["Self Repair","Coolheaded","Ball Lightning"],"picked":"SKIP","floor":39.0},{"not_picked":["FTL","Ball Lightning"],"picked":"Conserve Battery+1","floor":41.0},{"not_picked":["Glacier","Scrape"],"picked":"Turbo","floor":44},{"not_picked":["Leap+1","Redo","Beam Cell"],"picked":"SKIP","floor":46},{"not_picked":["Chill","Reprogram","Cold Snap+1"],"picked":"SKIP","floor":48}],"player_experience":967506,"relics_obtained":[{"floor":6.0,"key":"Bottled Flame"},{"floor":8.0,"key":"Ice Cream"},{"floor":9.0,"key":"Centennial Puzzle"},{"floor":11.0,"key":"Incense Burner"},{"floor":26.0,"key":"Whetstone"},{"floor":30.0,"key":"Girya"},{"floor":43.0,"key":"Ornamental Fan"},{"floor":44,"key":"Meat on the Bone"}],"event_choices":[{"damage_healed":0.0,"max_hp_gain":0.0,"max_hp_loss":0.0,"gold_gain":0.0,"event_name":"The Cleric","player_choice":"Leave","floor":3.0,"gold_loss":0.0,"damage_taken":0.0},{"damage_healed":0.0,"max_hp_gain":5.0,"max_hp_loss":0.0,"gold_gain":0.0,"event_name":"Big Fish","player_choice":"Donut","floor":5.0,"gold_loss":0.0,"damage_taken":0.0},{"damage_healed":0.0,"max_hp_gain":0.0,"max_hp_loss":0.0,"gold_gain":0.0,"event_name":"Vampires","player_choice":"Ignored","floor":19.0,"gold_loss":0.0,"damage_taken":0.0},{"damage_healed":8.0,"max_hp_gain":0.0,"max_hp_loss":0.0,"gold_gain":0.0,"event_name":"Wheel of Change","player_choice":"Full Heal","floor":21.0,"gold_loss":0.0,"damage_taken":0.0},{"cards_removed":["Strike_B"],"damage_healed":0,"gold_gain":0,"player_choice":"Removed Attack","damage_taken":0,"max_hp_gain":0,"max_hp_loss":0,"event_name":"Falling","floor":47,"gold_loss":0}],"is_beta":false,"boss_relics":[{"not_picked":["FrozenCore","Pandora\u0027s Box"],"picked":"Coffee Dripper"},{"not_picked":["Eternal Feather","Nuclear Battery"],"picked":"Runic Pyramid"}],"items_purged_floors":[29,36],"is_endless":false,"potions_floor_spawned":[1,12,14,16,18,22,24,28,41,44,46],"ascension_level":20}