{"gold_per_floor":[113,38,38,38,188,188,202,235,235,254,254,317,317,242,242,321,321,340,33,0,17,34,34,44,44,71,71,71,81,81,93,93,167,167,184,184,197,216,12,12,47,47,47,47,60,78,78,93,93,93,93,93,93,6,39,39],"floor_reached":56,"playtime":3674,"items_purged":["Doubt","Strike_G","Strike_G"],"score":1800,"play_id":"3b97a98a-eab5-413c-96b1-f2c4066e0199","local_time":"20190106213024","is_ascension_mode":true,"campfire_choices":[{"data":"Deadly Poison","floor":6.0,"key":"SMITH"},{"data":"Well Laid Plans","floor":11.0,"key":"SMITH"},{"data":"Neutralize","floor":13.0,"key":"SMITH"},{"data":"Survivor","floor":15.0,"key":"SMITH"},{"data":"Apotheosis","floor":23.0,"key":"SMITH"},{"floor":25.0,"key":"RECALL"},{"data":"After Image","floor":27.0,"key":"SMITH"},{"data":"Footwork","floor":32,"key":"SMITH"},{"floor":40,"key":"REST"},{"data":"Night Terror","floor":42,"key":"SMITH"},{"data":"Madness","floor":49,"key":"SMITH"},{"floor":53,"key":"REST"}],"neow_cost":"NONE","seed_source_timestamp":33017325369786,"circlet_count":0,"master_deck":["AscendersBane","Defend_G","Defend_G","Defend_G","Defend_G","Defend_G","Strike_G","Strike_G","Survivor+1","Neutralize+1","Deadly Poison+1","Well Laid Plans+1","After Image+1","Bouncing Flask","Apotheosis+1","Backflip","Footwork+1","Night Terror+1","Calculated Gamble+1","Blur","After Image","Deflect+1","Madness+1","Madness","Footwork","Backflip"],"special_seed":0,"relics":["Ring of the Serpent","NeowsBlessing","Art of War","Blood Vial","Centennial Puzzle","Strawberry","Happy Flower","Runic Pyramid","Regal Pillow","Calipers"],"potions_floor_usage":[46,50,50],"damage_taken":[{"damage":0.0,"enemies":"Jaw Worm","floor":1.0,"turns":1.0},{"damage":0.0,"enemies":"Small Slimes","floor":7.0,"turns":1.0},{"damage":0.0,"enemies":"Lagavulin","floor":8.0,"turns":1.0},{"damage":0.0,"enemies":"2 Louse","floor":10.0,"turns":3.0},{"damage":35.0,"enemies":"Lagavulin Event","floor":12.0,"turns":8.0},{"damage":12.0,"enemies":"The Guardian","floor":16.0,"turns":12.0},{"damage":5.0,"enemies":"Spheric Guardian","floor":18.0,"turns":7.0},{"damage":0.0,"enemies":"Chosen","floor":21.0,"turns":6.0},{"damage":16.0,"enemies":"Snake Plant","floor":22.0,"turns":6.0},{"damage":2.0,"enemies":"Sentry and Sphere","floor":24.0,"turns":4.0},{"damage":4.0,"enemies":"Centurion and Healer","floor":29.0,"turns":7.0},{"damage":1,"enemies":"Snecko","floor":31,"turns":6},{"damage":30,"enemies":"Automaton","floor":33,"turns":17},{"damage":4,"enemies":"Orb Walker","floor":35,"turns":5},{"damage":5,"enemies":"3 Darklings","floor":37,"turns":8},{"damage":16,"enemies":"4 Shapes","floor":38,"turns":7},{"damage":0,"enemies":"Giant Head","floor":41,"turns":16},{"damage":0,"enemies":"Spire Growth","floor":45,"turns":9},{"damage":9,"enemies":"3 Darklings","floor":46,"turns":9},{"damage":0,"enemies":"4 Shapes","floor":48,"turns":9},{"damage":28,"enemies":"Awakened One","floor":50,"turns":32},{"damage":28,"enemies":"Donu and Deca","floor":51,"turns":18},{"damage":30,"enemies":"Shield and Spear","floor":55,"turns":9},{"damage":46,"enemies":"The Heart","floor":56,"turns":3}],"seed_played":"2683424070853280481","potions_obtained":[{"floor":7.0,"key":"GhostInAJar"},{"floor":8.0,"key":"SteroidPotion"},{"floor":21.0,"key":"FearPotion"},{"floor":33,"key":"Explosive Potion"},{"floor":44,"key":"Regen Potion"},{"floor":46,"key":"Fire Potion"}],"is_trial":false,"path_per_floor":["M","?","$","?","?","R","M","E","T","M","R","?","R","$","R","B",null,"M","$","?","M","M","R","M","R","T","R","?","M","?","M","R","B",null,"M","?","M","M","$","R","E","R","T","?","M","M","?","M","R","B","B",null,"R","$","E","B"],"character_chosen":"THE_SILENT","items_purchased":["Apotheosis","Blur","Footwork","Backflip"],"campfire_rested":2,"item_purchase_floors":[19,39,54,54],"current_hp_per_floor":[59,59,59,48,48,48,48,48,48,50,50,24,24,24,24,14,58,55,55,55,57,43,43,43,43,43,43,43,41,41,42,42,14,58,56,56,53,39,39,60,62,62,62,62,64,71,58,60,60,34,8,57,73,73,43,0],"gold":39,"neow_bonus":"THREE_ENEMY_KILL","is_prod":false,"is_daily":false,"chose_seed":false,"campfire_upgraded":9,"win_rate":0,"timestamp":1546781424,"path_taken":["M","?","$","?","?","R","M","E","T","?","R","?","R","$","R","BOSS","M","$","?","M","M","R","M","R","T","R","?","M","?","?","R","BOSS","M","?","M","M","$","R","E","R","T","?","?","M","?","M","R","BOSS","BOSS","R","$","E","BOSS"],"build_version":"2019-01-03v4","purchased_purges":3,"victory":false,"max_hp_per_floor":[66,66,66,66,66,66,66,66,66,66,66,73,73,73,73,73,73,73,73,73,73,73,73,73,73,73,73,73,73,73,73,73,73,73,73,73,73,73,73,73,73,73,73,73,73,73,73,73,73,73,73,73,73,73,73,73],"card_choices":[{"not_picked":["Leg Sweep","PiercingWail"],"picked":"Deadly Poison","floor":1.0},{"not_picked":["Poisoned Stab","Blade Dance","Reflex"],"picked":"SKIP","floor":7.0},{"not_picked":["Cloak And Dagger","Terror"],"picked":"Well Laid Plans","floor":8.0},{"not_picked":["Caltrops","Deadly Poison"],"picked":"After Image","floor":10.0},{"not_picked":["Terror","Deflect+1"],"picked":"Bouncing Flask","floor":18.0},{"not_picked":["Dodge and Roll","Crippling Poison","Dagger Spray"],"picked":"SKIP","floor":21.0},{"not_picked":["Flechettes","PiercingWail"],"picked":"Backflip","floor":22.0},{"not_picked":["Prepared","Setup","Flechettes"],"picked":"SKIP","floor":24.0},{"not_picked":["Heel Hook","Dagger Spray"],"picked":"Footwork","floor":29.0},{"not_picked":["Backstab","Dodge and Roll","Dagger Spray"],"picked":"SKIP","floor":31},{"not_picked":["Tools of the Trade","A Thousand Cuts"],"picked":"Night Terror","floor":33},{"not_picked":["Masterful Stab","Prepared","Flying Knee"],"picked":"SKIP","floor":35},{"not_picked":["Deadly Poison","Dagger Spray+1"],"picked":"Calculated Gamble+1","floor":37},{"not_picked":["Underhanded Strike","Deflect","Accuracy+1"],"picked":"SKIP","floor":38},{"not_picked":["Quick Slash","Blade Dance","Outmaneuver"],"picked":"SKIP","floor":41},{"not_picked":["Backflip","Prepared+1"],"picked":"After Image","floor":45},{"not_picked":["Acrobatics","Bane"],"picked":"Deflect+1","floor":46},{"not_picked":["Prepared","Dodge and Roll","Cloak And Dagger"],"picked":"SKIP","floor":48},{"not_picked":["Sucker Punch","Finisher+1","Accuracy+1"],"picked":"SKIP","floor":55}],"player_experience":1794179,"relics_obtained":[{"floor":8.0,"key":"Blood Vial"},{"floor":9.0,"key":"Centennial Puzzle"},{"floor":12.0,"key":"Strawberry"},{"floor":26.0,"key":"Happy Flower"},{"floor":41,"key":"Regal Pillow"},{"floor":55,"key":"Calipers"}],"event_choices":[{"cards_removed":["Strike_G"],"damage_healed":0.0,"max_hp_gain":0.0,"max_hp_loss":0.0,"gold_gain":0.0,"event_name":"The Cleric","player_choice":"Card Removal","floor":2.0,"gold_loss":75.0,"damage_taken":0.0},{"damage_healed":0.0,"max_hp_gain":0.0,"max_hp_loss":0.0,"gold_gain":0.0,"event_name":"Scrap Ooze","player_choice":"Success","floor":4.0,"gold_loss":0.0,"damage_taken":11.0,"relics_obtained":["Art of War"]},{"damage_healed":0.0,"max_hp_gain":0.0,"max_hp_loss":0.0,"gold_gain":150.0,"event_name":"Liars Game","player_choice":"AGREE","floor":5.0,"gold_loss":0.0,"damage_taken":0.0,"cards_obtained":["Doubt"]},{"damage_healed":0.0,"max_hp_gain":0.0,"max_hp_loss":0.0,"gold_gain":0.0,"event_name":"Dead Adventurer","player_choice":"Searched \u00272\u0027 times","floor":12.0,"gold_loss":0.0,"damage_taken":0.0},{"damage_healed":0.0,"max_hp_gain":0.0,"max_hp_loss":0.0,"gold_gain":0.0,"event_name":"Masked Bandits","player_choice":"Paid Fearfully","floor":20.0,"gold_loss":33.0,"damage_taken":0.0},{"damage_healed":0.0,"max_hp_gain":0.0,"max_hp_loss":0.0,"gold_gain":0.0,"event_name":"Vampires","player_choice":"Ignored","floor":28.0,"gold_loss":0.0,"damage_taken":0.0},{"damage_healed":0,"gold_gain":0,"player_choice":"Ignored","damage_taken":0,"max_hp_gain":0,"max_hp_loss":0,"event_name":"Mysterious Sphere","floor":36,"gold_loss":0},{"damage_healed":0,"gold_gain":0,"player_choice":"Got Potions","damage_taken":0,"max_hp_gain":0,"max_hp_loss":0,"event_name":"Lab","floor":44,"gold_loss":0},{"damage_healed":0,"gold_gain":0,"player_choice":"Embrace Madness","damage_taken":13,"max_hp_gain":0,"max_hp_loss":0,"event_name":"Winding Halls","floor":47,"gold_loss":0,"cards_obtained":["Madness","Madness"]}],"is_beta":false,"boss_relics":[{"not_picked":["Calling Bell","Black Star"],"picked":"Ring of the Serpent"},{"not_picked":["Eternal Feather","Velvet Choker"],"picked":"Runic Pyramid"}],"items_purged_floors":[14,19,39],"is_endless":false,"potions_floor_spawned":[7,8,12,21,22,33,35,45,46],"killed_by":"The Heart","ascension_level":20}