{"gold_per_floor":[118,43,59,74,74,74,105,5,5,16,16,77,77,105,105,202,202,215,215,229,34,50,50,64,74,74,84,101,16,16,35,35,134,134,153,153,163,163,163],"floor_reached":40,"playtime":2207,"items_purged":["Strike_G","Strike_G","Defend_G"],"score":648,"play_id":"e1433af7-25b8-4b07-ac28-a85858b5c574","local_time":"20181020210224","is_ascension_mode":false,"campfire_choices":[{"data":"Neutralize","floor":6.0,"key":"SMITH"},{"data":"Defend_G","floor":11.0,"key":"SMITH"},{"data":"Defend_G","floor":13.0,"key":"SMITH"},{"data":"Defend_G","floor":15.0,"key":"SMITH"},{"data":"Noxious Fumes","floor":23.0,"key":"SMITH"},{"data":"Tools of the Trade","floor":30.0,"key":"SMITH"},{"data":"Defend_G","floor":32.0,"key":"SMITH"}],"neow_cost":"NONE","seed_source_timestamp":36861570237426,"circlet_count":0,"master_deck":["Defend_G+1","Defend_G+1","Defend_G+1","Defend_G+1","Survivor+1","Neutralize+1","Infinite Blades+1","Backstab","Tools of the Trade+1","Venomology","Tactician","Noxious Fumes+1","Escape Plan","Footwork+1","Footwork+1","Noxious Fumes+1","Wraith Form v2","Prepared+1"],"special_seed":0,"relics":["Ring of the Snake","Strawberry","Sundial","Gremlin Horn","Pocketwatch","Whetstone","Lizard Tail","Ginger","Darkstone Periapt","Empty Cage"],"potions_floor_usage":[35,37,39,39,39,39,39,39],"damage_taken":[{"damage":0.0,"enemies":"Jaw Worm","floor":1.0,"turns":7.0},{"damage":0.0,"enemies":"2 Louse","floor":3.0,"turns":3.0},{"damage":0.0,"enemies":"Cultist","floor":4.0,"turns":5.0},{"damage":17.0,"enemies":"Gremlin Nob","floor":7.0,"turns":5.0},{"damage":0.0,"enemies":"2 Fungi Beasts","floor":10.0,"turns":3.0},{"damage":11.0,"enemies":"Gremlin Nob","floor":12.0,"turns":5.0},{"damage":1.0,"enemies":"Lagavulin","floor":14.0,"turns":11.0},{"damage":0.0,"enemies":"The Guardian","floor":16.0,"turns":17.0},{"damage":0.0,"enemies":"Spheric Guardian","floor":18.0,"turns":3.0},{"damage":0.0,"enemies":"Chosen","floor":20.0,"turns":6.0},{"damage":0.0,"enemies":"Shelled Parasite and Fungi","floor":22.0,"turns":9.0},{"damage":0.0,"enemies":"Chosen and Byrds","floor":24.0,"turns":6.0},{"damage":5.0,"enemies":"3 Cultists","floor":25.0,"turns":7.0},{"damage":6.0,"enemies":"Centurion and Healer","floor":27.0,"turns":7.0},{"damage":10.0,"enemies":"Snake Plant","floor":28.0,"turns":5.0},{"damage":10.0,"enemies":"Chosen and Byrds","floor":31.0,"turns":6.0},{"damage":10.0,"enemies":"Champ","floor":33.0,"turns":13.0},{"damage":0,"enemies":"3 Shapes","floor":35,"turns":7},{"damage":5,"enemies":"3 Darklings","floor":37,"turns":6},{"damage":12,"enemies":"Donu and Deca","floor":39,"turns":11}],"seed_played":"-5638895820887002699","potions_obtained":[{"floor":3.0,"key":"Fire Potion"},{"floor":10.0,"key":"Fire Potion"},{"floor":12.0,"key":"Fire Potion"},{"floor":20.0,"key":"Fire Potion"},{"floor":22.0,"key":"Fire Potion"},{"floor":31.0,"key":"EntropicBrew"}],"is_trial":false,"path_per_floor":["M","$","M","M","?","R","E","$","T","M","R","?","R","E","R","B",null,"M","?","M","$","M","R","M","M","T","M","M","?","R","M","R","B",null,"M","?","M","?","B"],"character_chosen":"THE_SILENT","items_purchased":["Noxious Fumes"],"campfire_rested":0,"item_purchase_floors":[21],"current_hp_per_floor":[77,77,77,77,62,62,45,45,45,45,45,34,34,33,33,33,77,77,77,77,77,77,77,77,72,72,66,70,70,70,60,60,50,77,77,77,72,72,60],"gold":163,"neow_bonus":"RANDOM_COMMON_RELIC","is_prod":false,"is_daily":false,"chose_seed":false,"campfire_upgraded":7,"win_rate":0,"timestamp":1540040544,"path_taken":["M","$","M","M","?","R","E","$","T","M","R","?","R","E","R","BOSS","M","?","M","$","M","R","M","M","T","M","M","?","R","M","R","BOSS","M","?","?","?","BOSS"],"build_version":"2018-10-18","purchased_purges":3,"victory":true,"max_hp_per_floor":[77,77,77,77,77,77,77,77,77,77,77,77,77,77,77,77,77,77,77,77,77,77,77,77,77,77,77,77,77,77,77,77,77,77,77,77,77,77,77],"card_choices":[{"not_picked":["Cloak And Dagger","Outmaneuver","Expertise"],"picked":"SKIP","floor":1.0},{"not_picked":["Heel Hook","Endless Agony"],"picked":"Infinite Blades","floor":3.0},{"not_picked":["Skewer","PiercingWail","Dagger Throw"],"picked":"SKIP","floor":4.0},{"not_picked":["Setup","Concentrate"],"picked":"Backstab","floor":7.0},{"not_picked":["Acrobatics","Dagger Throw","Outmaneuver"],"picked":"SKIP","floor":10.0},{"not_picked":["Flying Knee","All Out Attack"],"picked":"Tools of the Trade","floor":12.0},{"not_picked":["Dash","Endless Agony","Skewer"],"picked":"SKIP","floor":14.0},{"not_picked":["Doppelganger","Bullet Time"],"picked":"Venomology","floor":16.0},{"not_picked":["Dagger Throw","Tactician","Bane"],"picked":"SKIP","floor":18.0},{"not_picked":["Dagger Throw","Bane"],"picked":"Tactician","floor":18.0},{"not_picked":["Expertise","Acrobatics","Prepared"],"picked":"SKIP","floor":20.0},{"not_picked":["Blade Dance","Accuracy"],"picked":"Escape Plan","floor":22.0},{"not_picked":["Dagger Throw","Sucker Punch"],"picked":"Footwork+1","floor":24.0},{"not_picked":["Doppelganger","Slice","All Out Attack"],"picked":"SKIP","floor":25.0},{"not_picked":["Prepared","Noxious Fumes"],"picked":"Footwork+1","floor":27.0},{"not_picked":["Sucker Punch","Finisher","Prepared+1"],"picked":"SKIP","floor":28.0},{"not_picked":["Prepared+1","Blade Dance+1"],"picked":"Noxious Fumes+1","floor":31.0},{"not_picked":["Night Terror","Grand Finale"],"picked":"Wraith Form v2","floor":33.0},{"not_picked":["Slice","Acrobatics"],"picked":"Prepared+1","floor":35},{"not_picked":["Masterful Stab","Outmaneuver+1","Skewer"],"picked":"SKIP","floor":37}],"player_experience":419122,"relics_obtained":[{"floor":7.0,"key":"Sundial"},{"floor":9.0,"key":"Gremlin Horn"},{"floor":14.0,"key":"Whetstone"},{"floor":26.0,"key":"Ginger"}],"event_choices":[{"damage_healed":0.0,"max_hp_gain":0.0,"max_hp_loss":0.0,"gold_gain":0.0,"event_name":"Shining Light","player_choice":"Entered Light","floor":5.0,"gold_loss":0.0,"damage_taken":15.0,"cards_upgraded":["Infinite Blades","Survivor"]},{"damage_healed":0.0,"max_hp_gain":0.0,"max_hp_loss":0.0,"gold_gain":0.0,"event_name":"Dead Adventurer","player_choice":"Searched \u00273\u0027 times","floor":12.0,"gold_loss":0.0,"damage_taken":0.0,"relics_obtained":["Pocketwatch"]},{"damage_healed":0.0,"max_hp_gain":0.0,"max_hp_loss":0.0,"gold_gain":0.0,"event_name":"Cursed Tome","player_choice":"Ignored","floor":19.0,"gold_loss":0.0,"damage_taken":0.0},{"damage_healed":0.0,"max_hp_gain":0.0,"max_hp_loss":0.0,"gold_gain":0.0,"event_name":"Addict","player_choice":"Obtained Relic","floor":29.0,"gold_loss":85.0,"damage_taken":0.0,"relics_obtained":["Darkstone Periapt"]},{"cards_removed":["Strike_G"],"damage_healed":0,"gold_gain":0,"player_choice":"Removed Attack","damage_taken":0,"max_hp_gain":0,"max_hp_loss":0,"event_name":"Falling","floor":36,"gold_loss":0},{"damage_healed":0,"gold_gain":0,"player_choice":"Took Portal","damage_taken":0,"max_hp_gain":0,"max_hp_loss":0,"event_name":"SecretPortal","floor":38,"gold_loss":0}],"is_beta":false,"boss_relics":[{"not_picked":["Sozu","Black Star"],"picked":"Lizard Tail"},{"not_picked":["Velvet Choker","Pandora\u0027s Box"],"picked":"Empty Cage"}],"items_purged_floors":[2,8,21],"is_endless":false,"potions_floor_spawned":[3,10,12,20,22,28,31,33,37],"ascension_level":0}