{"path_per_floor":["M","?","?","M","?","M","M","R","T","M","E","?","$","M","R"],"character_chosen":"DEFECT","items_purchased":[],"gold_per_floor":[114,189,139,149,149,169,187,187,187,200,233,257,182,199,199,199],"floor_reached":16,"campfire_rested":1,"playtime":1018,"item_purchase_floors":[],"current_hp_per_floor":[73,62,62,60,45,43,32,54,54,54,41,41,41,41,41,0],"items_purged":["Defend_B"],"gold":199,"score":102,"play_id":"50edc614-5a5c-4075-8838-6dcac3a713b2","local_time":"20180617231637","is_prod":false,"is_daily":false,"chose_seed":false,"is_ascension_mode":false,"campfire_upgraded":0,"win_rate":0,"timestamp":1529270197,"campfire_choices":[{"floor":8,"key":"REST"},{"floor":15,"key":"DIG"}],"path_taken":["M","?","?","M","?","M","M","R","T","M","E","?","$","M","R","BOSS"],"build_version":"2018-06-14v2","seed_source_timestamp":34478560776497,"purchased_purges":1,"victory":false,"master_deck":["Strike_B+1","Strike_B","Strike_B","Defend_B","Defend_B","Defend_B","Zap","Dualcast","Scrape+1","Reinforced Body","Turbo","Steam Power","Gash","Beam Cell","Steam","Glacier","BootSequence","Reboot","Blizzard"],"max_hp_per_floor":[75,75,75,75,75,75,75,75,75,75,75,75,75,75,75,75],"relics":["Orrery","Meat on the Bone","Shovel","Odd Mushroom","Toolbox"],"card_choices":[{"not_picked":["Leap","Conserve Battery"],"picked":"Scrape","floor":0},{"not_picked":["Loop","Stack"],"picked":"Reinforced Body","floor":0},{"not_picked":["Hello World","Doom and Gloom"],"picked":"Turbo","floor":0},{"not_picked":["Rebound","Hello World"],"picked":"Steam Power","floor":0},{"not_picked":["Beam Cell","Creative AI"],"picked":"Gash","floor":0},{"not_picked":["Coolheaded","Compile Driver"],"picked":"Beam Cell","floor":1},{"not_picked":["Redo","Genetic Algorithm"],"picked":"Steam","floor":4},{"not_picked":["Doom and Gloom","Blizzard","Ball Lightning"],"picked":"SKIP","floor":6},{"not_picked":["Biased Cognition","Steam Power"],"picked":"Glacier","floor":7},{"not_picked":["Coolheaded","Defragment","Ball Lightning"],"picked":"SKIP","floor":10},{"not_picked":["Conserve Battery","Go for the Eyes"],"picked":"BootSequence","floor":11},{"not_picked":["Hello World","Ball Lightning"],"picked":"Reboot","floor":12},{"not_picked":["Streamline","Ball Lightning"],"picked":"Blizzard","floor":14}],"player_experience":255551,"potions_floor_usage":[],"damage_taken":[{"damage":2,"enemies":"Cultist","floor":1,"turns":4},{"damage":2,"enemies":"Small Slimes","floor":4,"turns":4},{"damage":2,"enemies":"2 Louse","floor":6,"turns":3},{"damage":11,"enemies":"Lots of Slimes","floor":7,"turns":7},{"damage":0,"enemies":"3 Louse","floor":10,"turns":4},{"damage":13,"enemies":"Gremlin Nob","floor":11,"turns":6},{"damage":0,"floor":12,"turns":7},{"damage":0,"enemies":"Large Slime","floor":14,"turns":3},{"damage":41,"enemies":"Slime Boss","floor":16,"turns":10}],"relics_obtained":[{"floor":9,"key":"Meat on the Bone"},{"floor":11,"key":"Shovel"},{"floor":12,"key":"Odd Mushroom"},{"floor":15,"key":"Toolbox"}],"event_choices":[{"event_name":"World of Goop","player_choice":"Gather Gold","floor":2,"damage_taken":0},{"event_name":"The Cleric","player_choice":"Card Removal","floor":3,"damage_taken":0},{"event_name":"Shining Light","player_choice":"Entered Light","floor":5,"damage_taken":0},{"event_name":"Mushrooms","player_choice":"Fought Mushrooms","floor":12,"damage_taken":0}],"boss_relics":[],"items_purged_floors":[13],"is_endless":false,"potions_floor_spawned":[4,10,11,12,14],"seed_played":"5406711844973466179","killed_by":"Slime Boss","ascension_level":0,"potions_obtained":[{"floor":4,"key":"Regen Potion"},{"floor":10,"key":"Strength Potion"},{"floor":11,"key":"Dexterity Potion"},{"floor":12,"key":"SkillPotion"},{"floor":14,"key":"AttackPotion"}],"is_trial":false}