{"gold_per_floor":[20,20,39,55,16,16,34,34,79,144,144,163,195,208,208,312,312,326,351,276,53,70,70,169,169,169,169,197,197,97,97,97,197,197,215,225,225,245,258,291,166,166,166,211,221,221,71,71,71,71],"floor_reached":51,"playtime":2216,"items_purged":["Defend_G","Strike_G","Defend_G","Defend_G"],"score":826,"play_id":"c31ff3ec-fbb2-4b45-99e7-6516d02c1e25","local_time":"20181022145850","is_ascension_mode":false,"campfire_choices":[{"data":"Noxious Fumes","floor":6.0,"key":"SMITH"},{"data":"Well Laid Plans","floor":8.0,"key":"SMITH"},{"data":"Neutralize","floor":11.0,"key":"SMITH"},{"data":"Glass Knife","floor":15.0,"key":"SMITH"},{"data":"Noxious Fumes","floor":23.0,"key":"SMITH"},{"data":"Corpse Explosion","floor":25.0,"key":"SMITH"},{"data":"Well Laid Plans","floor":27.0,"key":"SMITH"},{"data":"Well Laid Plans","floor":29.0,"key":"SMITH"},{"data":"Envenom","floor":32.0,"key":"SMITH"},{"data":"Acrobatics","floor":42,"key":"SMITH"},{"data":"Tactician","floor":46,"key":"SMITH"},{"data":"Expertise","floor":49,"key":"SMITH"}],"neow_cost":"NO_GOLD","seed_source_timestamp":24185177439987,"circlet_count":0,"master_deck":["Survivor","Neutralize+1","Well Laid Plans+1","Noxious Fumes+1","Glass Knife+1","Noxious Fumes+1","Corpse Explosion+1","Well Laid Plans+1","Well Laid Plans+1","Venomology","Envenom+1","Grand Finale","Acrobatics+1","Tactician+1","Expertise+1","Acrobatics+1"],"special_seed":0,"relics":["Ring of the Snake","Regal Pillow","Tiny Chest","Mummified Hand","Orrery","Red Mask","Potion Belt","FossilizedHelix","Anchor","Empty Cage","Prayer Wheel","Pen Nib","Blue Candle","Torii"],"potions_floor_usage":[35,35,38,39,40,44,45,50,50],"damage_taken":[{"damage":0.0,"enemies":"Cultist","floor":1.0,"turns":4.0},{"damage":0.0,"enemies":"Small Slimes","floor":3.0,"turns":2.0},{"damage":0.0,"enemies":"Jaw Worm","floor":4.0,"turns":4.0},{"damage":0.0,"enemies":"Blue Slaver","floor":7.0,"turns":5.0},{"damage":14.0,"enemies":"Gremlin Nob","floor":10.0,"turns":4.0},{"damage":2.0,"enemies":"Large Slime","floor":12.0,"turns":6.0},{"damage":14.0,"enemies":"3 Sentries","floor":13.0,"turns":6.0},{"damage":0.0,"enemies":"3 Louse","floor":14.0,"turns":1.0},{"damage":25.0,"enemies":"Hexaghost","floor":16.0,"turns":8.0},{"damage":0.0,"enemies":"Shell Parasite","floor":18.0,"turns":4.0},{"damage":0.0,"enemies":"Masked Bandits","floor":19.0,"turns":2.0},{"damage":0.0,"enemies":"3 Byrds","floor":22.0,"turns":2.0},{"damage":0.0,"enemies":"Gremlin Leader","floor":28.0,"turns":5.0},{"damage":40.0,"enemies":"Champ","floor":33.0,"turns":10.0},{"damage":3,"enemies":"3 Darklings","floor":35,"turns":4},{"damage":0,"enemies":"3 Shapes","floor":36,"turns":2},{"damage":12,"enemies":"Mind Bloom Boss Battle","floor":37,"turns":5},{"damage":12,"enemies":"Writhing Mass","floor":38,"turns":4},{"damage":0,"enemies":"Transient","floor":39,"turns":5},{"damage":0,"enemies":"Giant Head","floor":40,"turns":3},{"damage":0,"enemies":"2 Orb Walkers","floor":44,"turns":2},{"damage":0,"enemies":"Jaw Worm Horde","floor":45,"turns":1},{"damage":0,"enemies":"Awakened One","floor":50,"turns":3}],"seed_played":"-7231489804821430698","potions_obtained":[{"floor":1.0,"key":"Swift Potion"},{"floor":10.0,"key":"Strength Potion"},{"floor":12.0,"key":"AttackPotion"},{"floor":14.0,"key":"EssenceOfSteel"},{"floor":33.0,"key":"Strength Potion"},{"floor":36,"key":"AttackPotion"},{"floor":39,"key":"Dexterity Potion"}],"is_trial":false,"path_per_floor":["M","?","M","M","$","R","M","R","T","E","R","M","E","M","R","B",null,"M","?","?","$","M","R","?","R","T","R","E","R","$","?","R","B",null,"M","M","?","M","M","E","$","R","T","?","M","R","$","?","R","B"],"character_chosen":"THE_SILENT","items_purchased":["Noxious Fumes","Potion Belt"],"campfire_rested":0,"item_purchase_floors":[5,21],"current_hp_per_floor":[70,70,70,70,70,70,70,70,70,56,56,54,40,40,40,15,70,70,70,70,70,70,70,70,70,70,70,70,70,70,70,70,30,70,67,67,55,43,43,43,43,43,43,43,43,43,43,43,43,43],"gold":71,"neow_bonus":"REMOVE_TWO","is_prod":false,"is_daily":false,"chose_seed":false,"campfire_upgraded":12,"win_rate":0,"timestamp":1540191530,"path_taken":["M","?","M","M","$","R","M","R","T","E","R","M","E","M","R","BOSS","M","?","?","$","M","R","?","R","T","R","E","R","$","?","R","BOSS","M","M","?","?","M","E","$","R","T","?","?","R","$","?","R","BOSS"],"build_version":"2018-10-18","purchased_purges":4,"victory":true,"max_hp_per_floor":[70,70,70,70,70,70,70,70,70,70,70,70,70,70,70,70,70,70,70,70,70,70,70,70,70,70,70,70,70,70,70,70,70,70,70,70,70,70,70,70,70,70,70,70,70,70,70,70,70,70],"card_choices":[{"not_picked":["PiercingWail","Backflip"],"picked":"All Out Attack","floor":1.0},{"not_picked":["Distraction","Backflip"],"picked":"Well Laid Plans","floor":3.0},{"not_picked":["Underhanded Strike","PiercingWail","Dagger Spray"],"picked":"SKIP","floor":4.0},{"not_picked":["Prepared","Dodge and Roll","Terror"],"picked":"SKIP","floor":7.0},{"not_picked":["Blur","PiercingWail","Infinite Blades"],"picked":"SKIP","floor":10.0},{"not_picked":["Backflip","Prepared"],"picked":"Glass Knife","floor":12.0},{"not_picked":["Prepared","Sucker Punch"],"picked":"Die Die Die","floor":13.0},{"not_picked":["Prepared","Backflip"],"picked":"Noxious Fumes","floor":14.0},{"not_picked":["Unload","Die Die Die"],"picked":"Corpse Explosion","floor":16.0},{"not_picked":["Cloak And Dagger","Underhanded Strike"],"picked":"Well Laid Plans","floor":17.0},{"not_picked":["Leg Sweep","Skewer"],"picked":"Well Laid Plans","floor":17.0},{"not_picked":["PiercingWail+1","Heel Hook+1","Prepared"],"picked":"SKIP","floor":18.0},{"not_picked":["Setup","Accuracy","Calculated Gamble"],"picked":"SKIP","floor":22.0},{"not_picked":["Skewer","Backstab+1"],"picked":"Venomology","floor":28.0},{"not_picked":["Envenom","Corpse Explosion"],"picked":"Grand Finale","floor":33.0},{"not_picked":["Sucker Punch+1","Accuracy"],"picked":"Acrobatics","floor":35},{"not_picked":["Blade Dance+1","Dagger Throw+1","Finisher+1"],"picked":"SKIP","floor":36},{"not_picked":["Flechettes+1","PiercingWail"],"picked":"Tactician","floor":37},{"not_picked":["Slice+1","Masterful Stab"],"picked":"Expertise","floor":38},{"not_picked":["Endless Agony+1","Backstab","Deadly Poison+1"],"picked":"SKIP","floor":38},{"not_picked":["Prepared","Cloak And Dagger+1"],"picked":"Acrobatics+1","floor":39},{"not_picked":["Doppelganger","Blur+1","Crippling Poison+1"],"picked":"SKIP","floor":39},{"not_picked":["Doppelganger","Caltrops","Escape Plan+1"],"picked":"SKIP","floor":40},{"not_picked":["Dagger Spray+1","Terror","PiercingWail+1"],"picked":"SKIP","floor":45},{"not_picked":["Dodge and Roll","Escape Plan+1","Catalyst"],"picked":"SKIP","floor":45}],"player_experience":508314,"relics_obtained":[{"floor":9.0,"key":"Regal Pillow"},{"floor":10.0,"key":"Tiny Chest"},{"floor":13.0,"key":"Mummified Hand"},{"floor":19.0,"key":"Red Mask"},{"floor":26.0,"key":"FossilizedHelix"},{"floor":28.0,"key":"Anchor"},{"floor":37,"key":"Prayer Wheel"},{"floor":40,"key":"Pen Nib"},{"floor":43,"key":"Blue Candle"},{"floor":44,"key":"Torii"}],"event_choices":[{"cards_removed":["Strike_G"],"damage_healed":0.0,"max_hp_gain":0.0,"max_hp_loss":0.0,"gold_gain":0.0,"event_name":"Living Wall","player_choice":"Forget","floor":2.0,"gold_loss":0.0,"damage_taken":0.0},{"damage_healed":0.0,"max_hp_gain":0.0,"max_hp_loss":0.0,"gold_gain":0.0,"event_name":"Masked Bandits","player_choice":"Fought Bandits","floor":19.0,"gold_loss":0.0,"damage_taken":0.0},{"cards_removed":["Strike_G"],"damage_healed":0.0,"max_hp_gain":0.0,"max_hp_loss":0.0,"gold_gain":0.0,"event_name":"Beggar","player_choice":"Gave Gold","floor":20.0,"gold_loss":75.0,"damage_taken":0.0},{"damage_healed":0.0,"max_hp_gain":0.0,"max_hp_loss":0.0,"gold_gain":99.0,"event_name":"Nest","player_choice":"Stole From Cult","floor":24.0,"gold_loss":0.0,"damage_taken":0.0},{"damage_healed":0.0,"max_hp_gain":0.0,"max_hp_loss":0.0,"gold_gain":0.0,"cards_transformed":["Defend_G","Strike_G"],"event_name":"Drug Dealer","player_choice":"Became Test Subject","floor":31.0,"gold_loss":0.0,"damage_taken":0.0,"cards_obtained":["Setup","Envenom"]},{"damage_healed":0,"gold_gain":0,"player_choice":"Fight","damage_taken":0,"max_hp_gain":0,"max_hp_loss":0,"event_name":"MindBloom","floor":37,"gold_loss":0},{"damage_healed":0,"gold_gain":0,"player_choice":"Fight","damage_taken":0,"max_hp_gain":0,"max_hp_loss":0,"event_name":"Mysterious Sphere","floor":44,"gold_loss":0},{"cards_removed":["Die Die Die"],"damage_healed":0,"gold_gain":0,"player_choice":"Removed Attack","damage_taken":0,"max_hp_gain":0,"max_hp_loss":0,"event_name":"Falling","floor":48,"gold_loss":0}],"is_beta":false,"boss_relics":[{"not_picked":["Tiny House","Runic Dome"],"picked":"Orrery"},{"not_picked":["Busted Crown","Black Star"],"picked":"Empty Cage"}],"items_purged_floors":[21,30,41,47],"is_endless":false,"potions_floor_spawned":[1,10,12,14,33,36,39,44],"ascension_level":0}