{"gold_per_floor":[112,112,131,28,28,54,71,71,98,98,113,129,141,141,141,236,236,249,36,50,71,71,71,87,107,107,107,122,122,172,91,91,187,187,210,231,54,68,193,193,218,242,242,277,296,296,171,192,192,192,192,192,192,0,0],"floor_reached":55,"playtime":3209,"items_purged":["Strike_G","Bite","Bite","Bite"],"score":1756,"play_id":"c4caa747-fef4-49fb-b9fd-ad234a3e3829","local_time":"20190227221951","is_ascension_mode":true,"campfire_choices":[{"data":"Neutralize","floor":10.0,"key":"SMITH"},{"data":"Footwork","floor":15.0,"key":"SMITH"},{"data":"Acrobatics","floor":23.0,"key":"SMITH"},{"data":"Venomology","floor":27.0,"key":"SMITH"},{"data":"Grand Finale","floor":29.0,"key":"SMITH"},{"data":"Well Laid Plans","floor":32.0,"key":"SMITH"},{"data":"Expertise","floor":40.0,"key":"SMITH"},{"floor":46.0,"key":"RECALL"},{"data":"Disarm","floor":49.0,"key":"SMITH"},{"data":"Auto Shields","floor":53,"key":"SMITH"}],"neow_cost":"NONE","seed_source_timestamp":37662757126719,"circlet_count":0,"master_deck":["AscendersBane","Defend_G","Defend_G","Defend_G","Defend_G","Defend_G+1","Survivor","Neutralize+1","Noxious Fumes+1","Footwork+1","Deadly Poison+1","Grand Finale+1","Acrobatics+1","Rebound","Bite","Bite","Venomology+1","Caltrops+1","Well Laid Plans+1","Master of Strategy","Static Discharge","Expertise+1","Noxious Fumes+1","Self Repair+1","Auto Shields+1","Disarm+1","Sever Soul","Footwork"],"special_seed":0,"relics":["Ring of the Snake","NeowsBlessing","PreservedInsect","Centennial Puzzle","Golden Idol","Velvet Choker","PrismaticShard","Cursed Key","Turnip","Pantograph"],"potions_floor_usage":[51,51],"damage_taken":[{"damage":0.0,"enemies":"Jaw Worm","floor":1.0,"turns":1.0},{"damage":0.0,"enemies":"Small Slimes","floor":3.0,"turns":1.0},{"damage":0.0,"enemies":"3 Sentries","floor":6.0,"turns":2.0},{"damage":0.0,"enemies":"2 Louse","floor":7.0,"turns":3.0},{"damage":12.0,"enemies":"Lots of Slimes","floor":11.0,"turns":4.0},{"damage":1.0,"enemies":"Blue Slaver","floor":12.0,"turns":4.0},{"damage":0.0,"enemies":"2 Fungi Beasts","floor":13.0,"turns":4.0},{"damage":23.0,"enemies":"Slime Boss","floor":16.0,"turns":13.0},{"damage":18.0,"enemies":"3 Byrds","floor":18.0,"turns":6.0},{"damage":2.0,"enemies":"Shell Parasite","floor":20.0,"turns":7.0},{"damage":20.0,"enemies":"Snake Plant","floor":21.0,"turns":6.0},{"damage":7.0,"enemies":"Shelled Parasite and Fungi","floor":24.0,"turns":5.0},{"damage":3.0,"enemies":"3 Cultists","floor":25.0,"turns":4.0},{"damage":9.0,"enemies":"Snecko","floor":28.0,"turns":6.0},{"damage":23.0,"enemies":"Automaton","floor":33.0,"turns":13.0},{"damage":33.0,"enemies":"3 Darklings","floor":35.0,"turns":5.0},{"damage":8.0,"enemies":"3 Shapes","floor":36.0,"turns":7.0},{"damage":25.0,"enemies":"Sphere and 2 Shapes","floor":38.0,"turns":10.0},{"damage":10.0,"enemies":"Mind Bloom Boss Battle","floor":39.0,"turns":6.0},{"damage":42.0,"enemies":"4 Shapes","floor":41.0,"turns":7.0},{"damage":36.0,"enemies":"Jaw Worm Horde","floor":42.0,"turns":6.0},{"damage":37.0,"enemies":"Nemesis","floor":44.0,"turns":9.0},{"damage":18.0,"enemies":"3 Darklings","floor":45.0,"turns":11.0},{"damage":28.0,"enemies":"Writhing Mass","floor":48.0,"turns":6.0},{"damage":59.0,"enemies":"Time Eater","floor":50.0,"turns":15.0},{"damage":35,"enemies":"Awakened One","floor":51,"turns":25},{"damage":47,"enemies":"Shield and Spear","floor":55,"turns":5}],"seed_played":"2000524449607134564","potions_obtained":[{"floor":7.0,"key":"Dexterity Potion"},{"floor":11.0,"key":"GhostInAJar"},{"floor":18.0,"key":"Regen Potion"},{"floor":21.0,"key":"SkillPotion"},{"floor":25.0,"key":"SpeedPotion"},{"floor":33.0,"key":"Ancient Potion"},{"floor":42.0,"key":"AttackPotion"},{"floor":44.0,"key":"GhostInAJar"}],"is_trial":false,"path_per_floor":["M","?","M","$","?","E","M","?","T","R","M","M","M","?","R","B",null,"M","$","M","M","?","R","M","M","T","R","M","R","?","$","R","B",null,"M","M","$","M","?","R","M","M","T","E","M","R","$","M","R","B","B",null,"R","$","E"],"character_chosen":"THE_SILENT","items_purchased":["Deadly Poison","PrismaticShard","Well Laid Plans","Expertise","Footwork"],"campfire_rested":0,"item_purchase_floors":[4,19,31,37,54],"current_hp_per_floor":[59,39,39,39,39,39,39,39,39,39,27,26,26,26,26,3,46,28,28,41,21,21,21,18,27,27,27,36,36,36,36,36,31,39,27,39,39,39,42,42,38,26,26,21,42,42,42,32,32,20,42,42,42,42,0],"gold":0,"neow_bonus":"THREE_ENEMY_KILL","is_prod":false,"is_daily":false,"chose_seed":false,"campfire_upgraded":9,"win_rate":0,"timestamp":1551277191,"path_taken":["M","?","M","$","?","E","M","?","T","R","M","M","?","?","R","BOSS","M","$","M","M","?","R","M","M","T","R","M","R","?","?","R","BOSS","M","M","$","M","?","R","M","M","T","E","M","R","$","M","R","BOSS","BOSS","R","$","E"],"build_version":"2019-01-23","purchased_purges":4,"victory":false,"max_hp_per_floor":[66,66,66,66,66,66,66,66,66,66,66,66,66,60,60,60,60,60,60,60,60,42,42,42,42,42,42,42,42,42,42,42,42,42,42,42,42,42,42,42,42,42,42,42,42,42,42,42,42,42,42,42,42,42,42],"card_choices":[{"not_picked":["Cloak And Dagger","Crippling Poison"],"picked":"Noxious Fumes","floor":1.0},{"not_picked":["Prepared","Dagger Spray"],"picked":"Footwork","floor":3.0},{"not_picked":["Finisher","Heel Hook","Envenom"],"picked":"SKIP","floor":6.0},{"not_picked":["Dagger Throw","Bane","Underhanded Strike"],"picked":"SKIP","floor":7.0},{"not_picked":["Endless Agony","Terror","Prepared"],"picked":"SKIP","floor":11.0},{"not_picked":["Slice","Dagger Spray","Quick Slash"],"picked":"SKIP","floor":12.0},{"not_picked":["Finisher","Deflect","Dagger Throw"],"picked":"SKIP","floor":13.0},{"not_picked":["Bullet Time","Wraith Form v2"],"picked":"Grand Finale","floor":16.0},{"not_picked":["Backflip","Dodge and Roll"],"picked":"Acrobatics","floor":18.0},{"not_picked":["Cloak And Dagger","Thunderclap"],"picked":"Rebound","floor":20.0},{"not_picked":["Terror","Redo","Deadly Poison"],"picked":"SKIP","floor":21.0},{"not_picked":["Clash","Twin Strike","Dagger Throw+1"],"picked":"SKIP","floor":24.0},{"not_picked":["Acrobatics","Anger"],"picked":"Venomology","floor":25.0},{"not_picked":["Caltrops+1","Cloak And Dagger","Flechettes"],"picked":"SKIP","floor":28.0},{"not_picked":["Cloak And Dagger","Flechettes"],"picked":"Caltrops+1","floor":28.0},{"not_picked":["Storm of Steel","Exhume"],"picked":"Master of Strategy","floor":33.0},{"not_picked":["Flex","Iron Wave","Flying Knee"],"picked":"SKIP","floor":35.0},{"not_picked":["Intimidate","Dagger Throw"],"picked":"Static Discharge","floor":36.0},{"not_picked":["Dodge and Roll+1","Turbo+1"],"picked":"Noxious Fumes+1","floor":38.0},{"not_picked":["Turbo+1","Armaments"],"picked":"Self Repair+1","floor":39.0},{"not_picked":["Bloodletting","Expertise"],"picked":"Auto Shields","floor":41.0},{"not_picked":["Prepared","Blade Dance"],"picked":"Disarm","floor":42.0},{"not_picked":["Redo","Gash","Reflex"],"picked":"SKIP","floor":44.0},{"not_picked":["Cloak And Dagger","Cleave"],"picked":"Sever Soul","floor":45.0},{"not_picked":["Compile Driver","Expertise+1","Ball Lightning"],"picked":"SKIP","floor":48.0}],"player_experience":3209541,"relics_obtained":[{"floor":6.0,"key":"PreservedInsect"},{"floor":9.0,"key":"Centennial Puzzle"},{"floor":39.0,"key":"Turnip"},{"floor":44.0,"key":"Pantograph"}],"event_choices":[{"damage_healed":0.0,"max_hp_gain":0.0,"max_hp_loss":0.0,"gold_gain":0.0,"event_name":"Shining Light","player_choice":"Entered Light","floor":2.0,"gold_loss":0.0,"damage_taken":20.0,"cards_upgraded":["Defend_G","Noxious Fumes"]},{"damage_healed":0.0,"max_hp_gain":0.0,"max_hp_loss":0.0,"gold_gain":0.0,"event_name":"The Cleric","player_choice":"Leave","floor":5.0,"gold_loss":0.0,"damage_taken":0.0},{"damage_healed":0.0,"max_hp_gain":0.0,"max_hp_loss":0.0,"gold_gain":0.0,"event_name":"Accursed Blacksmith","player_choice":"Forge","floor":8.0,"gold_loss":0.0,"damage_taken":0.0,"cards_upgraded":["Deadly Poison"]},{"damage_healed":0.0,"max_hp_gain":0.0,"max_hp_loss":6.0,"gold_gain":0.0,"event_name":"Golden Idol","player_choice":"Lose Max HP","floor":14.0,"gold_loss":0.0,"damage_taken":0.0,"relics_obtained":["Golden Idol"]},{"damage_healed":0.0,"max_hp_gain":0.0,"max_hp_loss":18.0,"gold_gain":0.0,"event_name":"Vampires","player_choice":"Became a vampire","floor":22.0,"gold_loss":0.0,"damage_taken":0.0,"cards_obtained":["Bite","Bite","Bite","Bite","Bite"]},{"damage_healed":0.0,"max_hp_gain":0.0,"max_hp_loss":0.0,"gold_gain":50.0,"event_name":"Nest","player_choice":"Stole From Cult","floor":30.0,"gold_loss":0.0,"damage_taken":0.0},{"damage_healed":0.0,"max_hp_gain":0.0,"max_hp_loss":0.0,"gold_gain":0.0,"event_name":"MindBloom","player_choice":"Fight","floor":39.0,"gold_loss":0.0,"damage_taken":0.0}],"is_beta":false,"boss_relics":[{"not_picked":["HoveringKite","Fusion Hammer"],"picked":"Velvet Choker"},{"not_picked":["Philosopher\u0027s Stone","Black Star"],"picked":"Cursed Key"}],"items_purged_floors":[4,37,47,54],"is_endless":false,"potions_floor_spawned":[7,11,12,18,21,25,33,39,42,44],"killed_by":"Shield and Spear","ascension_level":20}