{"gold_per_floor":[117,117,67,79,4,4,4,4,4,14,14,41,66,104,116,128],"floor_reached":16,"playtime":368,"items_purged":["Strike_B"],"score":140,"play_id":"2c35d0e4-6510-4f42-ae5e-52abfd102b08","local_time":"20181007235158","is_ascension_mode":true,"campfire_choices":[{"data":"Defragment","floor":6,"key":"SMITH"},{"data":"Zap","floor":8,"key":"SMITH"},{"data":"Coolheaded","floor":15,"key":"SMITH"}],"neow_cost":"NONE","seed_source_timestamp":468275866124237,"circlet_count":0,"master_deck":["Strike_B","Strike_B+1","Defend_B","Defend_B","Defend_B","Defend_B","Zap+1","Dualcast","Barrage+1","Defragment+1","Coolheaded+1","Loop","Reinforced Body","Self Repair"],"special_seed":0,"relics":["Coffee Dripper","Gremlin Horn","MawBank","Juzu Bracelet"],"potions_floor_usage":[12],"damage_taken":[{"damage":2,"enemies":"Jaw Worm","floor":1,"turns":3},{"damage":0,"enemies":"2 Louse","floor":4,"turns":2},{"damage":0,"enemies":"Small Slimes","floor":10,"turns":2},{"damage":23,"enemies":"Gremlin Nob","floor":12,"turns":4},{"damage":1,"enemies":"Exordium Thugs","floor":13,"turns":4},{"damage":12,"enemies":"3 Sentries","floor":14,"turns":9},{"damage":29,"enemies":"Slime Boss","floor":16,"turns":3}],"seed_played":"4346746351729495554","potions_obtained":[{"floor":1,"key":"Ancient Potion"},{"floor":4,"key":"FearPotion"},{"floor":10,"key":"GamblersBrew"}],"is_trial":false,"path_per_floor":["M","?","?","M","$","R","$","R","T","M","$","E","M","E","R"],"character_chosen":"DEFECT","items_purchased":[],"campfire_rested":0,"item_purchase_floors":[],"current_hp_per_floor":[66,51,51,51,51,51,51,51,51,51,51,28,27,15,15,0],"gold":128,"neow_bonus":"BOSS_RELIC","is_prod":false,"is_daily":false,"chose_seed":false,"campfire_upgraded":3,"win_rate":0,"timestamp":1538927518,"path_taken":["M","?","?","?","$","R","?","R","T","M","?","E","M","E","R","BOSS"],"build_version":"2018-10-04v2","purchased_purges":1,"victory":false,"max_hp_per_floor":[75,75,75,75,75,75,75,75,75,75,75,75,75,75,75,75],"card_choices":[{"not_picked":["Lockon","Heatsinks"],"picked":"Barrage","floor":1},{"not_picked":["Rebound","Beam Cell"],"picked":"Defragment","floor":4},{"not_picked":["Go for the Eyes","Fusion"],"picked":"Coolheaded","floor":10},{"not_picked":["Hyperbeam","Melter"],"picked":"Loop","floor":12},{"not_picked":["Beam Cell","Sweeping Beam"],"picked":"Reinforced Body","floor":13},{"not_picked":["Chaos","Gash"],"picked":"Self Repair","floor":14}],"player_experience":226197,"relics_obtained":[{"floor":9,"key":"Gremlin Horn"},{"floor":12,"key":"MawBank"},{"floor":14,"key":"Juzu Bracelet"}],"event_choices":[{"event_name":"Shining Light","player_choice":"Entered Light","floor":2,"damage_taken":0},{"event_name":"The Cleric","player_choice":"Card Removal","floor":3,"damage_taken":0}],"is_beta":false,"boss_relics":[],"items_purged_floors":[5],"is_endless":false,"potions_floor_spawned":[1,4,10],"killed_by":"Slime Boss","ascension_level":6}