{"gold_per_floor":[214,289,308,328,91,91,124,124,124,152,152,44,44,109,109,188,188,200,218,543,610,347,347,374,386,398,460,498,47,97,109,109,187,187,205,223,233,383,401,401,434,452,475,491,491],"floor_reached":45,"playtime":3117,"items_purged":["Strike_G","Regret","Decay"],"score":1011,"play_id":"f14defb1-ffa5-4cbd-b4a8-72ae44ece8da","local_time":"20190731230237","is_ascension_mode":true,"campfire_choices":[{"data":"Glass Knife","floor":6,"key":"SMITH"},{"floor":8,"key":"REST"},{"floor":11,"key":"REST"},{"data":"Deadly Poison","floor":15,"key":"SMITH"},{"data":"Wraith Form v2","floor":23,"key":"SMITH"},{"floor":25,"key":"REST"},{"data":"Calculated Gamble","floor":32,"key":"SMITH"},{"data":"Wraith Form v2","floor":40,"key":"SMITH"}],"neow_cost":"NONE","seed_source_timestamp":39119100515609,"circlet_count":0,"master_deck":["AscendersBane","Strike_G+1","Strike_G+1","Strike_G+1","Defend_G+1","Defend_G+1","Defend_G+1","Defend_G+1","Defend_G+1","Survivor","Neutralize","Deadly Poison+1","Caltrops","Footwork","Glass Knife+1","Dagger Spray","Wraith Form v2+1","Poisoned Stab","Grand Finale","Backflip","Escape Plan","Well Laid Plans","Acrobatics","Calculated Gamble+1","Prepared+1","Wraith Form v2+1","Deflect+1","Burst","Pain"],"relics":["Ring of the Snake","Pantograph","Bag of Marbles","Lantern","SsserpentHead","Cursed Key","MawBank","Tingsha","Girya","Ginger","Empty Cage","Calipers","Vajra"],"potions_floor_usage":[7,12,14,21,24,33,41,41],"damage_taken":[{"damage":1,"enemies":"Small Slimes","floor":1,"turns":4},{"damage":1,"enemies":"Cultist","floor":3,"turns":5},{"damage":1,"enemies":"Jaw Worm","floor":4,"turns":4},{"damage":29,"enemies":"Lagavulin","floor":7,"turns":6},{"damage":29,"enemies":"Gremlin Nob","floor":10,"turns":4},{"damage":0,"enemies":"Gremlin Gang","floor":14,"turns":1},{"damage":41,"enemies":"The Guardian","floor":16,"turns":10},{"damage":2,"enemies":"Chosen","floor":18,"turns":4},{"damage":10,"enemies":"3 Byrds","floor":19,"turns":3},{"damage":10,"enemies":"Snecko","floor":21,"turns":4},{"damage":24,"enemies":"Gremlin Leader","floor":24,"turns":7},{"damage":14,"enemies":"Book of Stabbing","floor":28,"turns":4},{"damage":6,"enemies":"Snake Plant","floor":31,"turns":4},{"damage":25,"enemies":"Automaton","floor":33,"turns":11},{"damage":3,"enemies":"3 Darklings","floor":35,"turns":3},{"damage":11,"enemies":"Orb Walker","floor":36,"turns":4},{"damage":0,"enemies":"Jaw Worm Horde","floor":37,"turns":4},{"damage":0,"enemies":"Mind Bloom Boss Battle","floor":38,"turns":9},{"damage":8,"enemies":"Maw","floor":39,"turns":7},{"damage":20,"enemies":"Giant Head","floor":41,"turns":11},{"damage":2,"enemies":"3 Darklings","floor":42,"turns":3},{"damage":1,"enemies":"Jaw Worm Horde","floor":44,"turns":4},{"damage":41,"enemies":"Spire Growth","floor":45,"turns":2}],"seed_played":"-5064625715595801486","potions_obtained":[{"floor":3,"key":"GhostInAJar"},{"floor":10,"key":"AttackPotion"},{"floor":16,"key":"Weak Potion"},{"floor":18,"key":"Strength Potion"},{"floor":31,"key":"GhostInAJar"},{"floor":33,"key":"Swift Potion"},{"floor":35,"key":"GamblersBrew"}],"is_trial":false,"path_per_floor":["M","?","M","M","$","R","E","R","T","E","R","$","?","M","R","B",null,"M","M","?","M","$","R","E","R","T","?","E","$","?","M","R","B",null,"M","M","M","?","M","R","E","M","T","M","M"],"character_chosen":"THE_SILENT","items_purchased":["Footwork","Glass Knife","Fruit Juice","Well Laid Plans","GhostInAJar","Ginger"],"campfire_rested":3,"item_purchase_floors":[5,5,12,22,22,29],"current_hp_per_floor":[58,47,46,45,45,45,16,35,35,6,25,30,30,30,30,14,57,55,45,45,35,35,35,11,32,32,32,18,18,18,12,12,12,56,53,42,42,67,59,59,39,37,37,36,0],"gold":491,"neow_bonus":"HUNDRED_GOLD","is_prod":false,"is_daily":false,"chose_seed":false,"campfire_upgraded":5,"win_rate":0,"timestamp":1564606957,"path_taken":["M","?","M","M","$","R","E","R","T","E","R","$","?","?","R","BOSS","M","M","?","?","$","R","E","R","T","?","E","$","?","M","R","BOSS","M","M","M","?","M","R","E","M","T","M","M"],"build_version":"2019-07-17","purchased_purges":3,"victory":false,"max_hp_per_floor":[66,66,66,66,66,66,66,66,66,66,66,71,71,71,71,71,71,71,71,71,71,71,71,71,71,71,71,71,71,71,71,71,71,71,71,71,71,71,71,71,71,71,71,71,71],"card_choices":[{"not_picked":["Cloak And Dagger","Acrobatics"],"picked":"Deadly Poison","floor":1},{"not_picked":["Blur","Dagger Throw"],"picked":"Caltrops","floor":3},{"not_picked":["Bane","Eviscerate"],"picked":"Infinite Blades","floor":4},{"not_picked":["Deflect","PiercingWail"],"picked":"Dagger Spray","floor":7},{"not_picked":["Quick Slash","Caltrops"],"picked":"Wraith Form v2","floor":10},{"not_picked":["Underhanded Strike","Sucker Punch"],"picked":"Poisoned Stab","floor":14},{"not_picked":["Storm of Steel","After Image"],"picked":"Grand Finale","floor":16},{"not_picked":["Deadly Poison+1","Accuracy+1","Dagger Spray"],"picked":"SKIP","floor":18},{"not_picked":["Flying Knee+1","Caltrops+1"],"picked":"Backflip","floor":19},{"not_picked":["Cloak And Dagger+1","Bane"],"picked":"Escape Plan","floor":21},{"not_picked":["Blade Dance","Flying Knee"],"picked":"Acrobatics","floor":24},{"not_picked":["All Out Attack+1","Accuracy+1"],"picked":"Calculated Gamble","floor":28},{"not_picked":["Blade Dance+1","PiercingWail"],"picked":"Prepared+1","floor":31},{"not_picked":["Grand Finale","Bullet Time"],"picked":"Wraith Form v2","floor":33},{"not_picked":["Bane+1","Slice"],"picked":"Deflect+1","floor":35},{"not_picked":["Slice","Dodge and Roll","Quick Slash+1"],"picked":"SKIP","floor":36},{"not_picked":["Quick Slash","Caltrops","Outmaneuver"],"picked":"SKIP","floor":37},{"not_picked":["Choke","Quick Slash","Sucker Punch"],"picked":"SKIP","floor":39},{"not_picked":["Sucker Punch","Bane"],"picked":"Burst","floor":41},{"not_picked":["Backstab","Bane","Skewer"],"picked":"SKIP","floor":42},{"not_picked":["Slice+1","Prepared","Poisoned Stab"],"picked":"SKIP","floor":44}],"player_experience":804113,"relics_obtained":[{"floor":7,"key":"Pantograph"},{"floor":9,"key":"Bag of Marbles"},{"floor":10,"key":"Lantern"},{"floor":24,"key":"MawBank"},{"floor":26,"key":"Tingsha"},{"floor":28,"key":"Girya"},{"floor":38,"key":"Calipers"},{"floor":41,"key":"Vajra"}],"event_choices":[{"damage_healed":0,"gold_gain":75,"player_choice":"Gather Gold","damage_taken":11,"max_hp_gain":0,"max_hp_loss":0,"event_name":"World of Goop","floor":2,"gold_loss":0},{"damage_healed":0,"gold_gain":0,"player_choice":"Trade","damage_taken":0,"relics_obtained":["SsserpentHead"],"max_hp_gain":0,"max_hp_loss":0,"event_name":"FaceTrader","floor":13,"gold_loss":0},{"damage_healed":0,"gold_gain":275,"player_choice":"Desecrate","damage_taken":0,"max_hp_gain":0,"max_hp_loss":0,"event_name":"Golden Shrine","floor":20,"gold_loss":0,"cards_obtained":["Regret"]},{"damage_healed":0,"gold_gain":0,"player_choice":"Simplicity","damage_taken":0,"max_hp_gain":0,"max_hp_loss":0,"event_name":"Back to Basics","floor":27,"gold_loss":0,"cards_upgraded":["Strike_G","Strike_G","Strike_G","Strike_G","Defend_G","Defend_G","Defend_G","Defend_G","Defend_G"]},{"damage_healed":0,"gold_gain":0,"player_choice":"Ignored","damage_taken":0,"max_hp_gain":0,"max_hp_loss":0,"event_name":"Vampires","floor":30,"gold_loss":0},{"damage_healed":0,"gold_gain":0,"player_choice":"Fight","damage_taken":0,"max_hp_gain":0,"max_hp_loss":0,"event_name":"MindBloom","floor":38,"gold_loss":0}],"is_beta":false,"boss_relics":[{"not_picked":["Ectoplasm","Astrolabe"],"picked":"Cursed Key"},{"not_picked":["Busted Crown","WristBlade"],"picked":"Empty Cage"}],"items_purged_floors":[5,22,29],"is_endless":false,"potions_floor_spawned":[3,10,16,18,31,33,35],"killed_by":"Spire Growth","ascension_level":20}