{"gold_per_floor":[109,109,126,137,137,137,169,169,469,117,142,154,194,206,218,230],"floor_reached":16,"playtime":503,"items_purged":["Strike_G"],"score":236,"play_id":"3f8ca4bd-d936-44bc-b0e1-a73e952b5167","local_time":"20190219183839","is_ascension_mode":true,"campfire_choices":[{"data":"Noxious Fumes","floor":6.0,"key":"SMITH"},{"data":"Caltrops","floor":8,"key":"SMITH"},{"data":"Neutralize","floor":12,"key":"SMITH"},{"floor":15,"key":"REST"}],"neow_cost":"NONE","seed_source_timestamp":37321498629816,"circlet_count":0,"master_deck":["AscendersBane","Defend_G","Defend_G","Defend_G","Defend_G","Defend_G","Strike_G","Strike_G","Strike_G","Survivor","Neutralize+1","Noxious Fumes+1","Caltrops+1","Grand Finale"],"special_seed":0,"relics":["Ring of the Snake","NeowsBlessing","Turnip","Old Coin","Orichalcum","MawBank","Ninja Scroll"],"potions_floor_usage":[7,7,14],"damage_taken":[{"damage":0.0,"enemies":"2 Louse","floor":1.0,"turns":1.0},{"damage":0.0,"enemies":"Small Slimes","floor":3.0,"turns":1.0},{"damage":0.0,"enemies":"Jaw Worm","floor":4.0,"turns":1.0},{"damage":4,"enemies":"Lagavulin","floor":7,"turns":8},{"damage":32,"enemies":"Gremlin Nob","floor":11,"turns":5},{"damage":14,"enemies":"3 Sentries","floor":13,"turns":6},{"damage":0,"enemies":"Red Slaver","floor":14,"turns":3},{"damage":26,"enemies":"Hexaghost","floor":16,"turns":9}],"seed_played":"-770956538767856434","potions_obtained":[{"floor":1.0,"key":"Dexterity Potion"},{"floor":4.0,"key":"SteroidPotion"}],"is_trial":false,"path_per_floor":["M","?","M","M","?","R","E","R","T","$","E","R","E","M","R","B"],"character_chosen":"THE_SILENT","items_purchased":["Orichalcum","SmokeBomb"],"campfire_rested":1,"item_purchase_floors":[10,10],"current_hp_per_floor":[59,52,52,52,52,52,48,48,48,48,16,16,2,2,21,0],"gold":230,"neow_bonus":"THREE_ENEMY_KILL","is_prod":false,"is_daily":false,"chose_seed":false,"campfire_upgraded":3,"win_rate":0,"timestamp":1550572719,"path_taken":["M","?","M","M","?","R","E","R","T","$","E","R","E","M","R","BOSS"],"build_version":"2019-01-23","purchased_purges":1,"victory":false,"max_hp_per_floor":[66,66,66,66,66,66,66,66,66,66,66,66,66,66,66,66],"card_choices":[{"not_picked":["Deadly Poison","Slice"],"picked":"Noxious Fumes","floor":1.0},{"not_picked":["Skewer","PiercingWail"],"picked":"Caltrops","floor":3.0},{"not_picked":["Dagger Spray","Dagger Throw","Infinite Blades"],"picked":"SKIP","floor":4.0},{"not_picked":["Blade Dance","Riddle With Holes","Heel Hook"],"picked":"SKIP","floor":7},{"not_picked":["Quick Slash","Bullet Time","Outmaneuver"],"picked":"SKIP","floor":11},{"not_picked":["Dagger Spray","Choke"],"picked":"Grand Finale","floor":13}],"player_experience":2963800,"relics_obtained":[{"floor":7,"key":"Turnip"},{"floor":9,"key":"Old Coin"},{"floor":11,"key":"MawBank"},{"floor":13,"key":"Ninja Scroll"}],"event_choices":[{"cards_removed":["Strike_G"],"damage_healed":0.0,"max_hp_gain":0.0,"max_hp_loss":0.0,"gold_gain":0.0,"event_name":"Golden Wing","player_choice":"Card Removal","floor":2.0,"gold_loss":0.0,"damage_taken":7.0},{"damage_healed":0.0,"max_hp_gain":0.0,"max_hp_loss":0.0,"gold_gain":0.0,"event_name":"Liars Game","player_choice":"Ignored","floor":5.0,"gold_loss":0.0,"damage_taken":0.0}],"is_beta":false,"boss_relics":[],"items_purged_floors":[10],"is_endless":false,"potions_floor_spawned":[1,4,14],"killed_by":"Hexaghost","ascension_level":20}