{"gold_per_floor":[111,261,261,271,196,196,216,216,216,230,247,68,68,94,94,170,170,182,97,97,7,7,7,20,37,37,37,53,53,25,25,25,25],"floor_reached":33,"playtime":989,"items_purged":["Strike_B","Strike_B"],"score":486,"play_id":"19ae46a9-180a-4ea7-9e6d-07764c5eb216","local_time":"20190110182820","is_ascension_mode":true,"campfire_choices":[{"floor":6.0,"key":"RECALL"},{"data":"Defragment","floor":8.0,"key":"SMITH"},{"floor":15,"key":"REST"},{"data":"Defragment","floor":23,"key":"SMITH"},{"data":"Genetic Algorithm","floor":27,"key":"SMITH"},{"data":"Hologram","floor":32,"key":"SMITH"}],"neow_cost":"NONE","seed_source_timestamp":22997337166634,"circlet_count":0,"master_deck":["AscendersBane","Defend_B","Defend_B","Defend_B","Zap","Dualcast","Defragment+1","Doom and Gloom","Genetic Algorithm+1","Defragment+1","All For One","Rebound","Self Repair","Hologram+1"],"special_seed":0,"relics":["Snecko Eye","Juzu Bracelet","Busted Crown","Ice Cream","StoneCalendar","Nilry\u0027s Codex"],"potions_floor_usage":[14,14,33,33],"damage_taken":[{"damage":0.0,"enemies":"2 Louse","floor":1.0,"turns":2.0},{"damage":2.0,"enemies":"Jaw Worm","floor":4.0,"turns":4.0},{"damage":0.0,"enemies":"Cultist","floor":7.0,"turns":3.0},{"damage":2.0,"enemies":"2 Fungi Beasts","floor":10.0,"turns":3.0},{"damage":9.0,"enemies":"Large Slime","floor":11.0,"turns":5.0},{"damage":24,"enemies":"Gremlin Nob","floor":14,"turns":4},{"damage":30,"enemies":"Slime Boss","floor":16,"turns":7},{"damage":21,"enemies":"3 Byrds","floor":18,"turns":5},{"damage":2,"enemies":"Chosen","floor":24,"turns":3},{"damage":13,"enemies":"Centurion and Healer","floor":25,"turns":6},{"damage":31,"enemies":"3 Cultists","floor":28,"turns":5},{"damage":35,"enemies":"Collector","floor":33,"turns":6}],"seed_played":"-7530369848383697551","potions_obtained":[{"floor":1.0,"key":"Weak Potion"},{"floor":4.0,"key":"LiquidBronze"},{"floor":14,"key":"Weak Potion"},{"floor":16,"key":"Regen Potion"}],"is_trial":false,"path_per_floor":["M","?","?","M","$","R","M","R","T","M","M","$","?","E","R","B",null,"M","?","?","$","?","R","M","M","T","R","M","?","$","?","R","B"],"character_chosen":"DEFECT","items_purchased":["Defragment","Self Repair","Hologram"],"campfire_rested":1,"item_purchase_floors":[12,21,30],"current_hp_per_floor":[64,64,64,62,62,62,62,62,62,60,51,51,51,27,48,18,58,37,37,37,37,71,71,71,65,65,65,41,20,20,20,20,0],"gold":25,"neow_bonus":"BOSS_RELIC","is_prod":false,"is_daily":false,"chose_seed":false,"campfire_upgraded":4,"win_rate":0,"timestamp":1547116100,"path_taken":["M","?","?","M","$","R","M","R","T","M","?","$","?","E","R","BOSS","M","?","?","$","?","R","M","M","T","R","M","?","$","?","R","BOSS"],"build_version":"2019-01-03v4","purchased_purges":2,"victory":false,"max_hp_per_floor":[71,71,71,71,71,71,71,71,71,71,71,71,71,71,71,71,71,71,71,71,71,71,71,71,71,71,71,71,71,71,71,71,71],"card_choices":[{"not_picked":["Rip and Tear","Stack","Conserve Battery"],"picked":"SKIP","floor":1.0},{"not_picked":["Coolheaded","Beam Cell","Lockon"],"picked":"SKIP","floor":4.0},{"not_picked":["Cold Snap","Go for the Eyes"],"picked":"Defragment","floor":7.0},{"not_picked":["Go for the Eyes","Steam"],"picked":"Doom and Gloom","floor":10.0},{"not_picked":["Cold Snap","Redo"],"picked":"Genetic Algorithm","floor":11.0},{"not_picked":["Sweeping Beam","Heatsinks","Melter"],"picked":"SKIP","floor":14},{"not_picked":["Multi-Cast","Core Surge"],"picked":"All For One","floor":16},{"not_picked":["Streamline"],"picked":"SKIP","floor":18},{"not_picked":["Leap+1"],"picked":"SKIP","floor":24},{"not_picked":["Rebound"],"picked":"SKIP","floor":25},{"not_picked":["Conserve Battery"],"picked":"SKIP","floor":28}],"player_experience":1918323,"relics_obtained":[{"floor":14,"key":"Juzu Bracelet"},{"floor":26,"key":"StoneCalendar"},{"floor":29,"key":"Nilry\u0027s Codex"}],"event_choices":[{"damage_healed":0.0,"max_hp_gain":0.0,"max_hp_loss":0.0,"gold_gain":150.0,"event_name":"Liars Game","player_choice":"AGREE","floor":2.0,"gold_loss":0.0,"damage_taken":0.0,"cards_obtained":["Doubt"]},{"cards_removed":["Doubt"],"damage_healed":0.0,"max_hp_gain":0.0,"max_hp_loss":0.0,"gold_gain":0.0,"event_name":"Fountain of Cleansing","player_choice":"Removed Curses","floor":3.0,"gold_loss":0.0,"damage_taken":0.0},{"cards_removed":["Strike_B"],"damage_healed":0.0,"max_hp_gain":0.0,"max_hp_loss":0.0,"gold_gain":0.0,"event_name":"Living Wall","player_choice":"Forget","floor":13.0,"gold_loss":0.0,"damage_taken":0.0},{"damage_healed":0,"gold_gain":0,"player_choice":"Obtained Relic","damage_taken":0,"relics_obtained":["Ice Cream"],"max_hp_gain":0,"max_hp_loss":0,"event_name":"Addict","floor":19,"gold_loss":85},{"damage_healed":0,"gold_gain":0,"cards_transformed":["Strike_B","Defend_B"],"player_choice":"Became Test Subject","damage_taken":0,"max_hp_gain":0,"max_hp_loss":0,"event_name":"Drug Dealer","floor":20,"gold_loss":0,"cards_obtained":["Rebound","Darkness"]},{"cards_removed":["Darkness"],"damage_healed":34,"gold_gain":0,"player_choice":"Offered Uncommon","damage_taken":0,"max_hp_gain":0,"max_hp_loss":0,"event_name":"Bonfire Elementals","floor":22,"gold_loss":0},{"damage_healed":0,"gold_gain":0,"player_choice":"Obtained Book","damage_taken":21,"max_hp_gain":0,"max_hp_loss":0,"event_name":"Cursed Tome","floor":29,"gold_loss":0},{"damage_healed":0,"gold_gain":0,"player_choice":"Ignored","damage_taken":0,"max_hp_gain":0,"max_hp_loss":0,"event_name":"Beggar","floor":31,"gold_loss":0}],"is_beta":false,"boss_relics":[{"not_picked":["Nuclear Battery","Tiny House"],"picked":"Busted Crown"}],"items_purged_floors":[5,12],"is_endless":false,"potions_floor_spawned":[1,4,7,14,16,18,28],"killed_by":"Collector","ascension_level":20}