{"gold_per_floor":[114,134,154,154,27,27,57,57,57,90,15,15,49,69,69,69],"floor_reached":16,"playtime":848,"items_purged":["Doubt"],"score":236,"play_id":"dfad6f27-bc05-4ab9-89e9-01b03881d1e1","local_time":"20190729140504","is_ascension_mode":true,"campfire_choices":[{"data":"Dagger Spray","floor":6,"key":"SMITH"},{"data":"Dash","floor":12,"key":"SMITH"},{"data":"Neutralize","floor":15,"key":"SMITH"}],"neow_cost":"NONE","seed_source_timestamp":52571346906557,"circlet_count":0,"master_deck":["AscendersBane","Strike_G","Strike_G","Strike_G","Strike_G","Strike_G","Defend_G","Defend_G","Defend_G","Defend_G","Defend_G","Survivor","Neutralize+1","Dagger Spray+1","Cloak And Dagger","Quick Slash","Flying Knee","PiercingWail","Dash+1","Sucker Punch","Deflect"],"relics":["Calling Bell","Oddly Smooth Stone","Question Card","Thread and Needle","Pantograph","Pear","Bronze Scales","The Courier"],"potions_floor_usage":[7,10,13],"damage_taken":[{"damage":4,"enemies":"Jaw Worm","floor":1,"turns":8},{"damage":0,"enemies":"2 Louse","floor":2,"turns":4},{"damage":4,"enemies":"Small Slimes","floor":3,"turns":4},{"damage":4,"enemies":"Gremlin Nob","floor":7,"turns":3},{"damage":6,"enemies":"3 Sentries","floor":10,"turns":11},{"damage":10,"enemies":"Lagavulin","floor":13,"turns":7},{"damage":1,"enemies":"Looter","floor":14,"turns":3},{"damage":75,"enemies":"Slime Boss","floor":16,"turns":12}],"seed_played":"8658320191353398122","potions_obtained":[{"floor":2,"key":"FearPotion"},{"floor":7,"key":"Block Potion"},{"floor":13,"key":"Fruit Juice"}],"is_trial":false,"path_per_floor":["M","M","M","?","$","R","E","?","T","E","?","R","E","M","R","B"],"character_chosen":"THE_SILENT","items_purchased":["Flying Knee"],"campfire_rested":0,"item_purchase_floors":[5],"current_hp_per_floor":[55,55,51,51,51,51,47,47,57,51,51,51,46,45,45,0],"gold":69,"neow_bonus":"BOSS_RELIC","is_prod":false,"is_daily":false,"chose_seed":false,"campfire_upgraded":3,"win_rate":0,"timestamp":1564401904,"path_taken":["M","M","M","?","$","R","E","?","T","E","?","R","E","M","R","BOSS"],"build_version":"2019-07-17","purchased_purges":1,"victory":false,"max_hp_per_floor":[66,66,66,66,66,66,66,66,76,76,76,76,81,81,81,81],"card_choices":[{"not_picked":["Expertise","Concentrate","Eviscerate"],"picked":"Dagger Spray","floor":1},{"not_picked":["Blade Dance","PiercingWail","Prepared"],"picked":"Cloak And Dagger","floor":2},{"not_picked":["Acrobatics","Sucker Punch","Slice"],"picked":"Quick Slash","floor":3},{"not_picked":["Quick Slash","Deflect","All Out Attack"],"picked":"PiercingWail","floor":7},{"not_picked":["Finisher","Venomology","Riddle With Holes"],"picked":"Dash","floor":10},{"not_picked":["Calculated Gamble","Quick Slash","Expertise"],"picked":"Sucker Punch","floor":13},{"not_picked":["Underhanded Strike","Sucker Punch","Bane"],"picked":"Deflect","floor":14}],"player_experience":785076,"relics_obtained":[{"floor":0,"key":"Oddly Smooth Stone"},{"floor":0,"key":"Question Card"},{"floor":0,"key":"Thread and Needle"},{"floor":7,"key":"Pantograph"},{"floor":9,"key":"Pear"},{"floor":10,"key":"Bronze Scales"},{"floor":13,"key":"The Courier"}],"event_choices":[{"cards_removed":["Normality"],"damage_healed":0,"gold_gain":0,"player_choice":"Forget","damage_taken":0,"max_hp_gain":0,"max_hp_loss":0,"event_name":"Living Wall","floor":4,"gold_loss":0},{"damage_healed":0,"gold_gain":0,"player_choice":"Ignored","damage_taken":0,"max_hp_gain":0,"max_hp_loss":0,"event_name":"Liars Game","floor":8,"gold_loss":0},{"cards_removed":["Decay"],"damage_healed":0,"gold_gain":0,"player_choice":"Card Removal","damage_taken":0,"max_hp_gain":0,"max_hp_loss":0,"event_name":"The Cleric","floor":11,"gold_loss":75}],"is_beta":false,"boss_relics":[],"items_purged_floors":[5],"is_endless":false,"potions_floor_spawned":[2,7,13],"killed_by":"Slime Boss","ascension_level":20}