{"gold_per_floor":[113,113,113,223,240,272,284,66,93,93,93,116,126,145,145,240,240,240,195,195,195,42,42,42,42,42,42,42,42,42,42,42,42,42,42,42,42,0,0,0,0,0,0,0,0,0,0,0,0,0],"floor_reached":50,"playtime":6254,"items_purged":["Regret"],"score":708,"play_id":"b51c6bc1-3886-4cfa-8057-a495df29e218","local_time":"20190808181441","is_ascension_mode":true,"campfire_choices":[{"data":"Dagger Spray","floor":10.0,"key":"SMITH"},{"data":"Acrobatics","floor":15.0,"key":"SMITH"},{"data":"A Thousand Cuts","floor":23.0,"key":"SMITH"},{"data":"Backflip","floor":28.0,"key":"SMITH"},{"data":"Backflip","floor":32.0,"key":"SMITH"},{"floor":49,"key":"REST"}],"neow_cost":"NONE","seed_source_timestamp":0,"circlet_count":0,"master_deck":["Strike_G","Strike_G","Strike_G","Strike_G","Defend_G+1","Defend_G","Defend_G","Defend_G","Defend_G","Survivor","Neutralize","Dodge and Roll+1","Acrobatics+1","Dagger Spray+1","Flying Knee+1","Expertise","Sucker Punch+1","A Thousand Cuts+1","Backflip+1","Dagger Spray+1","Backflip+1","PiercingWail","Die Die Die+1","After Image","Dagger Spray+1","Well Laid Plans+1","Escape Plan","Bullet Time","Finisher+1","Backstab+1","Tools of the Trade","Backflip+1"],"special_seed":0,"relics":["Ring of the Snake","NeowsBlessing","Darkstone Periapt","Matryoshka","Tiny Chest","Ornamental Fan","Pen Nib","PreservedInsect","Molten Egg 2","War Paint","Odd Mushroom","Ectoplasm","Bag of Marbles","Anchor","Centennial Puzzle","Question Card","Blood Vial","Dream Catcher","Bottled Lightning","Orrery","Red Mask","Bag of Preparation","Mummified Hand","Bronze Scales","Ginger"],"potions_floor_usage":[39,40,50],"damage_taken":[{"damage":0.0,"enemies":"Small Slimes","floor":1.0,"turns":1.0},{"damage":0.0,"enemies":"2 Louse","floor":5.0,"turns":1.0},{"damage":0.0,"enemies":"3 Sentries","floor":6.0,"turns":1.0},{"damage":7.0,"enemies":"Jaw Worm","floor":7.0,"turns":5.0},{"damage":8.0,"enemies":"The Mushroom Lair","floor":12.0,"turns":4.0},{"damage":0.0,"enemies":"3 Louse","floor":13.0,"turns":1.0},{"damage":0.0,"enemies":"2 Fungi Beasts","floor":14.0,"turns":3.0},{"damage":10.0,"enemies":"Hexaghost","floor":16.0,"turns":9.0},{"damage":0.0,"enemies":"Chosen","floor":18.0,"turns":4.0},{"damage":7.0,"enemies":"2 Thieves","floor":19.0,"turns":4.0},{"damage":10.0,"enemies":"Snake Plant","floor":21.0,"turns":4.0},{"damage":3.0,"enemies":"Book of Stabbing","floor":24.0,"turns":4.0},{"damage":0.0,"enemies":"Chosen and Byrds","floor":25.0,"turns":4.0},{"damage":0.0,"enemies":"Slavers","floor":29.0,"turns":1.0},{"damage":0.0,"enemies":"Gremlin Leader","floor":31.0,"turns":3.0},{"damage":31.0,"enemies":"Collector","floor":33.0,"turns":10.0},{"damage":7,"enemies":"Orb Walker","floor":35,"turns":3},{"damage":34,"enemies":"3 Shapes","floor":37,"turns":2},{"damage":29,"enemies":"Nemesis","floor":40,"turns":5},{"damage":1,"enemies":"Sphere and 2 Shapes","floor":41,"turns":4},{"damage":13,"enemies":"Transient","floor":42,"turns":5},{"damage":0,"enemies":"Spire Growth","floor":44,"turns":3},{"damage":4,"enemies":"2 Orb Walkers","floor":46,"turns":4},{"damage":32,"enemies":"Donu and Deca","floor":50,"turns":8}],"seed_played":"-3625696883335769741","potions_obtained":[{"floor":6.0,"key":"FairyPotion"},{"floor":7.0,"key":"FearPotion"},{"floor":12.0,"key":"Fire Potion"},{"floor":13.0,"key":"LiquidBronze"},{"floor":21.0,"key":"EssenceOfSteel"},{"floor":25.0,"key":"AttackPotion"},{"floor":31.0,"key":"SkillPotion"},{"floor":35,"key":"PowerPotion"},{"floor":39,"key":"Fruit Juice"},{"floor":39,"key":"Energy Potion"},{"floor":39,"key":"SmokeBomb"}],"is_trial":false,"path_per_floor":["M","?","?","T","M","E","M","$","T","R","?","?","M","M","R","B",null,"M","M","T","M","$","R","E","M","T","T","R","E","$","E","R","B",null,"M","?","M","?","?","E","M","M","T","M","T","?","$","?","R","B"],"character_chosen":"THE_SILENT","items_purchased":["PreservedInsect","Anchor"],"campfire_rested":1,"item_purchase_floors":[8,22],"current_hp_per_floor":[70,76,43,43,43,43,36,36,36,36,36,28,28,28,28,18,76,76,69,69,59,59,59,56,56,56,56,56,58,58,60,60,31,76,69,69,37,37,42,15,16,5,5,7,7,5,5,5,28,0],"gold":0,"neow_bonus":"THREE_ENEMY_KILL","is_prod":false,"is_daily":false,"chose_seed":false,"campfire_upgraded":5,"win_rate":0,"timestamp":1565280881,"path_taken":["M","?","?","?","M","E","M","$","T","R","?","?","M","?","R","BOSS","M","M","?","M","$","R","E","M","T","?","R","E","$","E","R","BOSS","M","?","M","?","?","E","M","?","T","M","?","?","?","?","R","BOSS"],"build_version":"2019-07-17","purchased_purges":1,"victory":false,"max_hp_per_floor":[70,76,76,76,76,76,76,76,76,76,76,76,76,76,76,76,76,76,76,76,76,76,76,76,76,76,76,76,76,76,76,76,76,76,76,72,72,72,77,77,77,77,77,77,77,77,77,77,77,77],"card_choices":[{"not_picked":["Well Laid Plans","Acrobatics"],"picked":"Dodge and Roll","floor":1.0},{"not_picked":["Distraction","Terror","PiercingWail"],"picked":"SKIP","floor":5.0},{"not_picked":["Flechettes","Bouncing Flask"],"picked":"Acrobatics","floor":6.0},{"not_picked":["Dash","Dagger Throw"],"picked":"Dagger Spray","floor":7.0},{"not_picked":["Reflex","Deadly Poison"],"picked":"Flying Knee+1","floor":12.0},{"not_picked":["Flechettes+1","Catalyst"],"picked":"Expertise","floor":13.0},{"not_picked":["Crippling Poison","Deadly Poison"],"picked":"Sucker Punch+1","floor":14.0},{"not_picked":["Unload+1","Envenom"],"picked":"A Thousand Cuts","floor":16.0},{"not_picked":["Underhanded Strike+1","Quick Slash+1"],"picked":"Backflip","floor":18.0},{"not_picked":["Dodge and Roll","All Out Attack+1"],"picked":"Dagger Spray+1","floor":19.0},{"not_picked":["Underhanded Strike+1","Tactician"],"picked":"Backflip","floor":21.0},{"not_picked":["Reflex+1","Deflect"],"picked":"PiercingWail","floor":24.0},{"not_picked":["Deflect","Acrobatics","Flying Knee+1"],"picked":"SKIP","floor":25.0},{"not_picked":["Infinite Blades","Heel Hook+1","Expertise"],"picked":"Die Die Die+1","floor":29.0},{"not_picked":["Bane+1","Blade Dance","All Out Attack+1","Choke+1"],"picked":"SKIP","floor":31.0},{"not_picked":["Night Terror","Phantasmal Killer","Die Die Die+1"],"picked":"After Image","floor":33.0},{"not_picked":["Blade Dance","Slice+1","Quick Slash+1"],"picked":"Dagger Spray+1","floor":34},{"not_picked":["Deadly Poison","Prepared","Bane+1"],"picked":"Well Laid Plans+1","floor":34},{"not_picked":["Leg Sweep","Underhanded Strike+1","Prepared"],"picked":"Escape Plan","floor":34},{"not_picked":["Crippling Poison","PiercingWail","Acrobatics"],"picked":"Bullet Time","floor":34},{"not_picked":["Heel Hook+1","Flying Knee+1","Accuracy"],"picked":"Finisher+1","floor":34},{"not_picked":["Well Laid Plans","Dagger Spray+1","Underhanded Strike+1"],"picked":"Backstab+1","floor":35},{"not_picked":["Flying Knee+1","Bouncing Flask","Dagger Throw+1","Slice+1"],"picked":"SKIP","floor":37},{"not_picked":["Finisher+1","Heel Hook+1","Acrobatics"],"picked":"Tools of the Trade","floor":40},{"not_picked":["Blade Dance+1","Slice+1","Catalyst","Outmaneuver"],"picked":"SKIP","floor":41},{"not_picked":["Dagger Throw+1","PiercingWail+1","Dagger Spray+1"],"picked":"Backflip+1","floor":42},{"not_picked":["After Image","Underhanded Strike+1","Flying Knee+1","Crippling Poison+1"],"picked":"SKIP","floor":44}],"player_experience":173640,"relics_obtained":[{"floor":4.0,"key":"Tiny Chest"},{"floor":4.0,"key":"Ornamental Fan"},{"floor":6.0,"key":"Pen Nib"},{"floor":9.0,"key":"Molten Egg 2"},{"floor":9.0,"key":"War Paint"},{"floor":12.0,"key":"Odd Mushroom"},{"floor":20.0,"key":"Bag of Marbles"},{"floor":24.0,"key":"Centennial Puzzle"},{"floor":26.0,"key":"Question Card"},{"floor":27.0,"key":"Blood Vial"},{"floor":29.0,"key":"Dream Catcher"},{"floor":31.0,"key":"Bottled Lightning"},{"floor":40,"key":"Bag of Preparation"},{"floor":43,"key":"Mummified Hand"},{"floor":45,"key":"Bronze Scales"},{"floor":46,"key":"Ginger"}],"event_choices":[{"damage_healed":0.0,"max_hp_gain":0.0,"max_hp_loss":0.0,"gold_gain":0.0,"event_name":"Big Fish","player_choice":"Box","floor":2.0,"gold_loss":0.0,"damage_taken":0.0,"relics_obtained":["Darkstone Periapt"],"cards_obtained":["Regret"]},{"damage_healed":0.0,"max_hp_gain":0.0,"max_hp_loss":0.0,"gold_gain":0.0,"event_name":"Scrap Ooze","player_choice":"Success","floor":3.0,"gold_loss":0.0,"damage_taken":33.0,"relics_obtained":["Matryoshka"]},{"cards_removed":["Strike_G"],"damage_healed":0.0,"max_hp_gain":0.0,"max_hp_loss":0.0,"gold_gain":0.0,"event_name":"Living Wall","player_choice":"Forget","floor":11.0,"gold_loss":0.0,"damage_taken":0.0},{"damage_healed":0.0,"max_hp_gain":0.0,"max_hp_loss":0.0,"gold_gain":0.0,"event_name":"Mushrooms","player_choice":"Fought Mushrooms","floor":12.0,"gold_loss":0.0,"damage_taken":0.0},{"damage_healed":0,"gold_gain":0,"player_choice":"Max HP","damage_taken":0,"max_hp_gain":0,"max_hp_loss":4,"event_name":"Winding Halls","floor":36,"gold_loss":0},{"damage_healed":0,"gold_gain":0,"player_choice":"Paid","damage_taken":0,"relics_obtained":["Red Mask"],"max_hp_gain":0,"max_hp_loss":0,"event_name":"Tomb of Lord Red Mask","floor":38,"gold_loss":42},{"damage_healed":0,"gold_gain":0,"player_choice":"Got Potions","damage_taken":0,"max_hp_gain":0,"max_hp_loss":0,"event_name":"Lab","floor":39,"gold_loss":0},{"damage_healed":0,"gold_gain":0,"player_choice":"Fight","damage_taken":0,"max_hp_gain":0,"max_hp_loss":0,"event_name":"Mysterious Sphere","floor":46,"gold_loss":0},{"damage_healed":0,"gold_gain":100,"player_choice":"Pray","damage_taken":0,"max_hp_gain":0,"max_hp_loss":0,"event_name":"Golden Shrine","floor":48,"gold_loss":0}],"is_beta":false,"boss_relics":[{"not_picked":["Tiny House","Velvet Choker"],"picked":"Ectoplasm"},{"not_picked":["Calling Bell","Ring of the Serpent"],"picked":"Orrery"}],"items_purged_floors":[8],"is_endless":false,"potions_floor_spawned":[6,7,12,13,21,25,31,35],"killed_by":"Donu and Deca","ascension_level":1}