{"gold_per_floor":[111,36,36,36,54,54,72,72,124,25,37,54,66,83,83,83],"floor_reached":16,"playtime":291,"items_purged":["Strike_R"],"score":94,"play_id":"c656dc1e-ec57-4592-acb8-136730e6c13d","local_time":"20181008230814","is_ascension_mode":false,"campfire_choices":[{"data":"Searing Blow","floor":6,"key":"SMITH"},{"data":"Uppercut","floor":8,"key":"SMITH"},{"data":"Searing Blow+1","floor":15,"key":"SMITH"}],"neow_cost":"NONE","seed_source_timestamp":552128111430376,"circlet_count":0,"master_deck":["Strike_R","Strike_R","Strike_R","Strike_R","Defend_R+1","Defend_R+1","Defend_R","Defend_R","Bash","Searing Blow+2","Uppercut+1","Battle Trance","Armaments","Thunderclap","Shockwave","Flex"],"special_seed":0,"relics":["Runic Dome","War Paint"],"potions_floor_usage":[11],"damage_taken":[{"damage":2,"enemies":"2 Louse","floor":1,"turns":4},{"damage":2,"enemies":"Small Slimes","floor":5,"turns":3},{"damage":1,"enemies":"Jaw Worm","floor":7,"turns":2},{"damage":12,"enemies":"Blue Slaver","floor":11,"turns":3},{"damage":0,"enemies":"Large Slime","floor":12,"turns":3},{"damage":12,"enemies":"Exordium Thugs","floor":13,"turns":4},{"damage":0,"enemies":"3 Louse","floor":14,"turns":3},{"damage":0,"enemies":"The Guardian","floor":16,"turns":1}],"seed_played":"5659777400133028736","potions_obtained":[{"floor":1,"key":"EssenceOfSteel"},{"floor":5,"key":"BloodPotion"},{"floor":7,"key":"SteroidPotion"}],"is_trial":false,"path_per_floor":["M","$","?","?","M","R","M","R","T","$","M","M","M","M","R"],"character_chosen":"IRONCLAD","items_purchased":["Armaments","Thunderclap"],"campfire_rested":0,"item_purchase_floors":[10,10],"current_hp_per_floor":[78,78,83,80,78,78,77,77,77,77,73,73,61,61,61,61],"gold":83,"neow_bonus":"BOSS_RELIC","is_prod":false,"is_daily":false,"chose_seed":false,"campfire_upgraded":3,"win_rate":0,"timestamp":1539011294,"path_taken":["M","$","?","?","M","R","M","R","T","$","M","M","M","?","R","BOSS"],"build_version":"2018-10-04v2","purchased_purges":1,"victory":false,"max_hp_per_floor":[80,80,85,85,85,85,85,85,85,85,85,85,85,85,85,85],"card_choices":[{"not_picked":["Metallicize","Corruption"],"picked":"Searing Blow","floor":1},{"not_picked":["Infernal Blade","Headbutt"],"picked":"Uppercut","floor":5},{"not_picked":["Corruption","Heavy Blade"],"picked":"Battle Trance","floor":7},{"not_picked":["Spot Weakness","Warcry"],"picked":"Shockwave","floor":11},{"not_picked":["Sword Boomerang","Blood for Blood","Rage"],"picked":"SKIP","floor":12},{"not_picked":["Carnage","Reckless Charge"],"picked":"Flex","floor":13},{"not_picked":["Combust","Bloodletting","Clash"],"picked":"SKIP","floor":14}],"player_experience":245688,"relics_obtained":[{"floor":9,"key":"War Paint"}],"event_choices":[{"event_name":"Big Fish","player_choice":"Donut","floor":3,"damage_taken":0},{"event_name":"Scrap Ooze","player_choice":"unsuccessful","floor":4,"damage_taken":3}],"is_beta":false,"boss_relics":[],"items_purged_floors":[2],"is_endless":false,"potions_floor_spawned":[1,5,7],"killed_by":"The Guardian","ascension_level":0}