{"gold_per_floor":[368,368,380,396,406,406,437,7,32,32,51,126,1,12,12,114,114,114,114,6,6,6,6,6,6,6,6,6,6,6,6,6,6,6,6,6,6,6,6,6,6,6,6,6,6,6,6,6,6,6],"floor_reached":51,"playtime":3826,"items_purged":["Strike_B","Strike_B"],"score":674,"play_id":"9c4a39b7-21eb-43c6-9fdc-333e27d5c388","local_time":"20190615222519","is_ascension_mode":false,"campfire_choices":[{"data":"Streamline","floor":6.0,"key":"SMITH"},{"data":"Capacitor","floor":10.0,"key":"SMITH"},{"data":"Blizzard","floor":15.0,"key":"SMITH"},{"data":"Dualcast","floor":23.0,"key":"SMITH"},{"data":"Zap","floor":27.0,"key":"SMITH"},{"data":"Heatsinks","floor":29.0,"key":"SMITH"},{"data":"Machine Learning","floor":32.0,"key":"SMITH"},{"data":"Machine Learning","floor":40,"key":"SMITH"},{"data":"Capacitor","floor":42,"key":"SMITH"},{"data":"Conserve Battery","floor":44,"key":"SMITH"},{"data":"Electrodynamics","floor":46,"key":"SMITH"},{"data":"Defend_B","floor":49,"key":"SMITH"}],"neow_cost":"TEN_PERCENT_HP_LOSS","seed_source_timestamp":9703992304759,"circlet_count":0,"master_deck":["Defend_B","Defend_B","Defend_B","Defend_B+1","Zap+1","Dualcast+1","Cold Snap","Streamline+1","Genetic Algorithm","Conserve Battery+1","Capacitor+1","Blizzard+1","Self Repair","Coolheaded+1","Skim+1","Electrodynamics+1","Hologram+1","Auto Shields+1","Chill+1","Heatsinks+1","Ghostly+1","Ghostly+1","Ghostly+1","Ghostly+1","Ghostly+1","Coolheaded+1","Machine Learning+1","Machine Learning+1","Trip+1","Parasite","Capacitor+1"],"special_seed":0,"relics":["Cracked Core","Regal Pillow","Toxic Egg 2","Juzu Bracelet","Ectoplasm","Ornamental Fan","Coffee Dripper","Turnip","Strawberry"],"potions_floor_usage":[50],"damage_taken":[{"damage":7.0,"enemies":"Small Slimes","floor":1.0,"turns":3.0},{"damage":0.0,"enemies":"2 Louse","floor":3.0,"turns":3.0},{"damage":0.0,"enemies":"Jaw Worm","floor":4.0,"turns":3.0},{"damage":14.0,"enemies":"Large Slime","floor":5.0,"turns":8.0},{"damage":14.0,"enemies":"Lagavulin","floor":7.0,"turns":6.0},{"damage":5.0,"enemies":"Exordium Thugs","floor":11.0,"turns":4.0},{"damage":2.0,"enemies":"Blue Slaver","floor":14.0,"turns":3.0},{"damage":20.0,"enemies":"The Guardian","floor":16.0,"turns":11.0},{"damage":3.0,"enemies":"Spheric Guardian","floor":18.0,"turns":4.0},{"damage":0.0,"enemies":"Chosen","floor":19.0,"turns":5.0},{"damage":2.0,"enemies":"Snake Plant","floor":24.0,"turns":5.0},{"damage":0.0,"enemies":"Centurion and Healer","floor":25.0,"turns":7.0},{"damage":7.0,"enemies":"Shelled Parasite and Fungi","floor":28.0,"turns":7.0},{"damage":0.0,"enemies":"Sentry and Sphere","floor":31.0,"turns":6.0},{"damage":0.0,"enemies":"Collector","floor":33.0,"turns":11.0},{"damage":0.0,"enemies":"3 Shapes","floor":35.0,"turns":4.0},{"damage":3,"enemies":"Orb Walker","floor":37,"turns":4},{"damage":9,"enemies":"Writhing Mass","floor":38,"turns":7},{"damage":0,"enemies":"Sphere and 2 Shapes","floor":39,"turns":5},{"damage":0,"enemies":"Mind Bloom Boss Battle","floor":41,"turns":7},{"damage":3,"enemies":"Transient","floor":48,"turns":5},{"damage":3,"enemies":"Awakened One","floor":50,"turns":12}],"seed_played":"-5239380925303478838","potions_obtained":[{"floor":7.0,"key":"Weak Potion"},{"floor":14.0,"key":"PowerPotion"},{"floor":16.0,"key":"Energy Potion"}],"is_trial":false,"path_per_floor":["M","?","M","M","M","R","E","$","T","R","M","?","$","M","R","B",null,"M","M","$","?","?","R","M","M","T","R","M","R","?","M","R","B",null,"M","?","M","M","M","R","?","R","T","R","$","R","$","M","R","B",null],"character_chosen":"DEFECT","items_purchased":["Toxic Egg 2","Blizzard","Self Repair","Coolheaded+1","Chill+1","Heatsinks"],"campfire_rested":0,"item_purchase_floors":[8,8,8,13,20,20],"current_hp_per_floor":[61,54,54,54,40,40,26,26,26,26,28,17,17,22,22,9,68,68,68,68,68,34,34,34,34,34,34,34,34,34,34,34,34,34,34,34,31,29,34,34,34,34,41,41,41,41,41,41,41,41],"gold":6,"neow_bonus":"TWO_FIFTY_GOLD","is_prod":false,"is_daily":false,"chose_seed":false,"campfire_upgraded":12,"win_rate":0,"timestamp":1560608719,"path_taken":["M","?","M","M","M","R","E","$","T","R","M","?","?","M","R","BOSS","M","M","$","?","?","R","M","M","T","R","M","R","?","M","R","BOSS","M","?","M","M","M","R","?","R","T","R","?","R","$","M","R","BOSS"],"build_version":"2019-01-23","purchased_purges":2,"victory":true,"max_hp_per_floor":[68,68,68,68,68,68,68,68,68,68,68,68,68,68,68,68,68,68,68,68,68,34,34,34,34,34,34,34,34,34,34,34,34,34,34,34,34,34,34,34,34,34,41,41,41,41,41,41,41,41],"card_choices":[{"not_picked":["Sweeping Beam","Compile Driver"],"picked":"Cold Snap","floor":1.0},{"not_picked":["Steam","Compile Driver"],"picked":"Streamline","floor":3.0},{"not_picked":["Reinforced Body","Beam Cell"],"picked":"Genetic Algorithm","floor":4.0},{"not_picked":["Steam","Go for the Eyes"],"picked":"Conserve Battery","floor":5.0},{"not_picked":["Cold Snap","Sweeping Beam"],"picked":"Capacitor","floor":7.0},{"not_picked":["Rip and Tear","Force Field+1","Compile Driver"],"picked":"SKIP","floor":11.0},{"not_picked":["Conserve Battery+1","Machine Learning"],"picked":"Skim+1","floor":14.0},{"not_picked":["Echo Form","Creative AI"],"picked":"Electrodynamics","floor":16.0},{"not_picked":["Rebound","Chaos+1"],"picked":"Hologram+1","floor":18.0},{"not_picked":["Gash","Steam+1"],"picked":"Auto Shields+1","floor":19.0},{"not_picked":["Chill+1","Heatsinks"],"picked":"Coolheaded+1","floor":24.0},{"not_picked":["Reprogram+1","Gash","Compile Driver"],"picked":"SKIP","floor":25.0},{"not_picked":["Self Repair+1","BootSequence+1","Barrage"],"picked":"SKIP","floor":28.0},{"not_picked":["Ball Lightning","Machine Learning","Coolheaded+1"],"picked":"SKIP","floor":31.0},{"not_picked":["Ball Lightning","Coolheaded+1"],"picked":"Machine Learning","floor":31.0},{"not_picked":["Echo Form","Buffer"],"picked":"Machine Learning","floor":33.0},{"not_picked":["Sweeping Beam+1","Stack+1","Sunder+1"],"picked":"SKIP","floor":35.0},{"not_picked":["Dramatic Entrance","Dark Shackles+1"],"picked":"Trip+1","floor":36},{"not_picked":["BootSequence+1","Conserve Battery+1","Hologram+1"],"picked":"SKIP","floor":37},{"not_picked":["Rebound","Gash+1"],"picked":"Capacitor","floor":38},{"not_picked":["Compile Driver","Hologram+1","Beam Cell"],"picked":"SKIP","floor":39},{"not_picked":["Streamline","Reprogram+1","Beam Cell"],"picked":"SKIP","floor":48}],"player_experience":5263959,"relics_obtained":[{"floor":7.0,"key":"Regal Pillow"},{"floor":9.0,"key":"Juzu Bracelet"},{"floor":26.0,"key":"Ornamental Fan"},{"floor":41,"key":"Turnip"},{"floor":43,"key":"Strawberry"}],"event_choices":[{"cards_removed":["Strike_B"],"damage_healed":0.0,"max_hp_gain":0.0,"max_hp_loss":0.0,"gold_gain":0.0,"event_name":"Golden Wing","player_choice":"Card Removal","floor":2.0,"gold_loss":0.0,"damage_taken":7.0},{"damage_healed":0.0,"max_hp_gain":0.0,"max_hp_loss":0.0,"gold_gain":75.0,"event_name":"World of Goop","player_choice":"Gather Gold","floor":12.0,"gold_loss":0.0,"damage_taken":11.0},{"cards_removed":["Strike_B"],"damage_healed":0.0,"max_hp_gain":0.0,"max_hp_loss":0.0,"gold_gain":0.0,"event_name":"Wheel of Change","player_choice":"Card Removal","floor":21.0,"gold_loss":0.0,"damage_taken":0.0},{"damage_healed":0.0,"max_hp_gain":0.0,"max_hp_loss":34.0,"gold_gain":0.0,"event_name":"Ghosts","player_choice":"Became a Ghost","floor":22.0,"gold_loss":0.0,"damage_taken":0.0,"cards_obtained":["Ghostly","Ghostly","Ghostly","Ghostly","Ghostly"]},{"damage_healed":0.0,"max_hp_gain":0.0,"max_hp_loss":0.0,"gold_gain":0.0,"event_name":"Match and Keep!","player_choice":"0 cards matched","floor":30.0,"gold_loss":0.0,"damage_taken":0.0,"cards_obtained":[]},{"damage_healed":0,"gold_gain":0,"player_choice":"Memory 1","damage_taken":0,"max_hp_gain":0,"max_hp_loss":0,"event_name":"SensoryStone","floor":36,"gold_loss":0},{"damage_healed":0,"gold_gain":0,"player_choice":"Fight","damage_taken":0,"max_hp_gain":0,"max_hp_loss":0,"event_name":"MindBloom","floor":41,"gold_loss":0}],"is_beta":false,"boss_relics":[{"not_picked":["Black Star","White Beast Statue"],"picked":"Ectoplasm"},{"not_picked":["Sozu","Lizard Tail"],"picked":"Coffee Dripper"}],"items_purged_floors":[8,13],"is_endless":false,"potions_floor_spawned":[7,14,16,18,24,38,41,48],"ascension_level":0}