{"path_per_floor":["M","M","?","M","T","R","$","R","T","M","$","?","M","M","R","B",null,"M","?","?","M","M","R","M","?","T","M","$","?","M","M","R","B",null,"M","M","?","?","?","R","M","M","T","R","M","R","M","M","R"],"character_chosen":"THE_SILENT","items_purchased":["Infinite Blades","Footwork","Bottled Lightning","Infinite Blades"],"gold_per_floor":[109,127,127,140,167,167,97,97,97,109,31,206,224,243,243,347,377,360,360,285,304,319,319,334,334,334,353,21,21,33,47,47,144,144,158,178,178,178,178,178,193,208,260,260,279,279,294,308,308],"floor_reached":50,"campfire_rested":4,"playtime":3036,"current_hp_per_floor":[70,69,69,69,69,69,69,69,69,69,69,69,64,59,59,27,75,61,61,61,67,45,45,45,45,45,45,45,29,27,28,50,41,75,50,38,38,29,66,66,55,28,28,47,39,58,36,20,39],"items_purged":[],"gold":308,"score":390,"play_id":"eb6d642b-82d0-497c-b312-fe9127de1839","is_prod":false,"is_daily":false,"is_ascension_mode":false,"campfire_upgraded":5,"path_taken":["M","M","?","?","?","R","$","R","T","M","?","?","?","M","R","BOSS","M","?","?","M","M","R","M","?","T","M","$","?","M","M","R","BOSS","M","M","?","?","?","R","?","M","T","R","M","R","M","M","R","BOSS"],"build_version":"2018-02-15-PROD1","purchased_purges":0,"victory":false,"master_deck":["Defend_G","Defend_G","Defend_G","Defend_G+1","Defend_G","Strike_G","Strike_G","Strike_G","Strike_G","Survivor","Neutralize","Noxious Fumes+1","Infinite Blades+1","Footwork+1","Slice","Distraction+1","Calculated Gamble+1","Infinite Blades","Madness+1","Madness","Sucker Punch+1"],"max_hp_per_floor":[70,70,70,70,70,70,70,70,70,70,70,70,70,70,70,70,75,75,75,75,75,75,75,75,75,75,75,75,75,75,75,75,75,75,75,75,75,75,66,66,66,66,66,66,66,66,66,66,66],"relics":["Ring of the Snake","Bag of Preparation","Pen Nib","Kunai","Tiny House","Du-Vu Doll","Frozen Eye","Bottled Lightning","Enchiridion","The Specimen","Orichalcum"],"card_choices":[{"not_picked":["PiercingWail","Poisoned Stab"],"picked":"Slice"},{"not_picked":["Prepared","Dagger Spray"],"picked":"Distraction"},{"not_picked":["Outmaneuver","Prepared"],"picked":"Calculated Gamble"},{"not_picked":["Poisoned Stab","PiercingWail"],"picked":"Sucker Punch"}],"player_experience":82546,"potions_floor_usage":[],"damage_taken":[{"damage":0.0,"enemies":"Jaw Worm","floor":1.0,"turns":5.0},{"damage":1.0,"enemies":"Cultist","floor":2.0,"turns":4.0},{"damage":0.0,"enemies":"2 Louse","floor":4.0,"turns":3.0},{"damage":0.0,"enemies":"Exordium Wildlife","floor":10.0,"turns":4.0},{"damage":5.0,"enemies":"3 Louse","floor":13.0,"turns":4.0},{"damage":5.0,"enemies":"Blue Slaver","floor":14.0,"turns":4.0},{"damage":32.0,"enemies":"Slime Boss","floor":16.0,"turns":11.0},{"damage":14.0,"enemies":"2 Thieves","floor":18.0,"turns":4.0},{"damage":6.0,"enemies":"Chosen","floor":21.0,"turns":6.0},{"damage":22.0,"enemies":"Slaver and Parasite","floor":22.0,"turns":8.0},{"damage":0.0,"enemies":"Snecko","floor":24.0,"turns":6.0},{"damage":0.0,"enemies":"Centurion and Healer","floor":27.0,"turns":8.0},{"damage":2.0,"enemies":"Slaver and Parasite","floor":30.0,"turns":8.0},{"damage":14.0,"enemies":"Sentry and Sphere","floor":31.0,"turns":7.0},{"damage":9.0,"enemies":"Automaton","floor":33.0,"turns":14.0},{"damage":40.0,"enemies":"3 Darklings","floor":35.0,"turns":8.0},{"damage":12.0,"enemies":"Orb Walker","floor":36.0,"turns":6.0},{"damage":11.0,"enemies":"3 Darklings","floor":41.0,"turns":6.0},{"damage":27.0,"enemies":"Maw","floor":42.0,"turns":11.0},{"damage":8.0,"enemies":"4 Shapes","floor":45.0,"turns":8.0},{"damage":22.0,"enemies":"Sphere and 2 Shapes","floor":47.0,"turns":6.0},{"damage":16.0,"enemies":"Maw","floor":48.0,"turns":12.0},{"damage":47,"enemies":"Awakened One","floor":50,"turns":3}],"event_choices":[{"event_name":"Transmorgrifier","player_choice":"Transform","floor":3.0,"damage_taken":0.0},{"event_name":"Liars Game","player_choice":"agreed","floor":12.0,"damage_taken":0.0},{"event_name":"Accursed Blacksmith","player_choice":"Forge","floor":19.0,"damage_taken":0.0},{"event_name":"Beggar","player_choice":"Gave Gold","floor":20.0,"damage_taken":0.0},{"event_name":"The Mausoleum","player_choice":"Yes","floor":25.0,"damage_taken":0.0},{"event_name":"Cursed Tome","player_choice":"Obtained Book","floor":29.0,"damage_taken":0.0},{"event_name":"Tomb of Lord Red Mask","player_choice":"Ignored","floor":37.0,"damage_taken":0.0},{"event_name":"Winding Halls","player_choice":"Embrace Madness","floor":38.0,"damage_taken":0.0},{"event_name":"The Moai Head","player_choice":"Heal","floor":39.0,"damage_taken":0.0}],"boss_relics":[],"potions_floor_spawned":[1,4,10,18,22,27,30,31,35,36,45],"seed_played":"-2167263001930315196","killed_by":"Awakened One","ascension_level":0,"is_trial":false}