{"gold_per_floor":[112,162,162,34,34,34,34,61,61,88,88,88],"floor_reached":12,"playtime":207,"items_purged":["Strike_B"],"score":152,"play_id":"4263cf98-e5a9-4511-be3f-8a5abcdf61a2","local_time":"20181012000139","is_ascension_mode":true,"campfire_choices":[{"data":"Zap","floor":6.0,"key":"SMITH"},{"floor":11,"key":"REST"}],"neow_cost":"NONE","seed_source_timestamp":87444078387832,"circlet_count":0,"master_deck":["Strike_B","Strike_B","Strike_B","Defend_B","Defend_B","Defend_B","Defend_B","Zap+1","AscendersBane","Streamline+1","Gash","All For One","Core Surge"],"special_seed":0,"relics":["Cracked Core","Juzu Bracelet","Prayer Wheel","Frozen Egg 2","Sundial","Incense Burner"],"potions_floor_usage":[10],"damage_taken":[{"damage":2.0,"enemies":"Cultist","floor":1.0,"turns":4.0},{"damage":18.0,"enemies":"Gremlin Nob","floor":8.0,"turns":3.0},{"damage":25,"enemies":"3 Sentries","floor":10,"turns":6},{"damage":33,"enemies":"Gremlin Nob","floor":12,"turns":3}],"seed_played":"-2903873994830053865","potions_obtained":[{"floor":8.0,"key":"FocusPotion"}],"is_trial":false,"path_per_floor":["M","?","?","$","?","R","?","E","T","E","R"],"character_chosen":"DEFECT","items_purchased":["Gash"],"campfire_rested":1,"item_purchase_floors":[4],"current_hp_per_floor":[62,55,44,44,44,44,44,26,26,1,22,0],"gold":88,"neow_bonus":"RANDOM_COMMON_RELIC","is_prod":false,"is_daily":false,"chose_seed":false,"campfire_upgraded":1,"win_rate":0,"timestamp":1539273699,"path_taken":["M","?","?","$","?","R","?","E","T","E","R","E"],"build_version":"2018-10-04v2","purchased_purges":1,"victory":false,"max_hp_per_floor":[71,71,71,71,71,71,71,71,71,71,71,71],"card_choices":[{"not_picked":["Coolheaded","Fusion"],"picked":"Streamline","floor":1.0},{"not_picked":["Capacitor","Rebound"],"picked":"All For One","floor":8.0},{"not_picked":["Streamline","Compile Driver"],"picked":"Core Surge","floor":10}],"player_experience":285913,"relics_obtained":[{"floor":8.0,"key":"Frozen Egg 2"},{"floor":9.0,"key":"Sundial"},{"floor":10,"key":"Incense Burner"}],"event_choices":[{"event_name":"FaceTrader","player_choice":"Touch","floor":2.0,"damage_taken":0.0},{"event_name":"Scrap Ooze","player_choice":"success","floor":3.0,"damage_taken":11.0},{"event_name":"Living Wall","player_choice":"Forget","floor":5.0,"damage_taken":0.0},{"event_name":"Accursed Blacksmith","player_choice":"Forge","floor":7.0,"damage_taken":0.0}],"is_beta":false,"boss_relics":[],"items_purged_floors":[4],"is_endless":false,"potions_floor_spawned":[8],"killed_by":"Gremlin Nob","ascension_level":17}