{"gold_per_floor":[110,41,41,41,52,52,82,82,129,145,145,165,165,193,193,293,293,310,310,310,328,253,253,253,253,253,267,278,278,296,307,307,403,403,417,197,215,215,229,229,244,244,244,119,130,142,45,62,62,62],"floor_reached":51,"playtime":1642,"items_purged":["Strike_B","Strike_B","Zap"],"score":809,"play_id":"d60a4109-98c0-4b77-a90b-5e21152a0be8","local_time":"20190613003650","is_ascension_mode":false,"campfire_choices":[{"data":"Darkness","floor":6.0,"key":"SMITH"},{"data":"Loop","floor":13.0,"key":"SMITH"},{"floor":15.0,"key":"REST"},{"data":"Redo","floor":23.0,"key":"SMITH"},{"data":"Impatience","floor":25.0,"key":"SMITH"},{"floor":29.0,"key":"REST"},{"floor":32,"key":"REST"},{"data":"Recycle","floor":40,"key":"SMITH"},{"data":"Buffer","floor":42,"key":"SMITH"},{"data":"Dualcast","floor":49,"key":"SMITH"}],"neow_cost":"NONE","seed_source_timestamp":49438776178644,"circlet_count":0,"master_deck":["Defend_B","Defend_B","Defend_B","Defend_B","Dualcast+1","Darkness+1","Recycle+1","Redo+1","Genetic Algorithm","Loop+1","Finesse","Jack Of All Trades","Impatience+1","Buffer+1","Coolheaded+1","Steam Power+1","Skim+1","Impatience+1"],"special_seed":0,"relics":["Cracked Core","NeowsBlessing","Blood Vial","Bag of Marbles","Ice Cream","Empty Cage","Toxic Egg 2","Lizard Tail","Pear","Meat on the Bone"],"potions_floor_usage":[50],"damage_taken":[{"damage":0.0,"enemies":"Jaw Worm","floor":1.0,"turns":1.0},{"damage":0.0,"enemies":"2 Louse","floor":5.0,"turns":1.0},{"damage":0.0,"enemies":"3 Sentries","floor":7.0,"turns":1.0},{"damage":0.0,"enemies":"Cultist","floor":10.0,"turns":3.0},{"damage":9.0,"enemies":"Blue Slaver","floor":12.0,"turns":4.0},{"damage":53.0,"enemies":"Gremlin Nob","floor":14.0,"turns":5.0},{"damage":35.0,"enemies":"Slime Boss","floor":16.0,"turns":8.0},{"damage":15.0,"enemies":"Spheric Guardian","floor":18.0,"turns":5.0},{"damage":18.0,"enemies":"2 Thieves","floor":21.0,"turns":4.0},{"damage":14.0,"enemies":"Sentry and Sphere","floor":27.0,"turns":4.0},{"damage":18.0,"enemies":"3 Cultists","floor":28.0,"turns":5.0},{"damage":5.0,"enemies":"Snecko","floor":30.0,"turns":6.0},{"damage":0.0,"enemies":"Cultist and Chosen","floor":31.0,"turns":3.0},{"damage":27,"enemies":"Champ","floor":33,"turns":7},{"damage":34,"enemies":"3 Shapes","floor":35,"turns":5},{"damage":4,"enemies":"3 Darklings","floor":37,"turns":5},{"damage":0,"enemies":"Maw","floor":39,"turns":7},{"damage":0,"enemies":"Writhing Mass","floor":41,"turns":3},{"damage":10,"enemies":"3 Darklings","floor":45,"turns":5},{"damage":0,"enemies":"Maw","floor":46,"turns":5},{"damage":16,"enemies":"Sphere and 2 Shapes","floor":48,"turns":3},{"damage":0,"enemies":"Donu and Deca","floor":50,"turns":3}],"seed_played":"-5717216369646519876","potions_obtained":[{"floor":12.0,"key":"Poison Potion"},{"floor":14.0,"key":"Strength Potion"},{"floor":16.0,"key":"Block Potion"},{"floor":28.0,"key":"Ancient Potion"},{"floor":30.0,"key":"Strength Potion"},{"floor":37,"key":"PowerPotion"},{"floor":39,"key":"EntropicBrew"}],"is_trial":false,"path_per_floor":["M","$","?","?","M","R","E","?","T","M","?","M","R","E","R","B",null,"M","?","?","M","$","R","?","R","T","M","M","R","M","M","R","B",null,"M","$","M","T","M","R","M","R","T","$","M","M","$","M","R","B",null],"character_chosen":"DEFECT","items_purchased":["Recycle","Coolheaded+1","GamblersBrew","Impatience+1"],"campfire_rested":3,"item_purchase_floors":[2,36,36,47],"current_hp_per_floor":[75,75,75,75,75,75,75,80,80,80,80,71,71,20,44,11,80,65,80,80,62,62,62,30,30,30,18,2,26,23,25,49,24,80,46,46,44,54,56,56,58,58,58,58,50,52,52,50,50,52],"gold":62,"neow_bonus":"THREE_ENEMY_KILL","is_prod":false,"is_daily":false,"chose_seed":false,"campfire_upgraded":7,"win_rate":0,"timestamp":1560357410,"path_taken":["M","$","?","?","?","R","E","?","T","M","?","?","R","E","R","BOSS","M","?","?","M","$","R","?","R","T","M","M","R","M","?","R","BOSS","M","$","M","?","M","R","?","R","T","?","M","M","$","M","R","BOSS"],"build_version":"2019-01-23","purchased_purges":3,"victory":true,"max_hp_per_floor":[75,75,75,75,75,75,75,80,80,80,80,80,80,80,80,80,80,80,80,80,80,80,80,80,80,80,80,80,80,80,80,80,80,80,80,80,80,90,90,90,90,90,90,90,90,90,90,90,90,90],"card_choices":[{"not_picked":["Rebound","Recycle"],"picked":"Darkness","floor":1.0},{"not_picked":["Darkness","Tempest"],"picked":"Redo","floor":5.0},{"not_picked":["Hello World","Melter"],"picked":"Genetic Algorithm","floor":7.0},{"not_picked":["Barrage","Storm"],"picked":"Loop","floor":10.0},{"not_picked":["Cold Snap","Sweeping Beam","Tempest"],"picked":"SKIP","floor":12.0},{"not_picked":["Lockon","Conserve Battery","Cold Snap"],"picked":"SKIP","floor":14.0},{"not_picked":["Aggregate","Compile Driver","Reinforced Body"],"picked":"SKIP","floor":18.0},{"not_picked":["Rebound","Melter","Barrage"],"picked":"SKIP","floor":21.0},{"not_picked":["Blizzard","Storm","Fusion+1"],"picked":"SKIP","floor":27.0},{"not_picked":["Loop","Melter+1","Ball Lightning"],"picked":"SKIP","floor":28.0},{"not_picked":["Go for the Eyes","Melter+1","Chaos+1"],"picked":"SKIP","floor":30.0},{"not_picked":["Steam+1","Force Field+1","Gash"],"picked":"SKIP","floor":31.0},{"not_picked":["Thunder Strike","Amplify+1"],"picked":"Buffer","floor":33},{"not_picked":["Stack+1","Leap+1","Cold Snap+1"],"picked":"SKIP","floor":35},{"not_picked":["Turbo+1","Rebound","Ball Lightning"],"picked":"SKIP","floor":37},{"not_picked":["FTL","Capacitor","Ball Lightning+1"],"picked":"SKIP","floor":39},{"not_picked":["Leap+1","Rebound+1","All For One"],"picked":"SKIP","floor":41},{"not_picked":["Sweeping Beam+1","Chaos+1"],"picked":"Steam Power+1","floor":45},{"not_picked":["Sweeping Beam+1","Streamline+1"],"picked":"Skim+1","floor":46},{"not_picked":["Ball Lightning+1","Darkness+1","Static Discharge"],"picked":"SKIP","floor":48}],"player_experience":5126345,"relics_obtained":[{"floor":7.0,"key":"Blood Vial"},{"floor":9.0,"key":"Bag of Marbles"},{"floor":14.0,"key":"Ice Cream"},{"floor":26.0,"key":"Toxic Egg 2"},{"floor":38,"key":"Pear"},{"floor":43,"key":"Meat on the Bone"}],"event_choices":[{"damage_healed":0.0,"max_hp_gain":0.0,"max_hp_loss":0.0,"gold_gain":0.0,"event_name":"The Cleric","player_choice":"Leave","floor":3.0,"gold_loss":0.0,"damage_taken":0.0},{"damage_healed":0.0,"max_hp_gain":0.0,"max_hp_loss":0.0,"gold_gain":0.0,"event_name":"WeMeetAgain","player_choice":"Ignored","floor":4.0,"gold_loss":0.0,"damage_taken":0.0},{"damage_healed":0.0,"max_hp_gain":5.0,"max_hp_loss":0.0,"gold_gain":0.0,"event_name":"Big Fish","player_choice":"Donut","floor":8.0,"gold_loss":0.0,"damage_taken":0.0},{"damage_healed":0.0,"max_hp_gain":0.0,"max_hp_loss":0.0,"gold_gain":0.0,"event_name":"NoteForYourself","player_choice":"Ignored","floor":11.0,"gold_loss":0.0,"damage_taken":0.0},{"damage_healed":26.0,"max_hp_gain":0.0,"max_hp_loss":0.0,"gold_gain":0.0,"event_name":"The Library","player_choice":"Heal","floor":19.0,"gold_loss":0.0,"damage_taken":0.0},{"damage_healed":0.0,"max_hp_gain":0.0,"max_hp_loss":0.0,"gold_gain":0.0,"event_name":"The Mausoleum","player_choice":"Ignored","floor":20.0,"gold_loss":0.0,"damage_taken":0.0},{"damage_healed":0.0,"max_hp_gain":0.0,"max_hp_loss":0.0,"gold_gain":0.0,"event_name":"Knowing Skull","player_choice":"CARD CARD CARD ","floor":24.0,"potions_obtained":[],"gold_loss":0.0,"damage_taken":32.0,"cards_obtained":["Finesse","Jack Of All Trades","Impatience"]}],"is_beta":false,"boss_relics":[{"not_picked":["Inserter","Velvet Choker"],"picked":"Empty Cage"},{"not_picked":["Eternal Feather","FrozenCore"],"picked":"Lizard Tail"}],"items_purged_floors":[22,36,44],"is_endless":false,"potions_floor_spawned":[12,14,16,18,28,30,33,37,39,45],"ascension_level":0}