{"gold_per_floor":[115,16,33,108,119,119,119,136,136,136,36,61,61,61,61,61],"floor_reached":16,"playtime":283,"items_purged":["Normality","Strike_B"],"score":200,"play_id":"b5810fb6-44a5-4248-b1f6-c6cda6d80405","local_time":"20190617193048","is_ascension_mode":true,"campfire_choices":[{"data":"Streamline","floor":7.0,"key":"SMITH"},{"data":"Buffer","floor":13,"key":"SMITH"},{"data":"Recycle","floor":15,"key":"SMITH"}],"neow_cost":"CURSE","seed_source_timestamp":163745782338761,"circlet_count":0,"master_deck":["AscendersBane","Strike_B","Strike_B","Strike_B","Defend_B","Defend_B","Defend_B","Defend_B","Zap","Dualcast","Electrodynamics","Streamline+1","Hologram","Recycle+1","Beam Cell","Darkness","Buffer+1","Turbo"],"special_seed":0,"relics":["Cracked Core","Emotion Chip"],"potions_floor_usage":[14],"damage_taken":[{"damage":1.0,"enemies":"Cultist","floor":1.0,"turns":3.0},{"damage":8.0,"enemies":"Small Slimes","floor":3.0,"turns":2.0},{"damage":2.0,"enemies":"2 Louse","floor":5.0,"turns":3.0},{"damage":7.0,"enemies":"Gremlin Gang","floor":8.0,"turns":3.0},{"damage":32,"enemies":"3 Sentries","floor":12,"turns":6},{"damage":0,"enemies":"3 Louse","floor":14,"turns":1},{"damage":6,"enemies":"Hexaghost","floor":16,"turns":4}],"seed_played":"-3353471913614273995","potions_obtained":[{"floor":1.0,"key":"Ancient Potion"},{"floor":6.0,"key":"SmokeBomb"}],"is_trial":false,"path_per_floor":["M","$","M","?","M","?","R","M","T","?","$","E","R","M","R","B"],"character_chosen":"DEFECT","items_purchased":["Hologram"],"campfire_rested":0,"item_purchase_floors":[2],"current_hp_per_floor":[63,63,55,44,42,42,42,35,35,35,35,3,3,3,3,0],"gold":61,"neow_bonus":"THREE_RARE_CARDS","is_prod":false,"is_daily":false,"chose_seed":false,"campfire_upgraded":3,"win_rate":0,"timestamp":1560767448,"path_taken":["M","?","M","?","M","?","R","?","T","?","$","E","R","M","R","BOSS"],"build_version":"2019-01-23","purchased_purges":2,"victory":false,"max_hp_per_floor":[71,71,71,71,71,71,71,71,71,71,71,71,71,71,71,71],"card_choices":[{"not_picked":["Machine Learning","Fission"],"picked":"Electrodynamics","floor":0.0},{"not_picked":["FTL","Stack"],"picked":"Streamline","floor":1.0},{"not_picked":["Cold Snap","Conserve Battery"],"picked":"Recycle","floor":3.0},{"not_picked":["Loop","Force Field"],"picked":"Beam Cell","floor":5.0},{"not_picked":["Hologram","Rebound"],"picked":"Darkness","floor":8.0},{"not_picked":["Steam","Sweeping Beam"],"picked":"Turbo","floor":12}],"player_experience":603339,"relics_obtained":[{"floor":12,"key":"Emotion Chip"}],"event_choices":[{"damage_healed":0.0,"max_hp_gain":0.0,"max_hp_loss":0.0,"gold_gain":75.0,"event_name":"World of Goop","player_choice":"Gather Gold","floor":4.0,"gold_loss":0.0,"damage_taken":11.0},{"damage_healed":0.0,"max_hp_gain":0.0,"max_hp_loss":0.0,"gold_gain":0.0,"event_name":"Lab","player_choice":"Got Potions","floor":6.0,"gold_loss":0.0,"damage_taken":0.0},{"damage_healed":0.0,"max_hp_gain":0.0,"max_hp_loss":0.0,"gold_gain":0.0,"event_name":"Match and Keep!","player_choice":"1 cards matched","floor":10.0,"gold_loss":0.0,"damage_taken":0.0,"cards_obtained":["Buffer"]}],"is_beta":false,"boss_relics":[],"items_purged_floors":[2,11],"is_endless":false,"potions_floor_spawned":[1,14],"killed_by":"Hexaghost","ascension_level":20}