{"gold_per_floor":[114,39,52,52,70,70,70,70,116,135,135,150,162,191,191,269,269,280,280,150,150,166,166,184,184,210,220,111,137,156,186,186,257,257,269,219,232,243,243,243,263,263,337,350,369,469,498,39,39,39,39,39,39,39,73,73],"floor_reached":57,"playtime":3092,"items_purged":["Strike_B","Scrape","Stack","Streamline+1","Reprogram"],"score":2773,"play_id":"dc39c232-525e-445e-b1ec-2d591e8b8a40","local_time":"20190226200730","is_ascension_mode":true,"campfire_choices":[{"data":"Biased Cognition","floor":6.0,"key":"SMITH"},{"data":"Streamline","floor":11.0,"key":"SMITH"},{"data":"Defragment","floor":15.0,"key":"SMITH"},{"data":"Biased Cognition","floor":23.0,"key":"SMITH"},{"data":"Dualcast","floor":25.0,"key":"SMITH"},{"data":"Capacitor","floor":32.0,"key":"SMITH"},{"data":"Fission","floor":40.0,"key":"SMITH"},{"data":"Zap","floor":42.0,"key":"SMITH"},{"floor":49.0,"key":"RECALL"},{"data":"Turbo","floor":53.0,"key":"SMITH"}],"neow_cost":"NONE","seed_source_timestamp":38505305955375,"circlet_count":0,"master_deck":["AscendersBane","Zap+1","Dualcast+1","Gash","Genetic Algorithm","Biased Cognition+1","Defragment+1","Conserve Battery","Biased Cognition+1","Core Surge","Electrodynamics","Force Field","Undo","Capacitor+1","Cold Snap","Seek","Hologram+1","Cold Snap","Fission+1","White Noise","Amplify","Echo Form","Creative AI","Turbo+1"],"special_seed":0,"relics":["Cracked Core","NeowsBlessing","DataDisk","Matryoshka","Bag of Marbles","Centennial Puzzle","Smiling Mask","Pandora\u0027s Box","Meat on the Bone","Pear","The Courier","PreservedInsect","Busted Crown","Shuriken","StoneCalendar","Anchor","Strange Spoon","Pocketwatch"],"potions_floor_usage":[56,56],"damage_taken":[{"damage":0.0,"enemies":"Cultist","floor":1.0,"turns":1.0},{"damage":0.0,"enemies":"Jaw Worm","floor":3.0,"turns":1.0},{"damage":0.0,"enemies":"Small Slimes","floor":5.0,"turns":2.0},{"damage":10.0,"enemies":"Exordium Wildlife","floor":10.0,"turns":5.0},{"damage":17.0,"enemies":"Lots of Slimes","floor":12.0,"turns":4.0},{"damage":0.0,"enemies":"Blue Slaver","floor":13.0,"turns":2.0},{"damage":0.0,"enemies":"Gremlin Nob","floor":14.0,"turns":3.0},{"damage":12.0,"enemies":"Hexaghost","floor":16.0,"turns":7.0},{"damage":13.0,"enemies":"Shell Parasite","floor":18.0,"turns":3.0},{"damage":0.0,"enemies":"Spheric Guardian","floor":22.0,"turns":3.0},{"damage":14.0,"enemies":"Snake Plant","floor":24.0,"turns":5.0},{"damage":18.0,"enemies":"Centurion and Healer","floor":27.0,"turns":5.0},{"damage":24.0,"enemies":"Book of Stabbing","floor":29.0,"turns":8.0},{"damage":7.0,"enemies":"Shelled Parasite and Fungi","floor":30.0,"turns":6.0},{"damage":23.0,"enemies":"Slavers","floor":31.0,"turns":3.0},{"damage":0.0,"enemies":"Automaton","floor":33.0,"turns":11.0},{"damage":1.0,"enemies":"Orb Walker","floor":35.0,"turns":3.0},{"damage":0.0,"enemies":"3 Shapes","floor":37.0,"turns":2.0},{"damage":0.0,"enemies":"Maw","floor":38.0,"turns":7.0},{"damage":0.0,"enemies":"Sphere and 2 Shapes","floor":41.0,"turns":3.0},{"damage":0.0,"enemies":"4 Shapes","floor":44.0,"turns":4.0},{"damage":0.0,"enemies":"3 Darklings","floor":45.0,"turns":3.0},{"damage":0.0,"enemies":"Mind Bloom Boss Battle","floor":46.0,"turns":7.0},{"damage":0.0,"enemies":"Giant Head","floor":47.0,"turns":8.0},{"damage":20.0,"enemies":"Donu and Deca","floor":50.0,"turns":6.0},{"damage":22.0,"enemies":"Time Eater","floor":51.0,"turns":11.0},{"damage":9,"enemies":"Shield and Spear","floor":55,"turns":7},{"damage":55,"enemies":"The Heart","floor":56,"turns":12}],"seed_played":"4647670683215536826","potions_obtained":[{"floor":5.0,"key":"Fire Potion"},{"floor":10.0,"key":"Ancient Potion"},{"floor":14.0,"key":"Weak Potion"},{"floor":18.0,"key":"Dexterity Potion"},{"floor":22.0,"key":"EssenceOfSteel"},{"floor":37.0,"key":"AttackPotion"},{"floor":55,"key":"Energy Potion"}],"is_trial":false,"path_per_floor":["M","$","M","?","M","R","T","?","T","M","R","M","M","E","R","B",null,"M","?","$","?","M","R","M","R","T","M","$","E","M","E","R","B",null,"M","$","M","M","?","R","M","R","T","M","M","?","E","$","R","B","B",null,"R","$","E","B",null],"character_chosen":"DEFECT","items_purchased":["Undo","Cold Snap","Echo Form","Strange Spoon","Creative AI","Turbo"],"campfire_rested":0,"item_purchase_floors":[20,28,48,48,48,48],"current_hp_per_floor":[64,64,64,64,64,64,64,53,53,43,43,26,26,26,26,14,57,44,44,44,44,44,44,42,42,52,46,46,34,39,28,28,40,71,70,70,70,70,70,70,70,70,70,70,70,70,70,70,70,50,40,68,68,68,59,16],"gold":73,"neow_bonus":"THREE_ENEMY_KILL","is_prod":false,"is_daily":false,"chose_seed":false,"campfire_upgraded":9,"win_rate":0,"timestamp":1551182850,"path_taken":["M","$","?","?","?","R","?","?","T","M","R","M","M","E","R","BOSS","M","?","$","?","?","R","M","R","T","M","$","E","M","E","R","BOSS","M","$","M","M","?","R","M","R","T","M","M","?","E","$","R","BOSS","BOSS","R","$","E","BOSS"],"build_version":"2019-01-23","purchased_purges":5,"victory":true,"max_hp_per_floor":[71,71,71,71,71,71,71,71,71,71,71,71,71,71,71,71,71,71,71,71,71,71,71,71,71,81,81,81,81,81,81,81,81,81,81,81,81,81,77,77,77,77,77,77,77,77,77,77,77,77,77,77,77,77,77,77],"card_choices":[{"not_picked":["Stack","Steam"],"picked":"Gash","floor":1.0},{"not_picked":["Stack","Go for the Eyes"],"picked":"Genetic Algorithm","floor":3.0},{"not_picked":["Reprogram","Stack"],"picked":"Recycle","floor":5.0},{"not_picked":["Hello World","Barrage"],"picked":"Streamline","floor":10.0},{"not_picked":["Loop","Turbo"],"picked":"Defragment","floor":12.0},{"not_picked":["Doom and Gloom","Barrage","Conserve Battery"],"picked":"SKIP","floor":13.0},{"not_picked":["Doom and Gloom","Barrage"],"picked":"Conserve Battery","floor":13.0},{"not_picked":["Stack","Lockon","Beam Cell"],"picked":"SKIP","floor":14.0},{"not_picked":["Machine Learning","Reboot"],"picked":"Biased Cognition","floor":16.0},{"not_picked":["Compile Driver","Gash+1","Sunder"],"picked":"SKIP","floor":18.0},{"not_picked":["Melter","Double Energy","Sweeping Beam"],"picked":"SKIP","floor":22.0},{"not_picked":["Melter","Double Energy","Sweeping Beam"],"picked":"SKIP","floor":22.0},{"not_picked":["Melter","Double Energy","Sweeping Beam"],"picked":"SKIP","floor":22.0},{"not_picked":["Leap","Steam"],"picked":"Capacitor","floor":24.0},{"not_picked":["BootSequence","Gash","Barrage"],"picked":"SKIP","floor":27.0},{"not_picked":["Conserve Battery","Rip and Tear"],"picked":"Seek","floor":29.0},{"not_picked":["Steam","Self Repair"],"picked":"Hologram+1","floor":30.0},{"not_picked":["Hello World","Streamline"],"picked":"Cold Snap","floor":31.0},{"not_picked":["Amplify","Creative AI"],"picked":"Fission","floor":33.0},{"not_picked":["Leap"],"picked":"SKIP","floor":35.0},{"not_picked":["Tempest"],"picked":"SKIP","floor":37.0},{"not_picked":["Tempest"],"picked":"SKIP","floor":37.0},{"not_picked":["Recycle"],"picked":"SKIP","floor":38.0},{"not_picked":[],"picked":"White Noise","floor":41.0},{"not_picked":["Beam Cell+1"],"picked":"SKIP","floor":44.0},{"not_picked":["Scrape"],"picked":"SKIP","floor":45.0},{"not_picked":["Scrape"],"picked":"SKIP","floor":45.0},{"not_picked":[],"picked":"Amplify","floor":47.0},{"not_picked":["Stack+1"],"picked":"SKIP","floor":55}],"player_experience":3175266,"relics_obtained":[{"floor":7.0,"key":"DataDisk"},{"floor":9.0,"key":"Bag of Marbles"},{"floor":9.0,"key":"Centennial Puzzle"},{"floor":14.0,"key":"Smiling Mask"},{"floor":26.0,"key":"Pear"},{"floor":29.0,"key":"The Courier"},{"floor":31.0,"key":"PreservedInsect"},{"floor":43.0,"key":"Shuriken"},{"floor":46.0,"key":"StoneCalendar"},{"floor":47.0,"key":"Anchor"},{"floor":55,"key":"Pocketwatch"}],"event_choices":[{"damage_healed":0.0,"max_hp_gain":0.0,"max_hp_loss":0.0,"gold_gain":0.0,"cards_transformed":["Strike_B"],"event_name":"Transmorgrifier","player_choice":"Transformed","floor":4.0,"gold_loss":0.0,"damage_taken":0.0,"cards_obtained":["Biased Cognition"]},{"damage_healed":0.0,"max_hp_gain":0.0,"max_hp_loss":0.0,"gold_gain":0.0,"event_name":"Scrap Ooze","player_choice":"Success","floor":8.0,"gold_loss":0.0,"damage_taken":11.0,"relics_obtained":["Matryoshka"]},{"damage_healed":0.0,"max_hp_gain":0.0,"max_hp_loss":0.0,"gold_gain":0.0,"event_name":"Cursed Tome","player_choice":"Ignored","floor":19.0,"gold_loss":0.0,"damage_taken":0.0},{"cards_removed":["Recycle"],"damage_healed":0.0,"max_hp_gain":0.0,"max_hp_loss":0.0,"gold_gain":0.0,"event_name":"WeMeetAgain","player_choice":"Gave Card","floor":21.0,"gold_loss":0.0,"damage_taken":0.0,"relics_obtained":["Meat on the Bone"]},{"damage_healed":0.0,"max_hp_gain":0.0,"max_hp_loss":4.0,"gold_gain":0.0,"event_name":"Winding Halls","player_choice":"Max HP","floor":39.0,"gold_loss":0.0,"damage_taken":0.0},{"damage_healed":0.0,"max_hp_gain":0.0,"max_hp_loss":0.0,"gold_gain":0.0,"event_name":"MindBloom","player_choice":"Fight","floor":46.0,"gold_loss":0.0,"damage_taken":0.0}],"is_beta":false,"boss_relics":[{"not_picked":["Cursed Key","Eternal Feather"],"picked":"Pandora\u0027s Box"},{"not_picked":["Inserter","Fusion Hammer"],"picked":"Busted Crown"}],"items_purged_floors":[2,20,28,36,48],"is_endless":false,"potions_floor_spawned":[5,10,12,14,18,22,37,38,45,46,55],"ascension_level":20}