{"gold_per_floor":[116,38,38,38,38,65,65,79,106,118,118,130,159,189,189,189],"floor_reached":16,"playtime":358,"items_purged":[],"score":316,"play_id":"1972215d-eedb-4960-9bf3-ce7000484aba","local_time":"20181227190200","is_ascension_mode":true,"campfire_choices":[{"data":"Neutralize","floor":7,"key":"SMITH"},{"data":"Footwork","floor":11,"key":"SMITH"},{"data":"Deadly Poison","floor":15,"key":"SMITH"}],"neow_cost":"NONE","seed_source_timestamp":26325448884439,"circlet_count":0,"master_deck":["AscendersBane","Defend_G+1","Defend_G","Defend_G","Defend_G","Defend_G+1","Strike_G","Strike_G","Strike_G","Strike_G","Strike_G","Survivor","Neutralize+1","Footwork+1","Escape Plan","Leg Sweep","Deadly Poison+1","Calculated Gamble"],"relics":["Ring of the Snake","NeowsBlessing","Molten Egg 2","Happy Flower","The Courier","Tiny Chest"],"potions_floor_usage":[13,16,16],"damage_taken":[{"damage":0,"enemies":"2 Louse","floor":1,"turns":1},{"damage":0,"enemies":"3 Sentries","floor":6,"turns":2},{"damage":0,"enemies":"Jaw Worm","floor":8,"turns":1},{"damage":0,"enemies":"Cultist","floor":10,"turns":6},{"damage":0,"enemies":"3 Louse","floor":12,"turns":11},{"damage":0,"enemies":"Lagavulin","floor":13,"turns":8},{"damage":31,"enemies":"Slime Boss","floor":16,"turns":9}],"seed_played":"-9082508828379009515","potions_obtained":[{"floor":5,"key":"Poison Potion"},{"floor":5,"key":"Ancient Potion"},{"floor":10,"key":"Fire Potion"},{"floor":13,"key":"SneckoOil"}],"is_trial":false,"path_per_floor":["M","$","?","$","?","E","R","M","T","M","R","M","E","?","R","B"],"character_chosen":"THE_SILENT","items_purchased":["Footwork"],"campfire_rested":0,"item_purchase_floors":[2],"current_hp_per_floor":[59,59,39,39,39,39,39,39,39,39,39,39,39,34,34,3],"gold":189,"neow_bonus":"THREE_ENEMY_KILL","is_prod":false,"is_daily":false,"chose_seed":false,"campfire_upgraded":3,"win_rate":0,"timestamp":1545908520,"path_taken":["M","$","?","$","?","E","R","M","T","?","R","M","E","?","R","BOSS"],"build_version":"2018-12-20","purchased_purges":0,"victory":false,"max_hp_per_floor":[66,66,66,66,66,66,66,66,66,66,66,66,66,66,66,66],"card_choices":[{"not_picked":["Blade Dance","Deflect","Distraction"],"picked":"SKIP","floor":1},{"not_picked":["Underhanded Strike","Quick Slash"],"picked":"Escape Plan","floor":6},{"not_picked":["Bane+1","Blur"],"picked":"Leg Sweep","floor":8},{"not_picked":["Blade Dance","Eviscerate+1","Underhanded Strike+1"],"picked":"SKIP","floor":10},{"not_picked":["Flechettes+1","Slice+1"],"picked":"Deadly Poison","floor":12},{"not_picked":["Underhanded Strike+1","Distraction"],"picked":"Calculated Gamble","floor":13}],"player_experience":1530802,"relics_obtained":[{"floor":6,"key":"Molten Egg 2"},{"floor":9,"key":"Happy Flower"},{"floor":13,"key":"The Courier"}],"event_choices":[{"damage_healed":0,"gold_gain":0,"player_choice":"Entered Light","damage_taken":20,"max_hp_gain":0,"max_hp_loss":0,"event_name":"Shining Light","floor":3,"gold_loss":0,"cards_upgraded":["Defend_G","Defend_G"]},{"damage_healed":0,"gold_gain":0,"player_choice":"Got Potions","damage_taken":0,"max_hp_gain":0,"max_hp_loss":0,"event_name":"Lab","floor":5,"gold_loss":0},{"damage_healed":0,"gold_gain":0,"player_choice":"Success","damage_taken":5,"relics_obtained":["Tiny Chest"],"max_hp_gain":0,"max_hp_loss":0,"event_name":"Scrap Ooze","floor":14,"gold_loss":0}],"is_beta":false,"boss_relics":[],"items_purged_floors":[],"is_endless":false,"potions_floor_spawned":[10,13],"killed_by":"Slime Boss","ascension_level":20}