{"gold_per_floor":[111,124,135,30,43,43,60,60,86,86,105,122,122,122,122,122],"floor_reached":16,"playtime":17310,"items_purged":["Strike_B"],"score":188,"play_id":"858c362c-02a0-48f8-867d-f49df3f611a4","local_time":"20190703185003","is_ascension_mode":true,"campfire_choices":[{"data":"Streamline","floor":6,"key":"SMITH"},{"data":"Zap","floor":8,"key":"SMITH"},{"data":"Dualcast","floor":10,"key":"SMITH"},{"data":"Coolheaded","floor":13,"key":"SMITH"},{"data":"Conserve Battery","floor":15,"key":"SMITH"}],"neow_cost":"PERCENT_DAMAGE","seed_source_timestamp":858771631967,"circlet_count":0,"master_deck":["AscendersBane","Strike_B","Defend_B","Defend_B","Defend_B","Defend_B","Zap+1","Dualcast+1","Conserve Battery+1","Self Repair","Streamline+1","White Noise","Undo","Cold Snap","Coolheaded+1"],"relics":["Cracked Core","Smiling Mask","Golden Idol"],"potions_floor_usage":[12,16],"damage_taken":[{"damage":2,"enemies":"Cultist","floor":1,"turns":4},{"damage":1,"enemies":"Small Slimes","floor":2,"turns":4},{"damage":2,"enemies":"Jaw Worm","floor":3,"turns":4},{"damage":17,"enemies":"Lots of Slimes","floor":5,"turns":5},{"damage":26,"enemies":"Exordium Wildlife","floor":7,"turns":5},{"damage":7,"enemies":"3 Louse","floor":11,"turns":3},{"damage":1,"enemies":"Red Slaver","floor":12,"turns":4},{"damage":29,"enemies":"Hexaghost","floor":16,"turns":14}],"seed_played":"-1596424834668815386","potions_obtained":[{"floor":11,"key":"FearPotion"},{"floor":12,"key":"Fruit Juice"}],"is_trial":false,"path_per_floor":["M","M","M","$","M","R","M","R","T","R","M","M","R","?","R","B"],"character_chosen":"DEFECT","items_purchased":["Streamline"],"campfire_rested":0,"item_purchase_floors":[4],"current_hp_per_floor":[44,43,48,48,31,31,12,12,12,12,12,23,23,23,23,0],"gold":122,"neow_bonus":"REMOVE_TWO","is_prod":false,"is_daily":false,"chose_seed":false,"campfire_upgraded":5,"win_rate":0,"timestamp":1562151003,"path_taken":["M","M","?","$","M","R","M","R","T","R","M","M","R","?","R","BOSS"],"build_version":"2019-07-01","purchased_purges":1,"victory":false,"max_hp_per_floor":[71,71,71,71,71,71,71,71,71,71,71,76,76,69,69,69],"card_choices":[{"not_picked":["Go for the Eyes","Compile Driver"],"picked":"Conserve Battery","floor":1},{"not_picked":["Leap","Chaos"],"picked":"Self Repair","floor":2},{"not_picked":["Fusion","Stack","Conserve Battery"],"picked":"SKIP","floor":3},{"not_picked":["Steam","Rip and Tear"],"picked":"White Noise","floor":5},{"not_picked":["Barrage","Compile Driver"],"picked":"Undo","floor":7},{"not_picked":["Rebound","Barrage"],"picked":"Cold Snap","floor":11},{"not_picked":["Cold Snap","Barrage"],"picked":"Coolheaded","floor":12}],"player_experience":5614468,"relics_obtained":[{"floor":9,"key":"Smiling Mask"}],"event_choices":[{"damage_healed":0,"gold_gain":0,"player_choice":"Lose Max HP","damage_taken":0,"relics_obtained":["Golden Idol"],"max_hp_gain":0,"max_hp_loss":7,"event_name":"Golden Idol","floor":14,"gold_loss":0}],"is_beta":false,"boss_relics":[],"items_purged_floors":[4],"is_endless":false,"potions_floor_spawned":[11,12],"killed_by":"Hexaghost","ascension_level":20}