{"gold_per_floor":[115,134,134,154,154,154,166,116,116,141,141,61,61,78,78,181,181,200,200,28,28,47,47,64,64,64,82,82,94,94,114,114,216,216,235,249,263,263,277,277,290,290,317,317,331,331,351,351,351,351],"floor_reached":51,"playtime":1769,"items_purged":[],"score":1039,"play_id":"fe987e6f-9dfb-48ec-bc24-d286a9028f25","local_time":"20181010102351","is_ascension_mode":true,"campfire_choices":[{"data":"Flex","floor":6,"key":"SMITH"},{"data":"Whirlwind","floor":11,"key":"SMITH"},{"data":"Spot Weakness","floor":15,"key":"SMITH"},{"data":"Spot Weakness","floor":23,"key":"SMITH"},{"data":"Limit Break","floor":28,"key":"SMITH"},{"data":"Spot Weakness","floor":30,"key":"SMITH"},{"floor":32,"key":"REST"},{"floor":40,"key":"REST"},{"data":"Shockwave","floor":42,"key":"SMITH"},{"data":"Shockwave","floor":44,"key":"SMITH"},{"floor":49,"key":"REST"}],"neow_cost":"NONE","seed_source_timestamp":6230354354047,"circlet_count":0,"master_deck":["Bash","AscendersBane","Flex+1","Clash","True Grit+1","Shockwave+1","Whirlwind+1","Spot Weakness+1","Fiend Fire","Warcry","Battle Trance","Cleave","Clash","Shockwave+1","Thunderclap","Spot Weakness+1","Perfected Strike","Spot Weakness+1","Dropkick","Impatience","Shrug It Off+1","Limit Break+1","Spot Weakness","Shrug It Off+1","Fiend Fire","Shrug It Off+1","Normality","Headbutt+1","Doubt","Power Through+1","Pain"],"relics":["Burning Blood","Mercury Hourglass","Question Card","Pandora\u0027s Box","Oddly Smooth Stone","Cursed Key","PreservedInsect","WarpedTongs"],"potions_floor_usage":[22,29,33,33,50],"damage_taken":[{"damage":5,"enemies":"Cultist","floor":1,"turns":4},{"damage":5,"enemies":"Small Slimes","floor":2,"turns":3},{"damage":0,"enemies":"2 Louse","floor":4,"turns":2},{"damage":8,"enemies":"2 Fungi Beasts","floor":7,"turns":5},{"damage":31,"enemies":"3 Sentries","floor":10,"turns":6},{"damage":3,"enemies":"Looter","floor":14,"turns":3},{"damage":25,"enemies":"The Guardian","floor":16,"turns":7},{"damage":0,"enemies":"3 Byrds","floor":18,"turns":2},{"damage":11,"enemies":"Shell Parasite","floor":22,"turns":3},{"damage":4,"enemies":"Snake Plant","floor":24,"turns":3},{"damage":12,"enemies":"3 Cultists","floor":27,"turns":3},{"damage":5,"enemies":"Shelled Parasite and Fungi","floor":29,"turns":3},{"damage":18,"enemies":"Snake Plant","floor":31,"turns":3},{"damage":48,"enemies":"Automaton","floor":33,"turns":6},{"damage":4,"enemies":"Orb Walker","floor":35,"turns":3},{"damage":16,"enemies":"3 Darklings","floor":36,"turns":4},{"damage":13,"enemies":"Spire Growth","floor":37,"turns":4},{"damage":21,"enemies":"Maw","floor":39,"turns":5},{"damage":6,"enemies":"Transient","floor":41,"turns":5},{"damage":22,"enemies":"4 Shapes","floor":45,"turns":5},{"damage":29,"enemies":"Reptomancer","floor":47,"turns":4},{"damage":51,"enemies":"Time Eater","floor":50,"turns":12}],"seed_played":"1892282911040199827","potions_obtained":[{"floor":7,"key":"BloodPotion"},{"floor":10,"key":"Ancient Potion"},{"floor":16,"key":"Dexterity Potion"},{"floor":22,"key":"Block Potion"},{"floor":27,"key":"SteroidPotion"},{"floor":31,"key":"FearPotion"},{"floor":35,"key":"FearPotion"},{"floor":37,"key":"Dexterity Potion"}],"is_trial":false,"path_per_floor":["M","M","?","M","?","R","M","?","T","E","R","$","?","M","R","B",null,"M","?","$","?","M","R","M","$","T","M","R","M","R","M","R","B",null,"M","M","M","?","M","R","M","R","T","R","M","?","M","?","R","B"],"character_chosen":"IRONCLAD","items_purchased":["Spot Weakness","Dropkick","Impatience"],"campfire_rested":3,"item_purchase_floors":[12,20,20],"current_hp_per_floor":[73,74,74,80,64,64,62,62,62,37,37,37,90,90,90,71,85,90,90,90,72,76,76,78,78,78,72,72,73,73,61,89,47,83,85,75,68,68,53,81,81,81,81,81,65,95,72,72,95,50],"gold":351,"neow_bonus":"ONE_RANDOM_RARE_CARD","is_prod":false,"is_daily":false,"chose_seed":false,"campfire_upgraded":8,"win_rate":0,"timestamp":1539138231,"path_taken":["M","M","?","M","?","R","M","?","T","E","R","$","?","M","R","BOSS","M","?","$","?","M","R","M","$","T","M","R","M","R","?","R","BOSS","M","M","M","?","M","R","M","R","T","R","?","?","M","?","R","BOSS"],"build_version":"2018-10-04v2","purchased_purges":0,"victory":true,"max_hp_per_floor":[80,80,80,80,80,80,80,80,80,80,80,80,90,90,90,90,90,90,90,90,95,95,95,95,95,95,95,95,95,95,95,95,95,95,95,95,95,95,95,95,95,95,95,95,95,95,95,95,95,95],"card_choices":[{"not_picked":["Havoc","Headbutt"],"picked":"Flex","floor":1},{"not_picked":["Entrench","Flex"],"picked":"Clash","floor":2},{"not_picked":["Twin Strike","Dark Embrace"],"picked":"True Grit","floor":4},{"not_picked":["Carnage","Shrug It Off"],"picked":"Shockwave","floor":7},{"not_picked":["Fire Breathing","Sword Boomerang"],"picked":"Whirlwind","floor":10},{"not_picked":["Anger","Iron Wave","Thunderclap","Body Slam"],"picked":"SKIP","floor":14},{"not_picked":["Demon Form","Juggernaut","Offering"],"picked":"Fiend Fire","floor":16},{"not_picked":["Heavy Blade+1","Ghostly Armor","Hemokinesis+1"],"picked":"Spot Weakness","floor":18},{"not_picked":["Headbutt+1","Thunderclap","Hemokinesis"],"picked":"Shrug It Off+1","floor":22},{"not_picked":["True Grit","Sword Boomerang","Sever Soul","Cleave"],"picked":"SKIP","floor":24},{"not_picked":["Uppercut","Sword Boomerang+1","Intimidate"],"picked":"Limit Break","floor":27},{"not_picked":["Twin Strike","Anger","Pommel Strike"],"picked":"Spot Weakness","floor":29},{"not_picked":["Sword Boomerang","Havoc","Searing Blow"],"picked":"Shrug It Off+1","floor":31},{"not_picked":["Berserk","Exhume","Bludgeon"],"picked":"Fiend Fire","floor":33},{"not_picked":["Ghostly Armor","Warcry+1","Sentinel+1","Clash"],"picked":"SKIP","floor":35},{"not_picked":["Entrench","Perfected Strike","Pommel Strike","Infernal Blade+1"],"picked":"SKIP","floor":36},{"not_picked":["Clothesline+1","Pummel","Headbutt","Havoc+1"],"picked":"SKIP","floor":37},{"not_picked":["Intimidate+1","Twin Strike","Clash+1","Body Slam"],"picked":"SKIP","floor":39},{"not_picked":["Pommel Strike+1","Wild Strike","Cleave+1"],"picked":"Shrug It Off+1","floor":41},{"not_picked":["Infernal Blade","Havoc","Anger"],"picked":"Headbutt+1","floor":45},{"not_picked":["Thunderclap+1","Feed","True Grit"],"picked":"Power Through+1","floor":47}],"player_experience":73364,"relics_obtained":[{"floor":9,"key":"Mercury Hourglass"},{"floor":10,"key":"Question Card"},{"floor":26,"key":"Oddly Smooth Stone"},{"floor":43,"key":"PreservedInsect"}],"event_choices":[{"event_name":"Scrap Ooze","player_choice":"unsuccessful","floor":3,"damage_taken":0},{"event_name":"Shining Light","player_choice":"Entered Light","floor":5,"damage_taken":0},{"event_name":"The Cleric","player_choice":"Card Removal","floor":8,"damage_taken":0},{"event_name":"Bonfire Elementals","player_choice":"RARE","floor":13,"damage_taken":0},{"event_name":"The Mausoleum","player_choice":"No","floor":19,"damage_taken":0},{"event_name":"Forgotten Altar","player_choice":"Shed Blood","floor":21,"damage_taken":0},{"event_name":"Mysterious Sphere","player_choice":"Ignore","floor":38,"damage_taken":0},{"event_name":"MindBloom","player_choice":"Heal","floor":46,"damage_taken":0},{"event_name":"Accursed Blacksmith","player_choice":"Rummage","floor":48,"damage_taken":0}],"is_beta":false,"boss_relics":[{"not_picked":["Eternal Feather","White Beast Statue"],"picked":"Pandora\u0027s Box"},{"not_picked":["Sozu","Calling Bell"],"picked":"Cursed Key"}],"items_purged_floors":[],"is_endless":false,"potions_floor_spawned":[7,10,16,18,22,27,31,35,37,41],"ascension_level":10}