{"gold_per_floor":[109,109,128,145,157,157,183,198,223,241,3,3,3,3],"floor_reached":14,"playtime":499,"items_purged":["Strike_G"],"score":184,"play_id":"a508ddec-3f75-44a9-87b0-8b049fdba5e9","local_time":"20181125214029","is_ascension_mode":true,"campfire_choices":[{"data":"Catalyst","floor":6.0,"key":"SMITH"},{"data":"Bouncing Flask","floor":13,"key":"SMITH"}],"neow_cost":"NONE","seed_source_timestamp":11639317885386,"circlet_count":0,"master_deck":["AscendersBane","Defend_G","Defend_G","Defend_G","Defend_G","Defend_G","Strike_G","Strike_G","Strike_G","Strike_G","Survivor","Neutralize","Bouncing Flask+1","Catalyst+1","Backflip","Acrobatics","Reflex"],"special_seed":0,"relics":["Ring of the Snake","NeowsBlessing","Calipers","Centennial Puzzle","Happy Flower"],"potions_floor_usage":[14],"damage_taken":[{"damage":0.0,"enemies":"Jaw Worm","floor":1.0,"turns":1.0},{"damage":0.0,"enemies":"Cultist","floor":3.0,"turns":1.0},{"damage":0.0,"enemies":"Small Slimes","floor":4.0,"turns":1.0},{"damage":5.0,"enemies":"Gremlin Gang","floor":5.0,"turns":7.0},{"damage":27.0,"enemies":"3 Sentries","floor":7.0,"turns":10.0},{"damage":25.0,"enemies":"Large Slime","floor":8.0,"turns":10.0},{"damage":0.0,"enemies":"Blue Slaver","floor":10.0,"turns":11.0},{"damage":1,"enemies":"Red Slaver","floor":14,"turns":5}],"seed_played":"3953794776438761481","potions_obtained":[{"floor":1.0,"key":"SteroidPotion"},{"floor":3.0,"key":"GhostInAJar"},{"floor":7.0,"key":"AttackPotion"},{"floor":10.0,"key":"EssenceOfSteel"}],"is_trial":false,"path_per_floor":["M","?","M","M","M","R","E","M","T","M","$","$","R","M"],"character_chosen":"THE_SILENT","items_purchased":["Happy Flower"],"campfire_rested":0,"item_purchase_floors":[11],"current_hp_per_floor":[59,59,59,59,54,54,27,2,2,2,2,2,2,1],"gold":3,"neow_bonus":"THREE_ENEMY_KILL","is_prod":false,"is_daily":false,"chose_seed":false,"campfire_upgraded":2,"win_rate":0,"timestamp":1543153229,"path_taken":["M","?","M","M","M","R","E","M","T","M","$","?","R","M"],"build_version":"2018-11-15","purchased_purges":1,"victory":false,"max_hp_per_floor":[66,66,66,66,66,66,66,66,66,66,66,66,66,66],"card_choices":[{"not_picked":["Reflex","Deflect"],"picked":"Bouncing Flask","floor":1.0},{"not_picked":["PiercingWail","Crippling Poison","Finisher"],"picked":"SKIP","floor":3.0},{"not_picked":["PiercingWail","Crippling Poison","Finisher"],"picked":"SKIP","floor":3.0},{"not_picked":["Choke","Finisher","Dagger Throw"],"picked":"SKIP","floor":4.0},{"not_picked":["Cloak And Dagger","Deadly Poison"],"picked":"Backflip","floor":5.0},{"not_picked":["Eviscerate","Endless Agony"],"picked":"Acrobatics","floor":7.0},{"not_picked":["Backflip","Slice"],"picked":"Reflex","floor":8.0},{"not_picked":["Blade Dance","Leg Sweep","Backflip"],"picked":"SKIP","floor":10.0}],"player_experience":1159683,"relics_obtained":[{"floor":7.0,"key":"Calipers"},{"floor":9.0,"key":"Centennial Puzzle"}],"event_choices":[{"damage_healed":0.0,"max_hp_gain":0.0,"max_hp_loss":0.0,"gold_gain":0.0,"event_name":"Match and Keep!","player_choice":"1 cards matched","floor":2.0,"gold_loss":0.0,"damage_taken":0.0,"cards_obtained":["Catalyst"]}],"is_beta":true,"boss_relics":[],"items_purged_floors":[11],"is_endless":false,"potions_floor_spawned":[1,3,7,10],"killed_by":"Red Slaver","ascension_level":20}