{"gold_per_floor":[115,127,52,52,17,17,27,27,54,54,87,87,7,18,18,94,94,106,121,121,138,38,38,54,54,78,78,98,111,140,159,159,159],"floor_reached":33,"playtime":1988,"items_purged":["Strike_G","Strike_G"],"score":584,"play_id":"ac57e529-28a7-49d7-8d7d-090db27272b5","local_time":"20190126140227","is_ascension_mode":true,"campfire_choices":[{"data":"Poisoned Stab","floor":6.0,"key":"SMITH"},{"data":"Neutralize","floor":8.0,"key":"SMITH"},{"data":"Leg Sweep","floor":12.0,"key":"SMITH"},{"floor":15.0,"key":"REST"},{"data":"Bouncing Flask","floor":23.0,"key":"SMITH"},{"data":"Burst","floor":27.0,"key":"SMITH"},{"floor":32,"key":"REST"}],"neow_cost":"TEN_PERCENT_HP_LOSS","seed_source_timestamp":17826921953818,"circlet_count":0,"master_deck":["AscendersBane","Defend_G+1","Defend_G","Defend_G","Defend_G","Defend_G","Strike_G","Strike_G","Strike_G","Survivor","Neutralize+1","Catalyst+1","Poisoned Stab+1","Leg Sweep+1","Bouncing Flask+1","Burst+1"],"special_seed":0,"relics":["Ring of the Snake","Ginger","Regal Pillow","Ancient Tea Set","Incense Burner","Busted Crown","theJungle:BirthdayCakeSlice","Bag of Preparation","Happy Flower"],"potions_floor_usage":[33],"damage_taken":[{"damage":7.0,"enemies":"2 Louse","floor":1.0,"turns":4.0},{"damage":11.0,"enemies":"Small Slimes","floor":2.0,"turns":5.0},{"damage":0.0,"enemies":"Cultist","floor":7.0,"turns":4.0},{"damage":23.0,"enemies":"Gremlin Nob","floor":11.0,"turns":4.0},{"damage":8.0,"enemies":"Red Slaver","floor":14.0,"turns":5.0},{"damage":10.0,"enemies":"The Guardian","floor":16.0,"turns":7.0},{"damage":2.0,"enemies":"theJungle:MUSHROOMGANG","floor":18.0,"turns":9.0},{"damage":3.0,"enemies":"Shell Parasite","floor":19.0,"turns":6.0},{"damage":12.0,"enemies":"theJungle:JungleHuntersEncounter","floor":21.0,"turns":7.0},{"damage":7.0,"enemies":"theJungle:2_Snecko_Cultists","floor":24.0,"turns":6.0},{"damage":6,"enemies":"theJungle:SlimyTreeVines","floor":28,"turns":3},{"damage":0,"enemies":"Snake Plant","floor":29,"turns":2},{"damage":0,"enemies":"theJungle:MamaSnecko","floor":30,"turns":4},{"damage":8,"enemies":"theJungle:Lyon","floor":31,"turns":3},{"damage":64,"enemies":"theJungle:TotemBoss","floor":33,"turns":5}],"seed_played":"-4777233939163067190","potions_obtained":[{"floor":1.0,"key":"Energy Potion"},{"floor":2.0,"key":"Dexterity Potion"},{"floor":24.0,"key":"Poison Potion"}],"is_trial":false,"path_per_floor":["M","M","$","?","?","R","M","R","T","?","E","R","$","M","R","B",null,"M","M","?","M","$","R","M","?","T","R","M","M","E","M","R","B"],"character_chosen":"THE_SILENT","items_purchased":["Bouncing Flask"],"campfire_rested":2,"item_purchase_floors":[13],"current_hp_per_floor":[52,41,41,23,38,38,38,38,38,33,10,10,10,2,35,25,51,49,46,51,39,39,39,32,32,32,32,31,31,31,23,57,0],"gold":159,"neow_bonus":"ONE_RARE_RELIC","is_prod":false,"is_daily":false,"chose_seed":false,"campfire_upgraded":5,"win_rate":0,"timestamp":1548482547,"path_taken":["M","M","$","?","?","R","M","R","T","?","E","R","$","M","R","BOSS","M","M","?","M","$","R","M","?","T","R","M","M","E","M","R","BOSS"],"build_version":"2019-01-23","purchased_purges":2,"victory":false,"max_hp_per_floor":[60,60,60,60,60,60,60,60,60,60,60,60,60,60,60,60,60,60,60,65,65,65,65,65,65,65,65,65,65,65,65,65,65],"card_choices":[{"not_picked":["Bane","Setup"],"picked":"Catalyst","floor":1.0},{"not_picked":["PiercingWail","Bane"],"picked":"Poisoned Stab","floor":2.0},{"not_picked":["Predator","Infinite Blades","Blur"],"picked":"SKIP","floor":7.0},{"not_picked":["Cloak And Dagger","Choke"],"picked":"Leg Sweep","floor":11.0},{"not_picked":["Backstab","Bouncing Flask","Storm of Steel"],"picked":"SKIP","floor":14.0},{"not_picked":["After Image","Venomology"],"picked":"Burst","floor":16.0},{"not_picked":["Riddle With Holes"],"picked":"SKIP","floor":18.0},{"not_picked":["Outmaneuver"],"picked":"SKIP","floor":19.0},{"not_picked":["Dodge and Roll"],"picked":"SKIP","floor":21.0},{"not_picked":["Blade Dance"],"picked":"SKIP","floor":24.0},{"not_picked":["PiercingWail"],"picked":"SKIP","floor":28},{"not_picked":["Slice+1"],"picked":"SKIP","floor":29},{"not_picked":["Sucker Punch"],"picked":"SKIP","floor":30},{"not_picked":["Deadly Poison"],"picked":"SKIP","floor":31}],"player_experience":2273636,"relics_obtained":[{"floor":9.0,"key":"Regal Pillow"},{"floor":11.0,"key":"Incense Burner"},{"floor":26.0,"key":"Bag of Preparation"},{"floor":30,"key":"Happy Flower"}],"event_choices":[{"damage_healed":0.0,"max_hp_gain":0.0,"max_hp_loss":0.0,"gold_gain":0.0,"event_name":"Shining Light","player_choice":"Entered Light","floor":4.0,"gold_loss":0.0,"damage_taken":18.0,"cards_upgraded":["Catalyst","Defend_G"]},{"damage_healed":15.0,"max_hp_gain":0.0,"max_hp_loss":0.0,"gold_gain":0.0,"event_name":"The Cleric","player_choice":"Healed","floor":5.0,"gold_loss":35.0,"damage_taken":0.0},{"damage_healed":0.0,"max_hp_gain":0.0,"max_hp_loss":0.0,"gold_gain":0.0,"event_name":"Scrap Ooze","player_choice":"Success","floor":10.0,"gold_loss":0.0,"damage_taken":5.0,"relics_obtained":["Ancient Tea Set"]}],"is_beta":false,"boss_relics":[{"not_picked":["Pandora\u0027s Box","White Beast Statue"],"picked":"Busted Crown"}],"items_purged_floors":[3,22],"is_endless":false,"potions_floor_spawned":[1,2,11,24,29,31],"killed_by":"theJungle:TotemBoss","ascension_level":20}