{"gold_per_floor":[110,185,185,201,216,216,232,232,312,162,162,62,95,95,95,174,174,188,63,63],"floor_reached":20,"playtime":739,"items_purged":["Strike_B","Strike_B","Sweeping Beam"],"score":440,"play_id":"3bc4b01e-9561-4436-acf2-598a2bcdedd9","local_time":"20190119192301","is_ascension_mode":true,"campfire_choices":[{"data":"Dualcast","floor":6.0,"key":"SMITH"},{"data":"Streamline","floor":8.0,"key":"SMITH"},{"floor":11.0,"key":"REST"},{"floor":15.0,"key":"REST"}],"neow_cost":"TEN_PERCENT_HP_LOSS","seed_source_timestamp":24682484140550,"circlet_count":0,"master_deck":["AscendersBane","Zap+1","Dualcast+1","Chrysalis+1","Trip","Streamline+1","All For One","Reprogram","Undo+1","Go for the Eyes","Core Surge","Capacitor","Genetic Algorithm+1","Auto Shields+1","Consume+1"],"special_seed":0,"relics":["Cracked Core","Toxic Egg 2","Centennial Puzzle","Pandora\u0027s Box"],"potions_floor_usage":[],"damage_taken":[{"damage":1.0,"enemies":"Cultist","floor":1.0,"turns":4.0},{"damage":3.0,"enemies":"Small Slimes","floor":4.0,"turns":3.0},{"damage":7.0,"enemies":"Jaw Worm","floor":5.0,"turns":3.0},{"damage":10.0,"enemies":"Gremlin Gang","floor":7.0,"turns":3.0},{"damage":11.0,"enemies":"Gremlin Nob","floor":13.0,"turns":3.0},{"damage":0.0,"enemies":"The Guardian","floor":16.0,"turns":10.0},{"damage":5,"enemies":"3 Byrds","floor":18,"turns":6},{"damage":0,"enemies":"Chosen","floor":20,"turns":1}],"seed_played":"823075698294536674","potions_obtained":[{"floor":1.0,"key":"Explosive Potion"},{"floor":7.0,"key":"Fire Potion"},{"floor":16.0,"key":"Strength Potion"}],"is_trial":false,"path_per_floor":["M","?","?","M","M","R","M","R","T","$","R","$","E","?","R","B",null,"M","$","M"],"character_chosen":"DEFECT","items_purchased":["Undo+1"],"campfire_rested":2,"item_purchase_floors":[10],"current_hp_per_floor":[63,52,33,30,23,23,13,13,13,13,32,32,21,21,40,40,58,53,53,53],"gold":63,"neow_bonus":"RANDOM_COLORLESS_2","is_prod":false,"is_daily":false,"chose_seed":false,"campfire_upgraded":2,"win_rate":0,"timestamp":1547896981,"path_taken":["M","?","?","?","?","R","M","R","T","?","R","$","E","?","R","BOSS","M","$","M"],"build_version":"2019-01-17v2","purchased_purges":3,"victory":false,"max_hp_per_floor":[64,64,64,64,64,64,64,64,64,64,64,64,64,64,64,64,64,64,64,64],"card_choices":[{"not_picked":["Sweeping Beam","BootSequence","Chaos"],"picked":"SKIP","floor":1.0},{"not_picked":["Stack","Redo"],"picked":"Streamline","floor":4.0},{"not_picked":["Beam Cell","Force Field"],"picked":"All For One","floor":5.0},{"not_picked":["Leap","Reprogram","Storm"],"picked":"SKIP","floor":7.0},{"not_picked":["Leap","Storm"],"picked":"Reprogram","floor":7.0},{"not_picked":["Double Energy+1","Doom and Gloom"],"picked":"Go for the Eyes","floor":13.0},{"not_picked":["Electrodynamics","Rainbow+1"],"picked":"Core Surge","floor":16.0},{"not_picked":["Tempest+1","Sweeping Beam+1","Cold Snap"],"picked":"SKIP","floor":18}],"player_experience":2043244,"relics_obtained":[{"floor":9.0,"key":"Toxic Egg 2"},{"floor":13.0,"key":"Centennial Puzzle"}],"event_choices":[{"damage_healed":0.0,"max_hp_gain":0.0,"max_hp_loss":0.0,"gold_gain":75.0,"event_name":"World of Goop","player_choice":"Gather Gold","floor":2.0,"gold_loss":0.0,"damage_taken":11.0},{"damage_healed":0.0,"max_hp_gain":0.0,"max_hp_loss":0.0,"gold_gain":0.0,"event_name":"Shining Light","player_choice":"Entered Light","floor":3.0,"gold_loss":0.0,"damage_taken":19.0,"cards_upgraded":["Chrysalis","Zap"]},{"cards_removed":["Strike_B"],"damage_healed":0.0,"max_hp_gain":0.0,"max_hp_loss":0.0,"gold_gain":0.0,"event_name":"Living Wall","player_choice":"Forget","floor":14.0,"gold_loss":0.0,"damage_taken":0.0}],"is_beta":false,"boss_relics":[{"not_picked":["Orrery","White Beast Statue"],"picked":"Pandora\u0027s Box"}],"items_purged_floors":[10,12,19],"is_endless":false,"potions_floor_spawned":[1,7,16],"killed_by":"Chosen","ascension_level":20}