{"gold_per_floor":[112,123,143,159,334,334,344,344,370,62,62,62,62,77,77,77],"floor_reached":16,"playtime":1030,"items_purged":["Strike_R"],"score":156,"play_id":"99355639-4669-4203-b1b0-2a89bf72c976","local_time":"20190804053745","is_ascension_mode":true,"campfire_choices":[{"data":"Body Slam","floor":6,"key":"SMITH"},{"data":"Body Slam","floor":8,"key":"SMITH"},{"data":"Feed","floor":11,"key":"SMITH"},{"data":"Bandage Up","floor":13,"key":"SMITH"},{"data":"Pommel Strike","floor":15,"key":"SMITH"}],"neow_cost":"NONE","seed_source_timestamp":206004937353072,"circlet_count":0,"master_deck":["AscendersBane","Strike_R","Strike_R","Strike_R","Defend_R","Defend_R","Defend_R","Defend_R","Bash+1","Pummel","Body Slam+1","Armaments","Body Slam+1","Doubt","Pommel Strike+1","Feed+1","Bandage Up+1","Infernal Blade","Reaper"],"relics":["Burning Blood","Regal Pillow"],"potions_floor_usage":[7,16],"damage_taken":[{"damage":6,"enemies":"Cultist","floor":1,"turns":3},{"damage":8,"enemies":"Small Slimes","floor":2,"turns":5},{"damage":9,"enemies":"2 Louse","floor":3,"turns":3},{"damage":20,"enemies":"Exordium Thugs","floor":4,"turns":7},{"damage":6,"enemies":"Blue Slaver","floor":7,"turns":6},{"damage":16,"enemies":"2 Fungi Beasts","floor":14,"turns":4},{"damage":64,"enemies":"Hexaghost","floor":16,"turns":9}],"seed_played":"-5140299365006148845","potions_obtained":[{"floor":1,"key":"Explosive Potion"},{"floor":3,"key":"SkillPotion"},{"floor":14,"key":"Strength Potion"}],"is_trial":false,"path_per_floor":["M","M","M","M","?","R","M","R","T","$","R","?","R","M","R","B"],"character_chosen":"IRONCLAD","items_purchased":["Feed","Bandage Up"],"campfire_rested":0,"item_purchase_floors":[10,10],"current_hp_per_floor":[68,66,63,49,49,49,49,49,49,49,49,49,49,49,49,0],"gold":77,"neow_bonus":"UPGRADE_CARD","is_prod":false,"is_daily":false,"chose_seed":false,"campfire_upgraded":5,"win_rate":0,"timestamp":1564915065,"path_taken":["M","M","?","M","?","R","M","R","T","$","R","?","R","M","R","BOSS"],"build_version":"2019-07-17","purchased_purges":1,"victory":false,"max_hp_per_floor":[75,75,75,75,75,75,75,75,75,75,75,75,75,79,79,79],"card_choices":[{"not_picked":["Anger","Flex"],"picked":"Pummel","floor":1},{"not_picked":["Cleave","Iron Wave"],"picked":"Body Slam","floor":2},{"not_picked":["Intimidate","Havoc"],"picked":"Armaments","floor":3},{"not_picked":["Rupture","Spot Weakness"],"picked":"Body Slam","floor":4},{"not_picked":["Cleave","Headbutt"],"picked":"Pommel Strike","floor":7},{"not_picked":["Body Slam","Flex"],"picked":"Reaper","floor":14}],"player_experience":447306,"relics_obtained":[{"floor":9,"key":"Regal Pillow"}],"event_choices":[{"damage_healed":0,"gold_gain":175,"player_choice":"AGREE","damage_taken":0,"max_hp_gain":0,"max_hp_loss":0,"event_name":"Liars Game","floor":5,"gold_loss":0,"cards_obtained":["Doubt"]},{"damage_healed":0,"gold_gain":0,"cards_transformed":["Strike_R"],"player_choice":"Transformed","damage_taken":0,"max_hp_gain":0,"max_hp_loss":0,"event_name":"Transmorgrifier","floor":12,"gold_loss":0,"cards_obtained":["Infernal Blade"]}],"is_beta":false,"boss_relics":[],"items_purged_floors":[10],"is_endless":false,"potions_floor_spawned":[1,3,14],"killed_by":"Hexaghost","ascension_level":14}