{"gold_per_floor":[116,130,205,205,221,221,254,254,277,307,319,353,353,363,363,441,441,451,501,130,143,155,155,190,201,225,274,95,95,120,131,131,208,208,226,249,259,259,259,288,300,357,393,405,445,76,90,117,117,117,117,117,117,12,40,40],"floor_reached":56,"playtime":4435,"items_purged":["Strike_B","Strike_B","Defend_B"],"score":2282,"play_id":"28ee523f-3101-41d8-84df-6ab385de328d","local_time":"20190808161513","is_ascension_mode":true,"campfire_choices":[{"data":"Strike_B","floor":6.0,"key":"SMITH"},{"floor":8.0,"key":"REST"},{"data":"Dualcast","floor":13.0,"key":"SMITH"},{"floor":15.0,"key":"REST"},{"data":"Biased Cognition","floor":23.0,"key":"SMITH"},{"data":"Recycle","floor":29.0,"key":"SMITH"},{"floor":32.0,"key":"REST"},{"data":"Impatience","floor":41.0,"key":"SMITH"},{"data":"Defragment","floor":44,"key":"SMITH"},{"floor":49,"key":"RECALL"},{"data":"Chaos","floor":53,"key":"SMITH"}],"neow_cost":"TEN_PERCENT_HP_LOSS","seed_source_timestamp":97644093178512,"circlet_count":0,"master_deck":["AscendersBane","Strike_B+1","Defend_B","Defend_B","Zap+1","Dualcast+1","Go for the Eyes","Gash","Compile Driver","Rebound","Glacier","Self Repair","Compile Driver","Biased Cognition+1","Turbo+1","Impatience+1","Darkness","Skim+1","Coolheaded+1","Blizzard+1","Chaos+1","Recycle+1","Skim","Double Energy","Rainbow","Chill","Recycle+1","Defragment+1","Reinforced Body+1","Static Discharge","Capacitor"],"special_seed":0,"relics":["Cracked Core","Pen Nib","Bronze Scales","Letter Opener","DataDisk","Runic Pyramid","Lantern","Dream Catcher","Oddly Smooth Stone","Art of War","FossilizedHelix","Nuclear Battery","Juzu Bracelet","Bottled Tornado","MawBank","Happy Flower","Strawberry","Calipers","Smiling Mask","Ginger"],"potions_floor_usage":[51,51,56],"damage_taken":[{"damage":7.0,"enemies":"Jaw Worm","floor":1.0,"turns":3.0},{"damage":0.0,"enemies":"2 Louse","floor":2.0,"turns":3.0},{"damage":0.0,"enemies":"Cultist","floor":5.0,"turns":3.0},{"damage":20.0,"enemies":"Lagavulin","floor":7.0,"turns":6.0},{"damage":15.0,"enemies":"3 Sentries","floor":10.0,"turns":5.0},{"damage":1.0,"enemies":"2 Fungi Beasts","floor":11.0,"turns":3.0},{"damage":3.0,"enemies":"Lagavulin","floor":12.0,"turns":7.0},{"damage":8.0,"enemies":"Exordium Wildlife","floor":14.0,"turns":4.0},{"damage":18.0,"enemies":"Slime Boss","floor":16.0,"turns":7.0},{"damage":1.0,"enemies":"Chosen","floor":18.0,"turns":4.0},{"damage":0.0,"enemies":"3 Byrds","floor":21.0,"turns":2.0},{"damage":11.0,"enemies":"Snecko","floor":22.0,"turns":6.0},{"damage":12.0,"enemies":"Gremlin Leader","floor":24.0,"turns":5.0},{"damage":12.0,"enemies":"Centurion and Healer","floor":25.0,"turns":4.0},{"damage":30.0,"enemies":"Slavers","floor":30.0,"turns":4.0},{"damage":8.0,"enemies":"Snake Plant","floor":31.0,"turns":3.0},{"damage":0.0,"enemies":"Collector","floor":33.0,"turns":7.0},{"damage":0.0,"enemies":"Orb Walker","floor":35.0,"turns":3.0},{"damage":27.0,"enemies":"3 Darklings","floor":37.0,"turns":3.0},{"damage":0.0,"enemies":"Reptomancer","floor":40.0,"turns":6.0},{"damage":0.0,"enemies":"Giant Head","floor":42.0,"turns":5.0},{"damage":0,"enemies":"Nemesis","floor":45,"turns":5},{"damage":0,"enemies":"Spire Growth","floor":47,"turns":4},{"damage":30,"enemies":"Donu and Deca","floor":50,"turns":8},{"damage":37,"enemies":"Time Eater","floor":51,"turns":13},{"damage":12,"enemies":"Shield and Spear","floor":55,"turns":6},{"damage":54,"enemies":"The Heart","floor":56,"turns":5}],"seed_played":"-8614934013149919891","potions_obtained":[{"floor":2.0,"key":"FearPotion"},{"floor":5.0,"key":"SpeedPotion"},{"floor":7.0,"key":"SteroidPotion"},{"floor":14.0,"key":"Poison Potion"},{"floor":18.0,"key":"SteroidPotion"},{"floor":21.0,"key":"PowerPotion"},{"floor":25.0,"key":"Swift Potion"},{"floor":33.0,"key":"EntropicBrew"},{"floor":47,"key":"Swift Potion"}],"is_trial":false,"path_per_floor":["M","M","?","?","M","R","E","R","T","E","M","E","R","M","R","B",null,"M","?","$","M","M","R","E","M","T","T","$","R","E","M","R","B",null,"M","T","M","?","T","E","R","E","T","R","E","$","M","T","R","B","B",null,"R","$","E","B"],"character_chosen":"DEFECT","items_purchased":["Lantern","Impatience","Darkness","Recycle","Calipers","Capacitor","PowerPotion"],"campfire_rested":3,"item_purchase_floors":[20,20,20,28,46,46,54],"current_hp_per_floor":[57,57,46,46,46,46,26,45,45,30,29,26,26,25,44,33,56,62,62,62,62,51,51,46,41,41,41,41,41,18,17,36,43,59,64,64,44,35,35,42,42,49,49,49,63,63,70,70,70,47,17,58,58,58,53,0],"gold":40,"neow_bonus":"REMOVE_TWO","is_prod":false,"is_daily":false,"chose_seed":false,"campfire_upgraded":7,"win_rate":0,"timestamp":1565273713,"path_taken":["M","M","?","?","M","R","E","R","T","E","?","E","R","M","R","BOSS","M","?","$","M","M","R","E","M","T","?","$","R","E","M","R","BOSS","M","?","M","?","?","E","R","E","T","R","E","?","M","?","R","BOSS","BOSS","R","$","E","BOSS"],"build_version":"2019-07-17","purchased_purges":3,"victory":false,"max_hp_per_floor":[64,64,64,64,64,64,64,64,64,64,64,64,64,64,64,64,64,64,64,64,64,64,64,64,64,64,64,64,64,64,64,64,64,64,64,64,64,64,64,64,64,64,64,64,71,71,71,71,71,71,71,71,71,71,71,71],"card_choices":[{"not_picked":["Recycle","Force Field"],"picked":"Go for the Eyes","floor":1.0},{"not_picked":["Cold Snap","Lockon"],"picked":"Gash","floor":2.0},{"not_picked":["Turbo","Steam Power","Go for the Eyes"],"picked":"SKIP","floor":5.0},{"not_picked":["Ball Lightning","Hello World"],"picked":"Compile Driver","floor":7.0},{"not_picked":["Double Energy","Beam Cell"],"picked":"Rebound","floor":10.0},{"not_picked":["Conserve Battery","Ball Lightning"],"picked":"Glacier","floor":11.0},{"not_picked":["Chill","Rebound"],"picked":"Self Repair","floor":12.0},{"not_picked":["Go for the Eyes","Rebound"],"picked":"Compile Driver","floor":14.0},{"not_picked":["Hyperbeam","Multi-Cast"],"picked":"Biased Cognition","floor":16.0},{"not_picked":["Steam","Rip and Tear"],"picked":"Turbo+1","floor":18.0},{"not_picked":["Scrape","Loop"],"picked":"Skim+1","floor":21.0},{"not_picked":["Auto Shields","Go for the Eyes"],"picked":"Coolheaded+1","floor":22.0},{"not_picked":["Rainbow","BootSequence"],"picked":"Blizzard+1","floor":24.0},{"not_picked":["Go for the Eyes","Melter"],"picked":"Chaos","floor":25.0},{"not_picked":["Compile Driver","Doom and Gloom"],"picked":"Skim","floor":30.0},{"not_picked":["Go for the Eyes","Undo","Steam"],"picked":"SKIP","floor":31.0},{"not_picked":["Compile Driver","Cold Snap"],"picked":"Double Energy","floor":32.0},{"not_picked":["Hyperbeam","Amplify"],"picked":"Rainbow","floor":33.0},{"not_picked":["Conserve Battery","Glacier"],"picked":"Chill","floor":35.0},{"not_picked":["Turbo","Conserve Battery"],"picked":"Recycle+1","floor":37.0},{"not_picked":["Buffer","Compile Driver"],"picked":"Defragment","floor":40.0},{"not_picked":["Aggregate","Auto Shields"],"picked":"Reinforced Body+1","floor":42},{"not_picked":["Sunder","Stack"],"picked":"Static Discharge","floor":45},{"not_picked":["Rip and Tear","Self Repair","Steam+1"],"picked":"SKIP","floor":47},{"not_picked":["Streamline+1","Rip and Tear","Steam"],"picked":"SKIP","floor":55}],"player_experience":845696,"relics_obtained":[{"floor":7.0,"key":"Pen Nib"},{"floor":9.0,"key":"Bronze Scales"},{"floor":10.0,"key":"Letter Opener"},{"floor":12.0,"key":"DataDisk"},{"floor":24.0,"key":"Dream Catcher"},{"floor":26.0,"key":"Oddly Smooth Stone"},{"floor":27.0,"key":"Art of War"},{"floor":30.0,"key":"FossilizedHelix"},{"floor":36.0,"key":"Juzu Bracelet"},{"floor":39.0,"key":"Bottled Tornado"},{"floor":40.0,"key":"MawBank"},{"floor":42,"key":"Happy Flower"},{"floor":45,"key":"Strawberry"},{"floor":48,"key":"Smiling Mask"},{"floor":55,"key":"Ginger"}],"event_choices":[{"damage_healed":0.0,"max_hp_gain":0.0,"max_hp_loss":0.0,"gold_gain":75.0,"event_name":"World of Goop","player_choice":"Gather Gold","floor":3.0,"gold_loss":0.0,"damage_taken":11.0},{"damage_healed":0.0,"max_hp_gain":0.0,"max_hp_loss":0.0,"gold_gain":0.0,"event_name":"Accursed Blacksmith","player_choice":"Forge","floor":4.0,"gold_loss":0.0,"damage_taken":0.0,"cards_upgraded":["Zap"]},{"damage_healed":0.0,"max_hp_gain":0.0,"max_hp_loss":0.0,"gold_gain":50.0,"event_name":"Nest","player_choice":"Stole From Cult","floor":19.0,"gold_loss":0.0,"damage_taken":0.0},{"damage_healed":0.0,"max_hp_gain":0.0,"max_hp_loss":0.0,"gold_gain":0.0,"event_name":"Wheel of Change","player_choice":"Damaged","floor":38.0,"gold_loss":0.0,"damage_taken":9.0}],"is_beta":false,"boss_relics":[{"not_picked":["Empty Cage","Cursed Key"],"picked":"Runic Pyramid"},{"not_picked":["Black Star","Calling Bell"],"picked":"Nuclear Battery"}],"items_purged_floors":[20,28,54],"is_endless":false,"potions_floor_spawned":[2,5,7,14,18,21,22,25,33,42,47],"killed_by":"The Heart","ascension_level":20}