{"gold_per_floor":[13,13,36,53,70,70,103,35,35,61,61,77,89,101,101,176,176,192,226,37,52,71,71,398,398,398,430,430,210,220,51,51,128,128,139,139,152,201,213,213,213,213,240,36,62,81,81,101,101,101,101,101,51,106,106],"floor_reached":55,"playtime":1993,"items_purged":["Strike_B","Strike_B","Strike_B","Strike_B"],"score":1416,"play_id":"662944bb-2959-4879-b8f5-039087907aba","local_time":"20190405214248","is_ascension_mode":true,"campfire_choices":[{"data":"Zap","floor":6.0,"key":"SMITH"},{"data":"Consume","floor":11.0,"key":"SMITH"},{"data":"Chaos","floor":15.0,"key":"SMITH"},{"floor":23.0,"key":"REST"},{"floor":25,"key":"REST"},{"data":"Apotheosis","floor":28,"key":"SMITH"},{"floor":32,"key":"RECALL"},{"floor":40,"key":"REST"},{"data":"Discovery","floor":42,"key":"SMITH"},{"data":"Capacitor","floor":47,"key":"SMITH"},{"data":"Capacitor","floor":49,"key":"SMITH"},{"floor":52,"key":"REST"}],"neow_cost":"NO_GOLD","seed_source_timestamp":23127466094064,"circlet_count":0,"master_deck":["AscendersBane","Defend_B","Defend_B","Defend_B","Defend_B","Zap+1","Dualcast","Electrodynamics","Coolheaded","Hello World","Consume+1","Chaos+1","Buffer","Capacitor+1","Coolheaded+1","Apotheosis+1","Ball Lightning","Double Energy+1","Glacier","Creative AI","Panacea","Discovery+1","Magnetism","Capacitor+1","Turbo","Turbo"],"special_seed":0,"relics":["Cracked Core","Regal Pillow","Blood Vial","Bronze Scales","Calipers","Ice Cream","Velvet Choker","Red Mask","Old Coin","Sundial","Ornamental Fan","Bag of Preparation","Runic Pyramid","Dead Branch","Smiling Mask","Symbiotic Virus"],"potions_floor_usage":[55],"damage_taken":[{"damage":0.0,"enemies":"Jaw Worm","floor":1.0,"turns":3.0},{"damage":1.0,"enemies":"Cultist","floor":4.0,"turns":4.0},{"damage":0.0,"enemies":"Small Slimes","floor":5.0,"turns":3.0},{"damage":33.0,"enemies":"Lagavulin","floor":7.0,"turns":10.0},{"damage":20.0,"enemies":"3 Sentries","floor":10.0,"turns":3.0},{"damage":0.0,"enemies":"Exordium Thugs","floor":12.0,"turns":4.0},{"damage":12.0,"enemies":"Exordium Wildlife","floor":13.0,"turns":3.0},{"damage":0.0,"enemies":"3 Louse","floor":14.0,"turns":1.0},{"damage":0.0,"enemies":"Slime Boss","floor":16.0,"turns":7.0},{"damage":18.0,"enemies":"Shell Parasite","floor":18.0,"turns":6.0},{"damage":12.0,"enemies":"Masked Bandits","floor":19.0,"turns":2.0},{"damage":25.0,"enemies":"2 Thieves","floor":21.0,"turns":4.0},{"damage":1.0,"enemies":"Chosen and Byrds","floor":22.0,"turns":6.0},{"damage":30,"enemies":"Gremlin Leader","floor":24,"turns":6},{"damage":22,"enemies":"Slavers","floor":27,"turns":3},{"damage":1,"enemies":"Centurion and Healer","floor":30,"turns":3},{"damage":12,"enemies":"Champ","floor":33,"turns":19},{"damage":0,"enemies":"Orb Walker","floor":35,"turns":4},{"damage":0,"enemies":"3 Shapes","floor":37,"turns":2},{"damage":31,"enemies":"2 Orb Walkers","floor":38,"turns":5},{"damage":0,"enemies":"Spire Growth","floor":39,"turns":7},{"damage":0,"enemies":"Nemesis","floor":45,"turns":9},{"damage":1,"enemies":"Jaw Worm Horde","floor":46,"turns":4},{"damage":5,"enemies":"3 Darklings","floor":48,"turns":2},{"damage":44,"enemies":"Awakened One","floor":50,"turns":9},{"damage":50,"enemies":"Shield and Spear","floor":54,"turns":8},{"damage":2,"enemies":"The Heart","floor":55,"turns":2}],"seed_played":"8032568212113965186","potions_obtained":[{"floor":1.0,"key":"Explosive Potion"},{"floor":5.0,"key":"SpeedPotion"},{"floor":10.0,"key":"GamblersBrew"},{"floor":12.0,"key":"AttackPotion"},{"floor":18.0,"key":"Dexterity Potion"},{"floor":24,"key":"LiquidBronze"}],"is_trial":false,"path_per_floor":["M","?","T","M","M","R","E","$","T","E","R","M","M","M","R","B",null,"M","?","$","M","M","R","E","R","T","E","R","$","M","$","R","B",null,"M","?","M","?","M","R","?","R","T","$","E","M","R","M","R","B",null,"R","$","E","B"],"character_chosen":"DEFECT","items_purchased":["Consume","Apotheosis","Bag of Preparation","Glacier","Capacitor"],"campfire_rested":4,"item_purchase_floors":[8,20,29,31,44],"current_hp_per_floor":[64,59,59,60,62,62,31,31,31,13,13,15,5,7,7,9,56,40,30,30,7,8,44,16,52,52,32,32,32,33,33,33,23,59,61,61,63,34,36,67,57,57,57,57,59,60,60,57,57,15,54,67,67,17,17],"gold":106,"neow_bonus":"THREE_RARE_CARDS","is_prod":false,"is_daily":false,"chose_seed":true,"campfire_upgraded":7,"win_rate":0,"timestamp":1554471768,"path_taken":["M","?","?","?","M","R","E","$","T","E","R","M","M","?","R","BOSS","M","?","$","M","M","R","E","R","T","E","R","?","M","$","R","BOSS","M","?","M","?","M","R","?","R","T","$","E","?","R","M","R","BOSS","R","$","E","BOSS"],"build_version":"2019-01-23","purchased_purges":4,"victory":false,"max_hp_per_floor":[71,71,71,71,71,71,71,71,71,71,71,71,71,71,71,71,71,71,71,71,71,71,71,71,71,71,71,71,71,71,71,71,71,71,71,67,67,67,67,67,67,67,67,67,67,67,67,67,67,67,67,67,67,67,67],"card_choices":[{"not_picked":["Meteor Strike","Echo Form"],"picked":"Electrodynamics","floor":0.0},{"not_picked":["Doom and Gloom","Steam Power","Go for the Eyes"],"picked":"SKIP","floor":1.0},{"not_picked":["Beam Cell","Lockon"],"picked":"Coolheaded","floor":4.0},{"not_picked":["Conserve Battery","Steam"],"picked":"Hello World","floor":5.0},{"not_picked":["Barrage","Storm","Go for the Eyes"],"picked":"SKIP","floor":7.0},{"not_picked":["Rainbow","Storm","Streamline"],"picked":"SKIP","floor":10.0},{"not_picked":["Streamline","Tempest","Steam"],"picked":"SKIP","floor":12.0},{"not_picked":["Melter","Redo"],"picked":"Chaos","floor":13.0},{"not_picked":["Redo","Stack","FTL"],"picked":"SKIP","floor":14.0},{"not_picked":["All For One","Rainbow"],"picked":"Buffer","floor":16.0},{"not_picked":["Redo","Compile Driver"],"picked":"Capacitor","floor":18.0},{"not_picked":["Stack+1","Sweeping Beam"],"picked":"Coolheaded+1","floor":19.0},{"not_picked":["Conserve Battery","Beam Cell+1","Redo"],"picked":"SKIP","floor":21.0},{"not_picked":["Barrage","Aggregate"],"picked":"Ball Lightning","floor":22.0},{"not_picked":["Stack","Barrage+1","Rebound"],"picked":"SKIP","floor":24},{"not_picked":["Force Field","Coolheaded"],"picked":"Double Energy+1","floor":27},{"not_picked":["FTL+1","Cold Snap","Compile Driver"],"picked":"SKIP","floor":30},{"not_picked":["Biased Cognition","Hyperbeam"],"picked":"Creative AI","floor":33},{"not_picked":["Beam Cell+1","Undo","Barrage+1"],"picked":"SKIP","floor":35},{"not_picked":["Rebound","Sweeping Beam+1","Conserve Battery"],"picked":"SKIP","floor":37},{"not_picked":["Beam Cell","Ball Lightning","Conserve Battery+1"],"picked":"SKIP","floor":39},{"not_picked":["Good Instincts","PanicButton"],"picked":"Panacea","floor":41},{"not_picked":["Madness","Sadistic Nature"],"picked":"Discovery","floor":41},{"not_picked":["Swift Strike","Jack Of All Trades"],"picked":"Magnetism","floor":41},{"not_picked":["Barrage","Sweeping Beam","Conserve Battery"],"picked":"SKIP","floor":45},{"not_picked":["Cold Snap","Streamline+1"],"picked":"Turbo","floor":46},{"not_picked":["Beam Cell","Ball Lightning"],"picked":"Turbo","floor":48},{"not_picked":["Auto Shields","Leap","Ball Lightning"],"picked":"SKIP","floor":54}],"player_experience":4081773,"relics_obtained":[{"floor":3.0,"key":"Blood Vial"},{"floor":7.0,"key":"Bronze Scales"},{"floor":9.0,"key":"Calipers"},{"floor":10.0,"key":"Ice Cream"},{"floor":19.0,"key":"Red Mask"},{"floor":24,"key":"Old Coin"},{"floor":26,"key":"Sundial"},{"floor":27,"key":"Ornamental Fan"},{"floor":38,"key":"Dead Branch"},{"floor":45,"key":"Smiling Mask"},{"floor":54,"key":"Symbiotic Virus"}],"event_choices":[{"damage_healed":0.0,"max_hp_gain":0.0,"max_hp_loss":0.0,"gold_gain":0.0,"event_name":"Scrap Ooze","player_choice":"Success","floor":2.0,"gold_loss":0.0,"damage_taken":5.0,"relics_obtained":["Regal Pillow"]},{"damage_healed":0.0,"max_hp_gain":0.0,"max_hp_loss":0.0,"gold_gain":0.0,"event_name":"Masked Bandits","player_choice":"Fought Bandits","floor":19.0,"gold_loss":0.0,"damage_taken":0.0},{"damage_healed":0,"gold_gain":0,"player_choice":"Max HP","damage_taken":0,"max_hp_gain":0,"max_hp_loss":4,"event_name":"Winding Halls","floor":36,"gold_loss":0},{"damage_healed":0,"gold_gain":0,"player_choice":"Fight","damage_taken":0,"max_hp_gain":0,"max_hp_loss":0,"event_name":"Mysterious Sphere","floor":38,"gold_loss":0},{"damage_healed":0,"gold_gain":0,"player_choice":"Memory 3","damage_taken":10,"max_hp_gain":0,"max_hp_loss":0,"event_name":"SensoryStone","floor":41,"gold_loss":0}],"is_beta":false,"boss_relics":[{"not_picked":["FrozenCore","Coffee Dripper"],"picked":"Velvet Choker"},{"not_picked":["Snecko Eye","Astrolabe"],"picked":"Runic Pyramid"}],"items_purged_floors":[29,31,44,53],"is_endless":false,"potions_floor_spawned":[1,5,10,12,18,24,27,33,35,37,46],"killed_by":"The Heart","ascension_level":15}