{"gold_per_floor":[211,139,139,106,281,281,135,155,155,105,125,125,143,158,158,260,260,276,290,301,301,216,216,246,246,246,246,146,157,157,183,183,283,283,301,312,76,89,101,101,101,117,117,117,135,150,150,150,150,150],"floor_reached":51,"playtime":1692,"items_purged":["Doubt","Strike_G","Strike_G"],"score":807,"play_id":"3a07ecc5-410c-4b6c-9b1d-a4dabe413a39","local_time":"20181019085711","is_ascension_mode":false,"campfire_choices":[{"data":"Bouncing Flask","floor":6.0,"key":"SMITH"},{"data":"Footwork","floor":12.0,"key":"SMITH"},{"data":"Bouncing Flask","floor":15.0,"key":"SMITH"},{"floor":23.0,"key":"REST"},{"floor":25.0,"key":"REST"},{"floor":27.0,"key":"REST"},{"floor":30.0,"key":"REST"},{"floor":32,"key":"REST"},{"floor":40,"key":"REST"},{"floor":44,"key":"REST"},{"floor":47,"key":"REST"},{"floor":49,"key":"REST"}],"neow_cost":"NONE","seed_source_timestamp":1833187057924,"circlet_count":0,"master_deck":["Defend_G","Defend_G","Defend_G","Defend_G","Defend_G","Strike_G","Strike_G","Survivor","Neutralize","Well Laid Plans+1","Bouncing Flask+1","Footwork+1","Bouncing Flask+1","Escape Plan","Bullet Time","Backflip","Bouncing Flask","Malaise","Well Laid Plans","Catalyst","Noxious Fumes+1","Acrobatics+1","Tools of the Trade","Bouncing Flask"],"special_seed":0,"relics":["Ring of the Snake","The Specimen","Fusion Hammer","Ninja Scroll","Dodecahedron","Orichalcum","Red Mask","White Beast Statue","Prayer Wheel","Blue Candle"],"potions_floor_usage":[31,33,35,39,42,50,50],"damage_taken":[{"damage":7.0,"enemies":"Small Slimes","floor":1.0,"turns":5.0},{"damage":0.0,"enemies":"Cultist","floor":8.0,"turns":3.0},{"damage":0.0,"enemies":"Jaw Worm","floor":11.0,"turns":3.0},{"damage":2.0,"enemies":"3 Louse","floor":13.0,"turns":3.0},{"damage":4.0,"enemies":"Exordium Wildlife","floor":14.0,"turns":4.0},{"damage":30.0,"enemies":"Hexaghost","floor":16.0,"turns":8.0},{"damage":4.0,"enemies":"Shell Parasite","floor":18.0,"turns":4.0},{"damage":0.0,"enemies":"Spheric Guardian","floor":19.0,"turns":3.0},{"damage":4.0,"enemies":"3 Cultists","floor":20.0,"turns":5.0},{"damage":10.0,"enemies":"Book of Stabbing","floor":24.0,"turns":6.0},{"damage":9.0,"enemies":"Snake Plant","floor":29.0,"turns":3.0},{"damage":14,"enemies":"Masked Bandits","floor":31,"turns":4},{"damage":0,"enemies":"Automaton","floor":33,"turns":11},{"damage":3,"enemies":"3 Darklings","floor":35,"turns":6},{"damage":1,"enemies":"3 Shapes","floor":36,"turns":6},{"damage":4,"enemies":"Spire Growth","floor":38,"turns":5},{"damage":61,"enemies":"Sphere and 2 Shapes","floor":39,"turns":4},{"damage":0,"enemies":"Mind Bloom Boss Battle","floor":41,"turns":7},{"damage":16,"enemies":"4 Shapes","floor":42,"turns":4},{"damage":11,"enemies":"3 Darklings","floor":45,"turns":4},{"damage":10,"enemies":"Maw","floor":46,"turns":5},{"damage":0,"enemies":"Time Eater","floor":50,"turns":8}],"seed_played":"-2995149217147421770","potions_obtained":[{"floor":13.0,"key":"Swift Potion"},{"floor":14.0,"key":"Swift Potion"},{"floor":16.0,"key":"Energy Potion"},{"floor":19.0,"key":"SkillPotion"},{"floor":29.0,"key":"Fire Potion"},{"floor":31,"key":"Swift Potion"},{"floor":35,"key":"GamblersBrew"},{"floor":36,"key":"SkillPotion"},{"floor":39,"key":"AttackPotion"},{"floor":42,"key":"Strength Potion"},{"floor":46,"key":"Swift Potion"}],"is_trial":false,"path_per_floor":["M","$","?","$","?","R","$","M","T","?","M","R","M","M","R","B",null,"M","M","M","?","?","R","E","R","T","R","$","M","R","?","R","B",null,"M","M","$","M","M","R","?","M","T","R","M","M","R","?","R","B"],"character_chosen":"THE_SILENT","items_purchased":["Well Laid Plans","Bouncing Flask","Footwork","Well Laid Plans","Catalyst"],"campfire_rested":9,"item_purchase_floors":[2,4,7,37,37],"current_hp_per_floor":[63,63,63,63,63,63,63,63,63,63,63,63,61,57,57,27,70,66,66,62,49,49,71,61,75,75,75,75,66,75,61,75,75,75,72,71,71,67,6,28,28,12,12,34,23,13,35,35,57,57],"gold":150,"neow_bonus":"HUNDRED_GOLD","is_prod":false,"is_daily":false,"chose_seed":false,"campfire_upgraded":3,"win_rate":0,"timestamp":1539910631,"path_taken":["M","$","?","$","?","R","$","M","T","?","M","R","M","M","R","BOSS","M","M","M","?","?","R","E","R","T","R","$","?","R","?","R","BOSS","M","M","$","M","?","R","?","M","T","R","M","?","R","?","R","BOSS"],"build_version":"2018-10-11","purchased_purges":3,"victory":true,"max_hp_per_floor":[70,70,70,70,70,70,70,70,70,70,70,70,70,70,70,70,70,70,70,70,75,75,75,75,75,75,75,75,75,75,75,75,75,75,75,75,75,75,75,75,75,75,75,75,75,75,75,75,75,75],"card_choices":[{"not_picked":["Underhanded Strike","Outmaneuver","Setup"],"picked":"SKIP","floor":1.0},{"not_picked":["Backflip","Caltrops"],"picked":"Bouncing Flask","floor":8.0},{"not_picked":["Cloak And Dagger","Underhanded Strike"],"picked":"Escape Plan","floor":11.0},{"not_picked":["Setup","Deflect","Masterful Stab"],"picked":"SKIP","floor":13.0},{"not_picked":["Underhanded Strike","Flechettes","Blade Dance"],"picked":"SKIP","floor":14.0},{"not_picked":["Glass Knife","A Thousand Cuts"],"picked":"Bullet Time","floor":16.0},{"not_picked":["Slice","Poisoned Stab+1","Crippling Poison"],"picked":"SKIP","floor":18.0},{"not_picked":["Cloak And Dagger","Terror"],"picked":"Backflip","floor":19.0},{"not_picked":["Underhanded Strike","Dodge and Roll","Masterful Stab+1"],"picked":"SKIP","floor":20.0},{"not_picked":["Poisoned Stab","PiercingWail","Distraction"],"picked":"SKIP","floor":24.0},{"not_picked":["Flying Knee","Outmaneuver","Grand Finale"],"picked":"SKIP","floor":29.0},{"not_picked":["Eviscerate","Prepared"],"picked":"Bouncing Flask","floor":31},{"not_picked":["Grand Finale","Storm of Steel"],"picked":"Malaise","floor":33},{"not_picked":["Eviscerate","Sucker Punch+1","Cloak And Dagger+1"],"picked":"SKIP","floor":35},{"not_picked":["Outmaneuver+1","Reflex+1","Dodge and Roll"],"picked":"SKIP","floor":36},{"not_picked":["Outmaneuver+1","Cloak And Dagger+1","Escape Plan"],"picked":"SKIP","floor":38},{"not_picked":["Dash","Sucker Punch+1","Predator"],"picked":"SKIP","floor":39},{"not_picked":["Quick Slash","Escape Plan+1"],"picked":"Noxious Fumes+1","floor":41},{"not_picked":["Deflect","Underhanded Strike+1"],"picked":"Acrobatics+1","floor":42},{"not_picked":["Concentrate","Deadly Poison","All Out Attack+1"],"picked":"SKIP","floor":42},{"not_picked":["Caltrops","Infinite Blades"],"picked":"Tools of the Trade","floor":45},{"not_picked":["Outmaneuver+1","Flying Knee+1","Dagger Spray"],"picked":"SKIP","floor":45},{"not_picked":["Slice","Sucker Punch"],"picked":"Bouncing Flask","floor":46},{"not_picked":["Bane","Cloak And Dagger","Flying Knee+1"],"picked":"SKIP","floor":46}],"player_experience":364379,"relics_obtained":[{"floor":9.0,"key":"The Specimen"},{"floor":24.0,"key":"Dodecahedron"},{"floor":26.0,"key":"Orichalcum"},{"floor":31,"key":"Red Mask"},{"floor":41,"key":"Prayer Wheel"},{"floor":43,"key":"Blue Candle"}],"event_choices":[{"event_name":"Upgrade Shrine","player_choice":"Upgraded","floor":3.0,"damage_taken":0.0},{"event_name":"Liars Game","player_choice":"agreed","floor":5.0,"damage_taken":0.0},{"event_name":"The Cleric","player_choice":"Card Removal","floor":10.0,"damage_taken":0.0},{"event_name":"Forgotten Altar","player_choice":"Shed Blood","floor":21.0,"damage_taken":0.0},{"event_name":"Addict","player_choice":"Obtained Relic","floor":22.0,"damage_taken":0.0},{"event_name":"Masked Bandits","player_choice":"Fought Bandits","floor":31,"damage_taken":0},{"event_name":"MindBloom","player_choice":"Fight","floor":41,"damage_taken":0},{"event_name":"Mysterious Sphere","player_choice":"Ignore","floor":48,"damage_taken":0}],"is_beta":false,"boss_relics":[{"not_picked":["HoveringKite","Lizard Tail"],"picked":"Fusion Hammer"},{"not_picked":["Busted Crown","WristBlade"],"picked":"White Beast Statue"}],"items_purged_floors":[7,28,37],"is_endless":false,"potions_floor_spawned":[13,14,16,19,29,31,35,36,38,39,41,42,45,46],"ascension_level":0}