{"gold_per_floor":[116,39,56,76,92,17,42,53,100,117,128,161,161,188,188,259,259,271,62,76,23,23,23,23,23],"floor_reached":25,"playtime":591,"items_purged":["Strike_B","Strike_B"],"score":496,"play_id":"2f7afbf3-dda4-4310-891d-327069ac3b92","local_time":"20190611002527","is_ascension_mode":true,"campfire_choices":[{"data":"Sunder","floor":13,"key":"SMITH"},{"data":"Turbo","floor":15,"key":"SMITH"},{"data":"Creative AI","floor":23,"key":"SMITH"}],"neow_cost":"NONE","seed_source_timestamp":48470879837482,"circlet_count":0,"master_deck":["AscendersBane","Strike_B","Strike_B","Defend_B","Defend_B","Defend_B","Defend_B","Zap","Dualcast","Ball Lightning","Sunder+1","Self Repair","Ball Lightning","Coolheaded","Buffer","Auto Shields","Beam Cell","Turbo+1","Creative AI+1","Conserve Battery","Conserve Battery","Storm","Undo","Ghostly","Ghostly","Ghostly"],"relics":["Cracked Core","NeowsBlessing","Anchor","Vajra","Pear","Bronze Scales","Coffee Dripper"],"potions_floor_usage":[7,12,16],"damage_taken":[{"damage":0,"enemies":"Cultist","floor":1,"turns":1},{"damage":0,"enemies":"2 Louse","floor":3,"turns":1},{"damage":0,"enemies":"Small Slimes","floor":4,"turns":1},{"damage":25,"enemies":"Gremlin Gang","floor":5,"turns":4},{"damage":28,"enemies":"3 Sentries","floor":7,"turns":6},{"damage":9,"enemies":"Exordium Thugs","floor":8,"turns":4},{"damage":0,"enemies":"Red Slaver","floor":10,"turns":3},{"damage":1,"enemies":"Large Slime","floor":11,"turns":5},{"damage":0,"enemies":"Lagavulin","floor":12,"turns":4},{"damage":6,"enemies":"Gremlin Nob","floor":14,"turns":3},{"damage":50,"enemies":"Hexaghost","floor":16,"turns":9},{"damage":8,"enemies":"2 Thieves","floor":18,"turns":4},{"damage":28,"enemies":"3 Byrds","floor":20,"turns":3},{"damage":46,"enemies":"Book of Stabbing","floor":25,"turns":6}],"seed_played":"5446628115105882106","potions_obtained":[{"floor":1,"key":"Energy Potion"},{"floor":4,"key":"Energy Potion"},{"floor":10,"key":"Fire Potion"},{"floor":16,"key":"Strength Potion"}],"is_trial":false,"path_per_floor":["M","$","M","M","M","$","E","M","T","M","M","E","R","E","R","B",null,"M","$","M","$","?","R","?","E"],"character_chosen":"DEFECT","items_purchased":["Sunder","Conserve Battery","Storm","Energy Potion"],"campfire_rested":0,"item_purchase_floors":[2,19,19,21],"current_hp_per_floor":[64,64,64,64,46,46,25,23,23,30,36,53,53,54,54,11,64,63,63,42,42,42,42,40,0],"gold":23,"neow_bonus":"THREE_ENEMY_KILL","is_prod":false,"is_daily":false,"chose_seed":false,"campfire_upgraded":3,"win_rate":0,"timestamp":1560180327,"path_taken":["M","$","M","?","M","$","E","M","T","M","M","E","R","E","R","BOSS","M","$","M","$","?","R","?","E"],"build_version":"2019-01-23","purchased_purges":2,"victory":false,"max_hp_per_floor":[71,71,71,71,71,71,71,71,71,71,71,81,81,81,81,81,81,81,81,81,81,81,81,40,40],"card_choices":[{"not_picked":["Melter","Static Discharge"],"picked":"Ball Lightning","floor":1},{"not_picked":["Conserve Battery","Tempest"],"picked":"Self Repair","floor":3},{"not_picked":["Barrage","Steam"],"picked":"Ball Lightning","floor":4},{"not_picked":["Barrage","Lockon","Ball Lightning"],"picked":"SKIP","floor":5},{"not_picked":["Reinforced Body","Ball Lightning"],"picked":"Coolheaded","floor":7},{"not_picked":["Gash","Barrage","Stack"],"picked":"SKIP","floor":8},{"not_picked":["Leap","Ball Lightning"],"picked":"Buffer","floor":10},{"not_picked":["Lockon","Redo"],"picked":"Auto Shields","floor":11},{"not_picked":["Cold Snap","Tempest"],"picked":"Beam Cell","floor":12},{"not_picked":["Conserve Battery","Compile Driver"],"picked":"Turbo","floor":14},{"not_picked":["Seek","Echo Form"],"picked":"Creative AI","floor":16},{"not_picked":["Rebound","Sweeping Beam"],"picked":"Conserve Battery","floor":18},{"not_picked":["Sweeping Beam","Capacitor+1"],"picked":"Undo","floor":20}],"player_experience":581135,"relics_obtained":[{"floor":7,"key":"Anchor"},{"floor":9,"key":"Vajra"},{"floor":12,"key":"Pear"},{"floor":14,"key":"Bronze Scales"}],"event_choices":[{"damage_healed":0,"gold_gain":0,"player_choice":"Ignored","damage_taken":0,"max_hp_gain":0,"max_hp_loss":0,"event_name":"Beggar","floor":22,"gold_loss":0},{"damage_healed":0,"gold_gain":0,"player_choice":"Became a Ghost","damage_taken":0,"max_hp_gain":0,"max_hp_loss":41,"event_name":"Ghosts","floor":24,"gold_loss":0,"cards_obtained":["Ghostly","Ghostly","Ghostly"]}],"is_beta":false,"boss_relics":[{"not_picked":["White Beast Statue","Eternal Feather"],"picked":"Coffee Dripper"}],"items_purged_floors":[6,19],"is_endless":false,"potions_floor_spawned":[1,4,5,10,16],"killed_by":"Book of Stabbing","ascension_level":20}