{"gold_per_floor":[109,109,119,34,34,63,63,131,131,181,195,230,230,241,241,315,315,333,383,395,445,456,456,456],"floor_reached":24,"playtime":999,"items_purged":[],"score":462,"play_id":"ea812744-6157-4249-b7ec-74d3daee1905","local_time":"20190807185102","is_ascension_mode":true,"campfire_choices":[{"data":"Loop","floor":7,"key":"SMITH"},{"floor":13,"key":"DIG"},{"floor":15,"key":"DIG"},{"floor":23,"key":"REST"}],"neow_cost":"NONE","seed_source_timestamp":26052018008612,"circlet_count":0,"master_deck":["AscendersBane","Strike_B","Strike_B","Strike_B","Defend_B","Defend_B","Defend_B","Defend_B","Zap","Dualcast","Rebound","Ball Lightning","Loop+1","Lockon","Conserve Battery","Self Repair","Doom and Gloom","Rainbow","Doom and Gloom","Defragment","Chill","Writhe","Skim","Stack+1"],"relics":["Cracked Core","NeowsBlessing","SsserpentHead","Singing Bowl","Meat on the Bone","Shovel","Boot","Juzu Bracelet","Mercury Hourglass","Sozu"],"potions_floor_usage":[12,16,24,24],"damage_taken":[{"damage":0,"enemies":"2 Louse","floor":1,"turns":1},{"damage":0,"enemies":"Small Slimes","floor":3,"turns":1},{"damage":0,"enemies":"Gremlin Nob","floor":6,"turns":1},{"damage":0,"enemies":"Cultist","floor":8,"turns":3},{"damage":21,"enemies":"3 Louse","floor":11,"turns":5},{"damage":20,"enemies":"3 Sentries","floor":12,"turns":5},{"damage":0,"enemies":"Large Slime","floor":14,"turns":3},{"damage":36,"enemies":"Hexaghost","floor":16,"turns":8},{"damage":11,"enemies":"Spheric Guardian","floor":18,"turns":3},{"damage":27,"enemies":"2 Thieves","floor":20,"turns":4},{"damage":32,"enemies":"Snecko","floor":22,"turns":4},{"damage":64,"enemies":"Book of Stabbing","floor":24,"turns":4}],"seed_played":"7209785473124411053","potions_obtained":[{"floor":6,"key":"SkillPotion"},{"floor":8,"key":"SteroidPotion"},{"floor":12,"key":"Strength Potion"},{"floor":16,"key":"Ancient Potion"}],"is_trial":false,"path_per_floor":["M","?","M","$","?","E","R","M","T","?","M","E","R","M","R","B",null,"M","?","M","?","M","R","E"],"character_chosen":"DEFECT","items_purchased":["Loop"],"campfire_rested":1,"item_purchase_floors":[4],"current_hp_per_floor":[64,57,57,57,57,57,57,57,57,52,43,42,42,51,51,27,62,51,51,43,43,30,51,0],"gold":456,"neow_bonus":"THREE_ENEMY_KILL","is_prod":false,"is_daily":false,"chose_seed":false,"campfire_upgraded":1,"win_rate":0,"timestamp":1565196662,"path_taken":["M","?","M","$","?","E","R","?","T","?","M","E","R","M","R","BOSS","M","?","M","?","M","R","E"],"build_version":"2019-07-17","purchased_purges":0,"victory":false,"max_hp_per_floor":[71,71,71,71,71,71,71,71,71,71,71,71,71,73,73,73,73,73,73,73,73,73,73,73],"card_choices":[{"not_picked":["White Noise","Stack"],"picked":"Rebound","floor":1},{"not_picked":["Reprogram","Scrape"],"picked":"Ball Lightning","floor":3},{"not_picked":["White Noise","Force Field"],"picked":"Lockon","floor":6},{"not_picked":["Lockon","Sunder"],"picked":"Conserve Battery","floor":8},{"not_picked":["Compile Driver","Turbo"],"picked":"Self Repair","floor":11},{"not_picked":["Storm","Rainbow"],"picked":"Doom and Gloom","floor":12},{"not_picked":["Sweeping Beam","Go for the Eyes","Rebound"],"picked":"Singing Bowl","floor":14},{"not_picked":["Amplify","Reboot"],"picked":"Rainbow","floor":16},{"not_picked":["Double Energy","Fusion"],"picked":"Doom and Gloom","floor":18},{"not_picked":["Hologram","Go for the Eyes"],"picked":"Chill","floor":20},{"not_picked":["Cold Snap","Streamline"],"picked":"Stack+1","floor":22}],"player_experience":826039,"relics_obtained":[{"floor":6,"key":"Singing Bowl"},{"floor":9,"key":"Meat on the Bone"},{"floor":12,"key":"Boot"},{"floor":13,"key":"Juzu Bracelet"},{"floor":15,"key":"Mercury Hourglass"}],"event_choices":[{"cards_removed":["Strike_B"],"damage_healed":0,"gold_gain":0,"player_choice":"Card Removal","damage_taken":7,"max_hp_gain":0,"max_hp_loss":0,"event_name":"Golden Wing","floor":2,"gold_loss":0},{"damage_healed":0,"gold_gain":0,"player_choice":"Trade","damage_taken":0,"relics_obtained":["SsserpentHead"],"max_hp_gain":0,"max_hp_loss":0,"event_name":"FaceTrader","floor":5,"gold_loss":0},{"damage_healed":0,"gold_gain":0,"player_choice":"Success","damage_taken":5,"relics_obtained":["Shovel"],"max_hp_gain":0,"max_hp_loss":0,"event_name":"Scrap Ooze","floor":10,"gold_loss":0},{"damage_healed":0,"gold_gain":0,"player_choice":"Read","damage_taken":0,"max_hp_gain":0,"max_hp_loss":0,"event_name":"The Library","floor":19,"gold_loss":0,"cards_obtained":["Defragment"]},{"damage_healed":0,"gold_gain":0,"player_choice":"2 cards matched","damage_taken":0,"max_hp_gain":0,"max_hp_loss":0,"event_name":"Match and Keep!","floor":21,"gold_loss":0,"cards_obtained":["Writhe","Skim"]}],"is_beta":false,"boss_relics":[{"not_picked":["Nuclear Battery","Inserter"],"picked":"Sozu"}],"items_purged_floors":[],"is_endless":false,"potions_floor_spawned":[6,8,12,16,18,22],"killed_by":"Book of Stabbing","ascension_level":20}