{"gold_per_floor":[116,41,51,63,63,63,91,110,110,110,123,123,134,145,145,145],"floor_reached":16,"playtime":1289,"items_purged":["Strike_R"],"score":208,"play_id":"64bc3bb0-d73b-439f-8aa2-ab089840b248","local_time":"20190531012459","is_ascension_mode":true,"campfire_choices":[{"data":"True Grit","floor":6.0,"key":"SMITH"},{"data":"Battle Trance","floor":10.0,"key":"SMITH"},{"data":"Burning Pact","floor":12.0,"key":"SMITH"},{"data":"Power Through","floor":15,"key":"SMITH"}],"neow_cost":"PERCENT_DAMAGE","seed_source_timestamp":51473443893877,"circlet_count":0,"master_deck":["AscendersBane","Strike_R","Defend_R","Defend_R","Defend_R","Defend_R","Bash","Heavy Blade","Clash","Intimidate","Ghostly Armor","True Grit+1","Battle Trance+1","Burning Pact+1","Power Through+1","Sentinel"],"special_seed":0,"relics":["Burning Blood","Lantern","Shuriken"],"potions_floor_usage":[],"damage_taken":[{"damage":1.0,"enemies":"Cultist","floor":1.0,"turns":3.0},{"damage":8.0,"enemies":"2 Louse","floor":3.0,"turns":4.0},{"damage":2.0,"enemies":"Jaw Worm","floor":4.0,"turns":5.0},{"damage":55.0,"enemies":"Gremlin Nob","floor":7.0,"turns":6.0},{"damage":0.0,"enemies":"Red Slaver","floor":8.0,"turns":3.0},{"damage":0.0,"enemies":"Looter","floor":11.0,"turns":3.0},{"damage":2,"enemies":"Gremlin Gang","floor":13,"turns":17},{"damage":0,"enemies":"2 Fungi Beasts","floor":14,"turns":9},{"damage":18,"enemies":"The Guardian","floor":16,"turns":17}],"seed_played":"-480586883258630601","potions_obtained":[{"floor":7.0,"key":"Explosive Potion"},{"floor":11.0,"key":"GamblersBrew"},{"floor":13,"key":"Dexterity Potion"},{"floor":14,"key":"FearPotion"}],"is_trial":false,"path_per_floor":["M","$","M","M","?","R","E","M","T","R","M","R","M","M","R","B"],"character_chosen":"IRONCLAD","items_purchased":[],"campfire_rested":0,"item_purchase_floors":[],"current_hp_per_floor":[55,55,53,57,57,57,8,14,14,14,20,20,24,30,30,12],"gold":145,"neow_bonus":"TRANSFORM_TWO_CARDS","is_prod":false,"is_daily":false,"chose_seed":false,"campfire_upgraded":4,"win_rate":0,"timestamp":1559237099,"path_taken":["M","$","M","?","?","R","E","?","T","R","M","R","M","M","R","BOSS"],"build_version":"2019-01-23","purchased_purges":1,"victory":false,"max_hp_per_floor":[75,75,75,75,75,75,75,75,75,75,75,75,75,75,75,75],"card_choices":[{"not_picked":["Cleave","Heavy Blade"],"picked":"Intimidate","floor":1.0},{"not_picked":["Sword Boomerang","Anger"],"picked":"Ghostly Armor","floor":3.0},{"not_picked":["Anger","Bloodletting"],"picked":"True Grit","floor":4.0},{"not_picked":["Whirlwind","Reckless Charge"],"picked":"Battle Trance","floor":7.0},{"not_picked":["Iron Wave","Body Slam"],"picked":"Burning Pact","floor":8.0},{"not_picked":["Dual Wield","Combust"],"picked":"Power Through","floor":11.0},{"not_picked":["Carnage","Headbutt"],"picked":"Sentinel","floor":13},{"not_picked":["Thunderclap","Intimidate","Armaments"],"picked":"SKIP","floor":14},{"not_picked":["Thunderclap","Intimidate","Armaments"],"picked":"SKIP","floor":14}],"player_experience":4906168,"relics_obtained":[{"floor":7.0,"key":"Lantern"},{"floor":9.0,"key":"Shuriken"}],"event_choices":[{"cards_removed":["Strike_R"],"damage_healed":0.0,"max_hp_gain":0.0,"max_hp_loss":0.0,"gold_gain":0.0,"event_name":"Bonfire Elementals","player_choice":"Offered Basic","floor":5.0,"gold_loss":0.0,"damage_taken":0.0}],"is_beta":false,"boss_relics":[],"items_purged_floors":[2],"is_endless":false,"potions_floor_spawned":[7,11,13,14],"killed_by":"The Guardian","ascension_level":20}