{"gold_per_floor":[209,221,71,88,88,88,98,98,98,98,114,114,30,30],"floor_reached":14,"playtime":1956,"items_purged":[],"score":160,"play_id":"70f0023f-a138-4264-8b87-18f42f59fb93","local_time":"20181230201233","is_ascension_mode":true,"campfire_choices":[{"data":"Grand Finale","floor":6.0,"key":"SMITH"},{"data":"Neutralize","floor":10,"key":"SMITH"},{"data":"Backflip","floor":12,"key":"SMITH"}],"neow_cost":"NONE","seed_source_timestamp":27883349601417,"circlet_count":0,"master_deck":["AscendersBane","Defend_G","Defend_G","Defend_G","Defend_G","Defend_G","Strike_G","Strike_G","Strike_G","Strike_G","Strike_G","Survivor","Neutralize+1","Cloak And Dagger","Backflip+1","Grand Finale+1"],"special_seed":0,"relics":["Ring of the Snake","Unceasing Top"],"potions_floor_usage":[],"damage_taken":[{"damage":10.0,"enemies":"Cultist","floor":1.0,"turns":5.0},{"damage":1.0,"enemies":"2 Louse","floor":2.0,"turns":4.0},{"damage":3.0,"enemies":"Small Slimes","floor":4.0,"turns":4.0},{"damage":4,"enemies":"Looter","floor":7,"turns":5},{"damage":11,"enemies":"2 Fungi Beasts","floor":11,"turns":5},{"damage":0,"enemies":"Lagavulin","floor":14,"turns":4}],"seed_played":"-7556047133573975354","potions_obtained":[{"floor":4.0,"key":"EssenceOfSteel"}],"is_trial":false,"path_per_floor":["M","M","$","M","?","R","M","$","T","R","M","R","$","E"],"character_chosen":"THE_SILENT","items_purchased":["Grand Finale","GhostInAJar"],"campfire_rested":0,"item_purchase_floors":[3,13],"current_hp_per_floor":[49,48,48,45,41,41,37,37,37,37,26,26,26,26],"gold":30,"neow_bonus":"HUNDRED_GOLD","is_prod":false,"is_daily":false,"chose_seed":false,"campfire_upgraded":3,"win_rate":0,"timestamp":1546171953,"path_taken":["M","?","?","?","?","R","M","$","T","R","M","R","$","E"],"build_version":"2018-12-20","purchased_purges":0,"victory":false,"max_hp_per_floor":[66,66,66,66,66,66,66,66,66,66,66,66,66,66],"card_choices":[{"not_picked":["Dodge and Roll","Prepared"],"picked":"Cloak And Dagger","floor":1.0},{"not_picked":["Setup","Finisher"],"picked":"Backflip","floor":2.0},{"not_picked":["Flying Knee","Dodge and Roll","Masterful Stab"],"picked":"SKIP","floor":4.0},{"not_picked":["Dodge and Roll","Dash","Deflect"],"picked":"SKIP","floor":7},{"not_picked":["Eviscerate","Reflex","Blade Dance"],"picked":"SKIP","floor":11}],"player_experience":1607776,"relics_obtained":[{"floor":9,"key":"Unceasing Top"}],"event_choices":[{"damage_healed":0.0,"max_hp_gain":0.0,"max_hp_loss":0.0,"gold_gain":0.0,"event_name":"The Woman in Blue","player_choice":"Bought 0 Potions","floor":5.0,"gold_loss":0.0,"damage_taken":0.0}],"is_beta":false,"boss_relics":[],"items_purged_floors":[],"is_endless":false,"potions_floor_spawned":[4],"killed_by":"Lagavulin","ascension_level":20}