{"gold_per_floor":[113,128,144,144,144,144,158,158,158,158,175,193,206,219,219,321,321,332,332,332,351,351,351,351,370,393,407,265,265,180,198,198,295,295,309,356,356,370,388,388,403,414,414,434,434,257,272,67,67,67],"floor_reached":51,"playtime":5738,"items_purged":["Strike_R","Defend_R","Defend_R"],"score":620,"play_id":"5c74254f-baf5-49d4-a810-56ca305cea1c","local_time":"20190706122157","is_ascension_mode":false,"campfire_choices":[{"data":"Rage","floor":6,"key":"SMITH"},{"data":"Anger","floor":8,"key":"SMITH"},{"data":"Inflame","floor":10,"key":"SMITH"},{"data":"Clash","floor":15,"key":"SMITH"},{"data":"RitualDagger","floor":23,"key":"SMITH"},{"data":"Anger","floor":32,"key":"SMITH"},{"floor":40,"key":"REST"},{"data":"Bludgeon","floor":45,"key":"SMITH"},{"data":"1","floor":49,"key":"LIFT"}],"neow_cost":"NONE","seed_source_timestamp":526788641257055,"circlet_count":0,"master_deck":["Strike_R","Strike_R","Strike_R","Strike_R","Defend_R","Defend_R","Bash+1","Clash+1","Inflame+1","Rage+1","Anger+1","Shrug It Off","Disarm","Iron Wave","Clothesline","Bludgeon+1","Infernal Blade+1","RitualDagger+1","Anger+1","Clothesline+1","Flex+1","Twin Strike+1","Double Tap","Necronomicurse","Flex+1","Iron Wave","Iron Wave+1","Impervious","Flame Barrier+1","Battle Trance","Searing Blow"],"relics":["Burning Blood","Mercury Hourglass","Sozu","Torii","Strawberry","Necronomicon","Happy Flower","Eternal Feather","FossilizedHelix","Girya"],"potions_floor_usage":[],"damage_taken":[{"damage":6,"enemies":"2 Louse","floor":1,"turns":4},{"damage":6,"enemies":"Jaw Worm","floor":2,"turns":3},{"damage":1,"enemies":"Cultist","floor":3,"turns":3},{"damage":32,"enemies":"Gremlin Gang","floor":7,"turns":6},{"damage":0,"enemies":"3 Louse","floor":11,"turns":2},{"damage":0,"enemies":"Large Slime","floor":12,"turns":4},{"damage":7,"enemies":"Exordium Thugs","floor":13,"turns":3},{"damage":0,"enemies":"Looter","floor":14,"turns":3},{"damage":4,"enemies":"Slime Boss","floor":16,"turns":7},{"damage":0,"enemies":"Spheric Guardian","floor":18,"turns":2},{"damage":2,"enemies":"3 Byrds","floor":21,"turns":4},{"damage":17,"enemies":"3 Cultists","floor":25,"turns":5},{"damage":2,"enemies":"Sentry and Sphere","floor":27,"turns":5},{"damage":16,"enemies":"Shelled Parasite and Fungi","floor":31,"turns":4},{"damage":24,"enemies":"Automaton","floor":33,"turns":6},{"damage":10,"enemies":"3 Darklings","floor":35,"turns":5},{"damage":60,"enemies":"2 Orb Walkers","floor":36,"turns":4},{"damage":10,"enemies":"Orb Walker","floor":38,"turns":3},{"damage":0,"enemies":"Maw","floor":39,"turns":6},{"damage":18,"enemies":"Spire Growth","floor":41,"turns":4},{"damage":0,"enemies":"Transient","floor":42,"turns":5},{"damage":0,"enemies":"Maw","floor":44,"turns":6},{"damage":0,"enemies":"Sphere and 2 Shapes","floor":47,"turns":2},{"damage":92,"enemies":"Awakened One","floor":50,"turns":11}],"seed_played":"-6086175146984022328","potions_obtained":[{"floor":2,"key":"Weak Potion"},{"floor":5,"key":"FairyPotion"},{"floor":5,"key":"SkillPotion"},{"floor":11,"key":"Dexterity Potion"}],"is_trial":false,"path_per_floor":["M","M","M","?","?","R","M","R","T","R","M","M","M","M","R","B",null,"M","?","?","M","?","R","?","M","T","M","$","?","?","M","R","B",null,"M","?","?","M","M","R","M","M","T","M","R","$","M","$","R","B",null],"character_chosen":"IRONCLAD","items_purchased":["Double Tap","Battle Trance","Searing Blow"],"campfire_rested":1,"item_purchase_floors":[28,46,48],"current_hp_per_floor":[80,80,80,80,80,80,54,54,54,54,60,66,65,71,71,73,80,80,74,74,78,78,78,78,67,74,78,78,62,62,52,52,34,87,83,29,29,25,31,75,63,69,69,75,87,87,87,87,87,14],"gold":67,"neow_bonus":"UPGRADE_CARD","is_prod":false,"is_daily":false,"chose_seed":false,"campfire_upgraded":7,"win_rate":0.0,"timestamp":1562433717,"path_taken":["M","M","M","?","?","R","?","R","T","R","M","M","?","M","R","BOSS","M","?","?","?","?","R","?","M","T","?","?","?","?","M","R","BOSS","M","?","?","?","?","R","M","M","T","M","R","$","M","$","R","BOSS"],"build_version":"2019-07-05","purchased_purges":3,"victory":true,"max_hp_per_floor":[80,80,80,80,80,80,80,80,80,80,80,80,80,80,80,80,80,80,80,80,80,80,80,80,80,87,87,87,87,87,87,87,87,87,87,87,87,87,87,87,87,87,87,87,87,87,87,87,87,87],"card_choices":[{"not_picked":["Warcry","Clothesline"],"picked":"Clash","floor":1},{"not_picked":["Cleave","Warcry"],"picked":"Inflame","floor":2},{"not_picked":["Cleave","Clothesline"],"picked":"Rage","floor":3},{"not_picked":["Armaments","Clothesline"],"picked":"Anger","floor":7},{"not_picked":["Flex","Barricade"],"picked":"Shrug It Off","floor":11},{"not_picked":["Sever Soul","Feel No Pain"],"picked":"Disarm","floor":12},{"not_picked":["Thunderclap","Cleave"],"picked":"Iron Wave","floor":13},{"not_picked":["Entrench","Cleave"],"picked":"Clothesline","floor":14},{"not_picked":["Brutality","Impervious"],"picked":"Bludgeon","floor":16},{"not_picked":["Feel No Pain","Flex"],"picked":"Infernal Blade","floor":18},{"not_picked":["Perfected Strike","Headbutt"],"picked":"Clothesline+1","floor":21},{"not_picked":["Shrug It Off","Battle Trance"],"picked":"Flex+1","floor":25},{"not_picked":["Iron Wave","True Grit"],"picked":"Twin Strike+1","floor":27},{"not_picked":["Brutality","Dropkick"],"picked":"Flex+1","floor":31},{"not_picked":["Sword Boomerang+1","Entrench+1"],"picked":"Iron Wave","floor":35},{"not_picked":["Hemokinesis","Metallicize"],"picked":"Iron Wave+1","floor":38},{"not_picked":["Whirlwind","Armaments"],"picked":"Impervious","floor":39},{"not_picked":["Twin Strike","Armaments+1","Whirlwind"],"picked":"SKIP","floor":41},{"not_picked":["True Grit","Armaments+1","Sword Boomerang"],"picked":"SKIP","floor":42},{"not_picked":["Uppercut","Perfected Strike+1"],"picked":"Flame Barrier+1","floor":44},{"not_picked":["Sever Soul+1","Blood for Blood+1","Burning Pact+1"],"picked":"SKIP","floor":47}],"player_experience":7166,"relics_obtained":[{"floor":9,"key":"Mercury Hourglass"},{"floor":24,"key":"Torii"},{"floor":26,"key":"Strawberry"},{"floor":29,"key":"Necronomicon"},{"floor":36,"key":"FossilizedHelix"},{"floor":43,"key":"Girya"}],"event_choices":[{"damage_healed":0,"gold_gain":0,"player_choice":"Ignored","damage_taken":0,"max_hp_gain":0,"max_hp_loss":0,"event_name":"Liars Game","floor":4,"gold_loss":0},{"damage_healed":0,"gold_gain":0,"player_choice":"Got Potions","damage_taken":0,"max_hp_gain":0,"max_hp_loss":0,"event_name":"Lab","floor":5,"gold_loss":0},{"damage_healed":0,"gold_gain":0,"player_choice":"Joined the Cult","damage_taken":6,"max_hp_gain":0,"max_hp_loss":0,"event_name":"Nest","floor":19,"gold_loss":0,"cards_obtained":["RitualDagger"]},{"damage_healed":0,"gold_gain":0,"player_choice":"Read","damage_taken":0,"max_hp_gain":0,"max_hp_loss":0,"event_name":"The Library","floor":20,"gold_loss":0,"cards_obtained":["Anger"]},{"damage_healed":0,"gold_gain":0,"player_choice":"Ignored","damage_taken":0,"max_hp_gain":0,"max_hp_loss":0,"event_name":"Ghosts","floor":22,"gold_loss":0},{"damage_healed":0,"gold_gain":0,"player_choice":"Relic","damage_taken":0,"max_hp_gain":0,"max_hp_loss":0,"event_name":"Wheel of Change","floor":24,"gold_loss":0},{"damage_healed":0,"gold_gain":0,"player_choice":"Obtained Book","damage_taken":16,"max_hp_gain":0,"max_hp_loss":0,"event_name":"Cursed Tome","floor":29,"gold_loss":0},{"damage_healed":0,"gold_gain":0,"player_choice":"Obtained Relic","damage_taken":0,"relics_obtained":["Happy Flower"],"max_hp_gain":0,"max_hp_loss":0,"event_name":"Addict","floor":30,"gold_loss":85},{"damage_healed":0,"gold_gain":0,"player_choice":"Fight","damage_taken":0,"max_hp_gain":0,"max_hp_loss":0,"event_name":"Mysterious Sphere","floor":36,"gold_loss":0},{"damage_healed":0,"gold_gain":0,"player_choice":"Forge","damage_taken":0,"max_hp_gain":0,"max_hp_loss":0,"event_name":"Accursed Blacksmith","floor":37,"gold_loss":0,"cards_upgraded":["Infernal Blade"]}],"is_beta":false,"boss_relics":[{"not_picked":["Astrolabe","Runic Dome"],"picked":"Sozu"},{"not_picked":["Snecko Eye","Cursed Key"],"picked":"Eternal Feather"}],"items_purged_floors":[28,46,48],"is_endless":false,"potions_floor_spawned":[2,7,11,14,27,31,33,36,38,42,44],"ascension_level":0}