{"gold_per_floor":[13,23,23,23,123,151,151,163,163,163,7,22,22,22,22,121,121,134,134,234,234],"floor_reached":21,"playtime":527,"items_purged":["Strike_B"],"score":263,"play_id":"7a1cae28-13e9-49e9-b1bb-0ecdba1c584e","local_time":"20181008221357","is_ascension_mode":true,"campfire_choices":[{"data":"Darkness","floor":7.0,"key":"SMITH"},{"floor":10.0,"key":"REST"},{"data":"Dualcast","floor":13.0,"key":"SMITH"},{"data":"Zap","floor":15.0,"key":"SMITH"}],"neow_cost":"NO_GOLD","seed_source_timestamp":548599882037443,"circlet_count":0,"master_deck":["Defend_B","Defend_B","Defend_B","Zap+1","Dualcast+1","AscendersBane","Darkness+1","Redo","Loop","Core Surge","Turbo"],"special_seed":0,"relics":["FrozenCore","WingedGreaves","Blue Candle"],"potions_floor_usage":[21],"damage_taken":[{"damage":16.0,"enemies":"Small Slimes","floor":1.0,"turns":3.0},{"damage":1.0,"enemies":"Cultist","floor":2.0,"turns":3.0},{"damage":26.0,"enemies":"3 Sentries","floor":6.0,"turns":8.0},{"damage":7.0,"enemies":"Jaw Worm","floor":8.0,"turns":3.0},{"damage":2.0,"enemies":"Exordium Thugs","floor":12.0,"turns":3.0},{"damage":15.0,"enemies":"Hexaghost","floor":16.0,"turns":7.0},{"damage":38,"enemies":"2 Thieves","floor":18,"turns":5},{"damage":8,"enemies":"3 Byrds","floor":21,"turns":2}],"seed_played":"-6402390749644895736","potions_obtained":[{"floor":1.0,"key":"PowerPotion"},{"floor":8.0,"key":"Strength Potion"},{"floor":16.0,"key":"Ancient Potion"},{"floor":18,"key":"AttackPotion"}],"is_trial":false,"path_per_floor":["M","M","$","?","?","E","R","M","T","R","$","M","R","?","R","B",null,"M","?","?"],"character_chosen":"DEFECT","items_purchased":["Loop"],"campfire_rested":1,"item_purchase_floors":[11],"current_hp_per_floor":[52,51,51,51,51,25,25,18,18,40,40,38,38,31,31,16,60,22,8,8,0],"gold":234,"neow_bonus":"REMOVE_TWO","is_prod":false,"is_daily":false,"chose_seed":false,"campfire_upgraded":3,"win_rate":0,"timestamp":1539008037,"path_taken":["M","M","$","?","?","E","R","?","T","R","?","M","R","?","R","BOSS","M","?","?","M"],"build_version":"2018-10-04v2","purchased_purges":1,"victory":false,"max_hp_per_floor":[75,75,75,75,75,75,75,75,75,75,75,75,75,75,75,75,75,75,80,80,80],"card_choices":[{"not_picked":["Hello World","Rebound"],"picked":"Darkness","floor":1.0},{"not_picked":["Barrage","Beam Cell","Compile Driver"],"picked":"SKIP","floor":2.0},{"not_picked":["Turbo","Cold Snap"],"picked":"Redo","floor":6.0},{"not_picked":["Steam Power","Barrage","Cold Snap"],"picked":"SKIP","floor":8.0},{"not_picked":["Redo","Steam Power","Blizzard"],"picked":"SKIP","floor":12.0},{"not_picked":["Meteor Strike","Rainbow"],"picked":"Core Surge","floor":16.0},{"not_picked":["Beam Cell","Coolheaded+1"],"picked":"Turbo","floor":18}],"player_experience":242341,"relics_obtained":[{"floor":6.0,"key":"WingedGreaves"},{"floor":9.0,"key":"Blue Candle"}],"event_choices":[{"event_name":"Purifier","player_choice":"One Purge","floor":4.0,"damage_taken":0.0},{"event_name":"Golden Shrine","player_choice":"Pray","floor":5.0,"damage_taken":0.0},{"event_name":"Golden Wing","player_choice":"Card Removal","floor":14.0,"damage_taken":0.0},{"event_name":"Forgotten Altar","player_choice":"Shed Blood","floor":19,"damage_taken":0},{"event_name":"Golden Shrine","player_choice":"Pray","floor":20,"damage_taken":0}],"is_beta":false,"boss_relics":[{"not_picked":["Orrery","Pandora\u0027s Box"],"picked":"FrozenCore"}],"items_purged_floors":[11],"is_endless":false,"potions_floor_spawned":[1,8,16,18],"killed_by":"3 Byrds","ascension_level":10}