{"gold_per_floor":[114,189,189,21,21,21,39,39,39,55,93,18,18,38,38,137,137,151,151,68,68,80,105,116,146,146,164,176,200,228,263,263,334,384,394,16,16,33,255,284,284,313,336,381,412,412,412,440,440,440,440,440,440,23,58,58],"floor_reached":57,"playtime":3834,"items_purged":["Strike_B","Pain"],"score":2994,"play_id":"f7c51795-8fec-42ad-8e0f-d6c4bc1ece8c","local_time":"20190408192524","is_ascension_mode":true,"campfire_choices":[{"data":"Zap","floor":6.0,"key":"SMITH"},{"data":"Dualcast","floor":8.0,"key":"SMITH"},{"data":"Sunder","floor":13.0,"key":"SMITH"},{"floor":15.0,"key":"RECALL"},{"data":"Hologram","floor":32.0,"key":"SMITH"},{"data":"Discovery","floor":41.0,"key":"SMITH"},{"data":"Turbo","floor":47.0,"key":"SMITH"},{"data":"Impatience","floor":49.0,"key":"SMITH"},{"data":"Seek","floor":53.0,"key":"SMITH"}],"neow_cost":"TEN_PERCENT_HP_LOSS","seed_source_timestamp":21976748106980,"circlet_count":0,"master_deck":["AscendersBane","Strike_B+1","Strike_B+1","Defend_B","Defend_B","Defend_B","Defend_B","Zap+1","Dualcast+1","Undo+1","Glacier","Sunder+1","Heatsinks+1","Static Discharge+1","Electrodynamics+1","Glacier+1","Defragment+1","White Noise+1","Turbo+1","Defragment+1","Go for the Eyes+1","Hologram+1","Seek+1","Skim","Coolheaded+1","Impatience+1","Purity","Discovery+1","Self Repair+1","Reboot+1","Loop+1","Madness","Madness","Core Surge+1","Discovery","Turbo","AscendersBane","Reboot"],"special_seed":0,"relics":["Cracked Core","WingedGreaves","Anchor","Bloody Idol","Frozen Egg 2","Question Card","Coffee Dripper","WarpedTongs","Lantern","Molten Egg 2","Bag of Marbles","Red Mask","Vajra","Tiny House","Pantograph","Boot","Orichalcum","War Paint","Girya","Dead Branch","Whetstone","DollysMirror","Mercury Hourglass"],"potions_floor_usage":[56],"damage_taken":[{"damage":0.0,"enemies":"2 Louse","floor":1.0,"turns":2.0},{"damage":0.0,"enemies":"Jaw Worm","floor":7.0,"turns":3.0},{"damage":1.0,"enemies":"Small Slimes","floor":10.0,"turns":4.0},{"damage":35.0,"enemies":"Gremlin Nob","floor":11.0,"turns":4.0},{"damage":0.0,"enemies":"3 Louse","floor":14.0,"turns":3.0},{"damage":9.0,"enemies":"Hexaghost","floor":16.0,"turns":8.0},{"damage":1.0,"enemies":"Shell Parasite","floor":18.0,"turns":6.0},{"damage":0.0,"enemies":"3 Byrds","floor":22.0,"turns":4.0},{"damage":11.0,"enemies":"Book of Stabbing","floor":23.0,"turns":5.0},{"damage":12.0,"enemies":"Shelled Parasite and Fungi","floor":24.0,"turns":7.0},{"damage":10.0,"enemies":"Slavers","floor":25.0,"turns":1.0},{"damage":12.0,"enemies":"Centurion and Healer","floor":27.0,"turns":4.0},{"damage":4.0,"enemies":"Snecko","floor":28.0,"turns":3.0},{"damage":10.0,"enemies":"Masked Bandits","floor":30.0,"turns":3.0},{"damage":2.0,"enemies":"Book of Stabbing","floor":31.0,"turns":5.0},{"damage":25.0,"enemies":"Collector","floor":33.0,"turns":7.0},{"damage":6.0,"enemies":"3 Darklings","floor":35.0,"turns":5.0},{"damage":0.0,"enemies":"Orb Walker","floor":38.0,"turns":4.0},{"damage":0.0,"enemies":"Giant Head","floor":40.0,"turns":12.0},{"damage":12.0,"enemies":"Reptomancer","floor":42.0,"turns":4.0},{"damage":4.0,"enemies":"2 Orb Walkers","floor":44.0,"turns":3.0},{"damage":0.0,"enemies":"Nemesis","floor":45.0,"turns":9.0},{"damage":0.0,"enemies":"Giant Head","floor":48.0,"turns":7.0},{"damage":16.0,"enemies":"Awakened One","floor":50.0,"turns":10.0},{"damage":25.0,"enemies":"Time Eater","floor":51.0,"turns":16.0},{"damage":4.0,"enemies":"Shield and Spear","floor":55.0,"turns":3.0},{"damage":56,"enemies":"The Heart","floor":56,"turns":15}],"seed_played":"-2940955236062594824","potions_obtained":[{"floor":7.0,"key":"Block Potion"},{"floor":11.0,"key":"Energy Potion"},{"floor":24.0,"key":"Strength Potion"},{"floor":25.0,"key":"Ancient Potion"},{"floor":33.0,"key":"Block Potion"},{"floor":40.0,"key":"SkillPotion"},{"floor":55.0,"key":"FocusPotion"}],"is_trial":false,"path_per_floor":["M","?","?","$","?","R","M","R","T","M","E","$","R","M","R","B",null,"M","?","$","?","M","E","M","E","T","M","M","T","?","E","R","B",null,"M","$","?","M","?","E","R","E","T","?","E","?","R","E","R","B","B",null,"R","$","E","B",null],"character_chosen":"DEFECT","items_purchased":["Anchor","Defragment+1","Pantograph","Discovery","Turbo","DollysMirror","Explosive Potion"],"campfire_rested":0,"item_purchase_floors":[4,20,36,54,54,54,54],"current_hp_per_floor":[64,53,46,46,46,46,46,46,46,45,10,10,10,10,10,1,44,43,43,43,43,48,42,35,30,30,23,24,29,24,27,27,7,52,51,51,41,46,51,63,63,63,63,63,63,52,52,63,63,57,48,59,59,59,60,17],"gold":58,"neow_bonus":"ONE_RARE_RELIC","is_prod":false,"is_daily":false,"chose_seed":false,"campfire_upgraded":8,"win_rate":0,"timestamp":1554722724,"path_taken":["M","?","?","$","?","R","M","R","T","M","E","$","R","M","R","BOSS","M","?","$","?","M","E","M","E","T","?","M","?","?","E","R","BOSS","M","$","?","M","?","E","R","E","T","?","E","?","R","E","R","BOSS","BOSS","R","$","E","BOSS"],"build_version":"2019-01-23","purchased_purges":2,"victory":true,"max_hp_per_floor":[64,64,64,64,58,58,58,58,58,58,58,58,58,58,58,58,58,58,58,58,58,58,58,58,58,58,58,58,58,58,58,58,58,63,63,63,63,63,63,63,63,63,63,63,63,63,63,63,63,63,63,63,63,63,63,63],"card_choices":[{"not_picked":["Rebound","Fusion"],"picked":"Undo","floor":1.0},{"not_picked":["Recycle","Chill"],"picked":"Glacier","floor":7.0},{"not_picked":["White Noise","Turbo"],"picked":"Sunder","floor":10.0},{"not_picked":["Blizzard","Ball Lightning"],"picked":"Heatsinks+1","floor":11.0},{"not_picked":["Barrage","Rebound","Ball Lightning"],"picked":"Static Discharge+1","floor":14.0},{"not_picked":["Rainbow","Thunder Strike","Buffer+1"],"picked":"Electrodynamics+1","floor":16.0},{"not_picked":["Leap+1","Skim","Steam"],"picked":"Glacier+1","floor":18.0},{"not_picked":["Darkness","Leap","Redo"],"picked":"White Noise","floor":22.0},{"not_picked":["Lockon","Coolheaded","Gash"],"picked":"Turbo","floor":23.0},{"not_picked":["Turbo+1","Go for the Eyes","Sweeping Beam"],"picked":"Defragment+1","floor":24.0},{"not_picked":["Sweeping Beam","Auto Shields","Doom and Gloom+1","Cold Snap"],"picked":"SKIP","floor":25.0},{"not_picked":["Consume","Scrape+1","Chaos"],"picked":"Go for the Eyes+1","floor":27.0},{"not_picked":["Force Field","Steam","Electrodynamics+1"],"picked":"Hologram","floor":28.0},{"not_picked":["Consume","Chill","Meteor Strike+1","Conserve Battery"],"picked":"SKIP","floor":31.0},{"not_picked":["Meteor Strike+1","Multi-Cast","Reboot"],"picked":"Seek","floor":33.0},{"not_picked":["Force Field","Beam Cell+1","Hello World+1"],"picked":"Skim","floor":34.0},{"not_picked":["Gash+1","Scrape+1","Leap"],"picked":"Coolheaded+1","floor":35.0},{"not_picked":["Bandage Up","Good Instincts","Enlightenment"],"picked":"Impatience","floor":37.0},{"not_picked":["Mind Blast+1","Enlightenment","Panacea"],"picked":"Purity","floor":37.0},{"not_picked":["Mayhem+1","Enlightenment","Forethought"],"picked":"Discovery","floor":37.0},{"not_picked":["Turbo","Go for the Eyes+1","White Noise"],"picked":"Self Repair+1","floor":38.0},{"not_picked":["Consume+1","Gash+1","Chill+1"],"picked":"Reboot","floor":40.0},{"not_picked":["Stack","Streamline+1","Reinforced Body","Sweeping Beam+1"],"picked":"SKIP","floor":42.0},{"not_picked":["Steam","Chill","Redo"],"picked":"Loop+1","floor":44.0},{"not_picked":["Barrage+1","Doom and Gloom+1","Reprogram","Go for the Eyes+1"],"picked":"SKIP","floor":45.0},{"not_picked":["Scrape+1","Beam Cell+1","Heatsinks+1"],"picked":"Core Surge+1","floor":48.0},{"not_picked":["Barrage+1","Stack","Hello World+1"],"picked":"Reboot","floor":55.0}],"player_experience":4161389,"relics_obtained":[{"floor":9.0,"key":"Frozen Egg 2"},{"floor":11.0,"key":"Question Card"},{"floor":23.0,"key":"Lantern"},{"floor":25.0,"key":"Molten Egg 2"},{"floor":26.0,"key":"Bag of Marbles"},{"floor":30.0,"key":"Red Mask"},{"floor":31.0,"key":"Vajra"},{"floor":40.0,"key":"Boot"},{"floor":42.0,"key":"Orichalcum"},{"floor":43.0,"key":"War Paint"},{"floor":44.0,"key":"Girya"},{"floor":45.0,"key":"Dead Branch"},{"floor":48.0,"key":"Whetstone"},{"floor":55.0,"key":"Mercury Hourglass"}],"event_choices":[{"damage_healed":0.0,"max_hp_gain":0.0,"max_hp_loss":0.0,"gold_gain":75.0,"event_name":"World of Goop","player_choice":"Gather Gold","floor":2.0,"gold_loss":0.0,"damage_taken":11.0},{"cards_removed":["Strike_B"],"damage_healed":0.0,"max_hp_gain":0.0,"max_hp_loss":0.0,"gold_gain":0.0,"event_name":"Golden Wing","player_choice":"Card Removal","floor":3.0,"gold_loss":0.0,"damage_taken":7.0},{"damage_healed":0.0,"max_hp_gain":0.0,"max_hp_loss":6.0,"gold_gain":0.0,"event_name":"Golden Idol","player_choice":"Lose Max HP","floor":5.0,"gold_loss":0.0,"damage_taken":0.0,"relics_obtained":["Golden Idol"]},{"damage_healed":0.0,"max_hp_gain":0.0,"max_hp_loss":0.0,"gold_gain":0.0,"event_name":"Forgotten Altar","player_choice":"Gave Idol","floor":19.0,"relics_lost":["Golden Idol"],"gold_loss":0.0,"damage_taken":0.0,"relics_obtained":["Bloody Idol"]},{"damage_healed":0.0,"max_hp_gain":0.0,"max_hp_loss":0.0,"gold_gain":0.0,"event_name":"Accursed Blacksmith","player_choice":"Rummage","floor":21.0,"gold_loss":0.0,"damage_taken":0.0,"relics_obtained":["WarpedTongs"],"cards_obtained":["Pain"]},{"damage_healed":0.0,"max_hp_gain":0.0,"max_hp_loss":0.0,"gold_gain":0.0,"event_name":"Masked Bandits","player_choice":"Fought Bandits","floor":30.0,"gold_loss":0.0,"damage_taken":0.0},{"damage_healed":0.0,"max_hp_gain":0.0,"max_hp_loss":0.0,"gold_gain":0.0,"event_name":"SensoryStone","player_choice":"Memory 3","floor":37.0,"gold_loss":0.0,"damage_taken":10.0},{"damage_healed":0.0,"max_hp_gain":0.0,"max_hp_loss":0.0,"gold_gain":222.0,"event_name":"Tomb of Lord Red Mask","player_choice":"Wore Mask","floor":39.0,"gold_loss":0.0,"damage_taken":0.0},{"damage_healed":0.0,"max_hp_gain":0.0,"max_hp_loss":0.0,"gold_gain":0.0,"event_name":"Mysterious Sphere","player_choice":"Fight","floor":44.0,"gold_loss":0.0,"damage_taken":0.0},{"damage_healed":0.0,"max_hp_gain":0.0,"max_hp_loss":0.0,"gold_gain":0.0,"event_name":"Winding Halls","player_choice":"Embrace Madness","floor":46.0,"gold_loss":0.0,"damage_taken":11.0,"cards_obtained":["Madness","Madness"]}],"is_beta":false,"boss_relics":[{"not_picked":["Inserter","Fusion Hammer"],"picked":"Coffee Dripper"},{"not_picked":["Snecko Eye","Philosopher\u0027s Stone"],"picked":"Tiny House"}],"items_purged_floors":[12,36],"is_endless":false,"potions_floor_spawned":[7,11,16,18,24,25,27,33,35,40,42,45,55],"ascension_level":20}