{"gold_per_floor":[111,111,111,36,36,64,64,76,154,154,174,185,185,203,203,282,282,293,308,308,319,319,319,351,370,445,445,445,370,370,103,103,179,179,192,212,231,106,106,106,206,217,268,278,305,360,388,401,401,401,401,401,401,25,59,59],"floor_reached":57,"playtime":8288,"items_purged":["Defend_B","Doom and Gloom","Doom and Gloom","Defend_B+1"],"score":2935,"play_id":"6140e336-33c7-42ef-a756-acb25c84a90d","local_time":"20190120130608","is_ascension_mode":true,"campfire_choices":[{"data":"Dualcast","floor":7.0,"key":"SMITH"},{"data":"Coolheaded","floor":10.0,"key":"SMITH"},{"floor":13.0,"key":"REST"},{"floor":15.0,"key":"REST"},{"floor":23.0,"key":"REST"},{"floor":28,"key":"RECALL"},{"floor":32,"key":"REST"},{"floor":40,"key":"REST"},{"floor":49,"key":"DIG"},{"floor":53,"key":"DIG"}],"neow_cost":"TEN_PERCENT_HP_LOSS","seed_source_timestamp":5253294064572,"circlet_count":0,"master_deck":["AscendersBane","Zap","Dualcast+1","Genetic Algorithm+1","Coolheaded+1","Glacier","Recycle","White Noise+1","Skim+1","Recycle+1","Rainbow+1","Conserve Battery+1","Hologram+1","Chill+1","Fusion+1","Recycle+1","Redo+1","Rainbow+1","Skim+1","Recycle+1","Gash"],"special_seed":0,"relics":["FrozenCore","Shuriken","Toxic Egg 2","Fusion Hammer","Letter Opener","Anchor","Shovel","Omamori","Smiling Mask","Ice Cream","Mercury Hourglass","Strawberry","Blue Candle","Bag of Preparation","Lantern","Bottled Lightning"],"potions_floor_usage":[24,24,50,50,50,56],"damage_taken":[{"damage":6.0,"enemies":"Jaw Worm","floor":1.0,"turns":4.0},{"damage":13.0,"enemies":"Lagavulin","floor":6.0,"turns":6.0},{"damage":0.0,"enemies":"2 Louse","floor":8.0,"turns":2.0},{"damage":0.0,"enemies":"Small Slimes","floor":11.0,"turns":3.0},{"damage":9.0,"enemies":"Blue Slaver","floor":12.0,"turns":2.0},{"damage":16.0,"enemies":"Lots of Slimes","floor":14.0,"turns":4.0},{"damage":36.0,"enemies":"Slime Boss","floor":16.0,"turns":6.0},{"damage":4.0,"enemies":"2 Thieves","floor":18.0,"turns":5.0},{"damage":0.0,"enemies":"Chosen","floor":19.0,"turns":5.0},{"damage":0.0,"enemies":"3 Cultists","floor":21.0,"turns":4.0},{"damage":0,"enemies":"Book of Stabbing","floor":24,"turns":7},{"damage":12,"enemies":"Snake Plant","floor":25,"turns":4},{"damage":0,"enemies":"Automaton","floor":33,"turns":4},{"damage":0,"enemies":"Orb Walker","floor":35,"turns":5},{"damage":0,"enemies":"3 Shapes","floor":36,"turns":3},{"damage":3,"enemies":"Jaw Worm Horde","floor":37,"turns":4},{"damage":0,"enemies":"Mind Bloom Boss Battle","floor":41,"turns":4},{"damage":3,"enemies":"3 Darklings","floor":42,"turns":3},{"damage":0,"enemies":"Sphere and 2 Shapes","floor":44,"turns":2},{"damage":0,"enemies":"Reptomancer","floor":45,"turns":3},{"damage":17,"enemies":"2 Orb Walkers","floor":46,"turns":3},{"damage":0,"enemies":"Giant Head","floor":47,"turns":2},{"damage":0,"enemies":"Writhing Mass","floor":48,"turns":3},{"damage":44,"enemies":"Time Eater","floor":50,"turns":11},{"damage":4,"enemies":"Awakened One","floor":51,"turns":4},{"damage":0,"enemies":"Shield and Spear","floor":55,"turns":2},{"damage":59,"enemies":"The Heart","floor":56,"turns":7}],"seed_played":"-1020324775536583822","potions_obtained":[{"floor":8.0,"key":"Weak Potion"},{"floor":14.0,"key":"Ancient Potion"},{"floor":16.0,"key":"Block Potion"},{"floor":19.0,"key":"Strength Potion"},{"floor":24,"key":"Fruit Juice"},{"floor":36,"key":"EntropicBrew"},{"floor":47,"key":"Regen Potion"}],"is_trial":false,"path_per_floor":["M","?","?","?","$","E","R","M","T","R","M","M","R","M","R","B",null,"M","M","?","M","?","R","E","M","T","?","R","$","?","$","R","B",null,"M","M","M","$","?","R","?","M","T","M","E","?","E","M","R","B","B",null,"R","$","E","B",null],"character_chosen":"DEFECT","items_purchased":["Anchor","Bag of Preparation","Lantern"],"campfire_rested":5,"item_purchase_floors":[31,54,54],"current_hp_per_floor":[58,58,39,39,39,26,26,26,26,26,26,17,36,20,39,3,49,45,45,45,45,45,64,69,57,57,57,57,57,57,57,69,69,69,69,69,66,66,66,69,69,66,66,66,66,49,49,49,56,67,63,73,73,73,73,14],"gold":59,"neow_bonus":"TRANSFORM_TWO_CARDS","is_prod":false,"is_daily":false,"chose_seed":false,"campfire_upgraded":2,"win_rate":0,"timestamp":1547960768,"path_taken":["M","?","?","?","$","E","R","M","T","R","M","M","R","M","R","BOSS","M","M","?","M","?","R","E","M","T","?","R","?","?","$","R","BOSS","M","M","M","$","?","R","?","M","T","M","E","?","E","M","R","BOSS","BOSS","R","$","E","BOSS"],"build_version":"2019-01-17v2","purchased_purges":4,"victory":true,"max_hp_per_floor":[64,64,64,64,64,64,64,64,64,64,64,64,64,64,64,64,64,64,64,64,64,64,64,69,69,69,69,69,69,69,69,69,69,69,69,69,69,69,69,69,69,69,69,69,69,69,69,69,76,76,76,76,76,76,76,76],"card_choices":[{"not_picked":["Sweeping Beam","Rebound"],"picked":"Coolheaded","floor":1.0},{"not_picked":["Go for the Eyes","Conserve Battery"],"picked":"Glacier","floor":6.0},{"not_picked":["Redo","Steam"],"picked":"Recycle","floor":8.0},{"not_picked":["Rebound","Stack+1"],"picked":"White Noise+1","floor":11.0},{"not_picked":["Steam+1","Blizzard"],"picked":"Skim+1","floor":12.0},{"not_picked":["Self Repair","Cold Snap"],"picked":"Recycle+1","floor":14.0},{"not_picked":["Buffer","Amplify+1"],"picked":"Rainbow+1","floor":16.0},{"not_picked":["Beam Cell","Barrage"],"picked":"Conserve Battery+1","floor":18.0},{"not_picked":["Rebound","Turbo+1"],"picked":"Hologram+1","floor":19.0},{"not_picked":["Sweeping Beam","Storm"],"picked":"Fusion+1","floor":21.0},{"not_picked":["Core Surge","Melter"],"picked":"Recycle+1","floor":24},{"not_picked":["Compile Driver","Reprogram+1","Chaos+1"],"picked":"SKIP","floor":25},{"not_picked":["Echo Form","Core Surge"],"picked":"Rainbow+1","floor":33},{"not_picked":["Sweeping Beam","Tempest+1"],"picked":"Gash+1","floor":35},{"not_picked":["Hologram+1","Streamline"],"picked":"Skim+1","floor":36},{"not_picked":["Leap+1","Beam Cell","Sweeping Beam"],"picked":"SKIP","floor":37},{"not_picked":["Conserve Battery+1","Hologram+1","Aggregate+1"],"picked":"SKIP","floor":42},{"not_picked":["Steam Power+1","Go for the Eyes"],"picked":"Recycle+1","floor":44},{"not_picked":["Rebound","Machine Learning","Genetic Algorithm+1"],"picked":"SKIP","floor":45},{"not_picked":["Beam Cell","Sweeping Beam+1"],"picked":"Gash","floor":47},{"not_picked":["Beam Cell","Scrape","Ball Lightning+1"],"picked":"SKIP","floor":48},{"not_picked":["Compile Driver","White Noise+1","Sweeping Beam"],"picked":"SKIP","floor":55}],"player_experience":2055675,"relics_obtained":[{"floor":6.0,"key":"Shuriken"},{"floor":9.0,"key":"Toxic Egg 2"},{"floor":24,"key":"Letter Opener"},{"floor":41,"key":"Shovel"},{"floor":43,"key":"Omamori"},{"floor":45,"key":"Smiling Mask"},{"floor":46,"key":"Ice Cream"},{"floor":47,"key":"Mercury Hourglass"},{"floor":49,"key":"Strawberry"},{"floor":53,"key":"Blue Candle"},{"floor":55,"key":"Bottled Lightning"}],"event_choices":[{"damage_healed":0.0,"max_hp_gain":0.0,"max_hp_loss":0.0,"gold_gain":0.0,"event_name":"Scrap Ooze","player_choice":"Fled","floor":2.0,"gold_loss":0.0,"damage_taken":0.0},{"damage_healed":0.0,"max_hp_gain":0.0,"max_hp_loss":0.0,"gold_gain":0.0,"event_name":"Shining Light","player_choice":"Entered Light","floor":3.0,"gold_loss":0.0,"damage_taken":19.0,"cards_upgraded":["Defend_B","Genetic Algorithm"]},{"cards_removed":["Strike_B"],"damage_healed":0.0,"max_hp_gain":0.0,"max_hp_loss":0.0,"gold_gain":0.0,"event_name":"The Cleric","player_choice":"Card Removal","floor":4.0,"gold_loss":75.0,"damage_taken":0.0},{"damage_healed":0.0,"max_hp_gain":0.0,"max_hp_loss":0.0,"gold_gain":0.0,"cards_transformed":["Strike_B","Strike_B"],"event_name":"Drug Dealer","player_choice":"Became Test Subject","floor":20.0,"gold_loss":0.0,"damage_taken":0.0,"cards_obtained":["Doom and Gloom","Chill"]},{"damage_healed":0.0,"max_hp_gain":0.0,"max_hp_loss":0.0,"gold_gain":0.0,"event_name":"The Mausoleum","player_choice":"Ignored","floor":22.0,"gold_loss":0.0,"damage_taken":0.0},{"cards_removed":["Defend_B"],"damage_healed":0,"gold_gain":0,"player_choice":"Elegance","damage_taken":0,"max_hp_gain":0,"max_hp_loss":0,"event_name":"Back to Basics","floor":27,"gold_loss":0},{"damage_healed":0,"gold_gain":0,"player_choice":"Read","damage_taken":0,"max_hp_gain":0,"max_hp_loss":0,"event_name":"The Library","floor":30,"gold_loss":0,"cards_obtained":["Redo"]},{"cards_removed":["Gash"],"damage_healed":0,"gold_gain":0,"player_choice":"Removed Attack","damage_taken":0,"max_hp_gain":0,"max_hp_loss":0,"event_name":"Falling","floor":39,"gold_loss":0},{"damage_healed":0,"gold_gain":0,"player_choice":"Fight","damage_taken":0,"max_hp_gain":0,"max_hp_loss":0,"event_name":"MindBloom","floor":41,"gold_loss":0},{"damage_healed":0,"gold_gain":0,"player_choice":"Fight","damage_taken":0,"max_hp_gain":0,"max_hp_loss":0,"event_name":"Mysterious Sphere","floor":46,"gold_loss":0}],"is_beta":false,"boss_relics":[{"not_picked":["White Beast Statue","Tiny House"],"picked":"Fusion Hammer"},{"not_picked":["Sozu","Philosopher\u0027s Stone"],"picked":"FrozenCore"}],"items_purged_floors":[29,31,38,54],"is_endless":false,"potions_floor_spawned":[8,14,16,18,19,21,24,36,44,45,47,48],"ascension_level":20}