{"gold_per_floor":[111,127,143,162,172,201,201,232,532,532],"floor_reached":10,"playtime":294,"items_purged":[],"score":160,"play_id":"8aeeddd4-b045-49ac-b87b-8fadd451bd51","local_time":"20181117122859","is_ascension_mode":true,"campfire_choices":[{"floor":7,"key":"REST"}],"neow_cost":"NONE","seed_source_timestamp":6394258972404,"circlet_count":0,"master_deck":["AscendersBane","Defend_G","Defend_G","Defend_G","Defend_G","Defend_G","Strike_G","Strike_G","Strike_G","Strike_G","Strike_G","Survivor","Neutralize","Well Laid Plans","Dagger Throw","Deadly Poison","Poisoned Stab","Adrenaline","All Out Attack","Catalyst","Calculated Gamble"],"relics":["Ring of the Snake","NeowsBlessing","Dream Catcher","Bronze Scales","Old Coin"],"potions_floor_usage":[8,8,10],"damage_taken":[{"damage":0,"enemies":"Cultist","floor":1,"turns":1},{"damage":0,"enemies":"Small Slimes","floor":2,"turns":1},{"damage":0,"enemies":"Jaw Worm","floor":3,"turns":1},{"damage":15,"enemies":"Large Slime","floor":4,"turns":7},{"damage":6,"enemies":"Looter","floor":5,"turns":3},{"damage":28,"enemies":"Lagavulin","floor":6,"turns":7},{"damage":12,"enemies":"Gremlin Nob","floor":8,"turns":4},{"damage":20,"enemies":"3 Sentries","floor":10,"turns":6}],"seed_played":"-2569512631032903101","potions_obtained":[{"floor":2,"key":"GhostInAJar"},{"floor":3,"key":"LiquidBronze"},{"floor":8,"key":"GamblersBrew"}],"is_trial":false,"path_per_floor":["M","M","M","M","M","E","R","E","T","E"],"character_chosen":"THE_SILENT","items_purchased":[],"campfire_rested":1,"item_purchase_floors":[],"current_hp_per_floor":[59,59,59,44,38,10,29,17,17,0],"gold":532,"neow_bonus":"THREE_ENEMY_KILL","is_prod":false,"is_daily":false,"chose_seed":false,"campfire_upgraded":0,"win_rate":0,"timestamp":1542428939,"path_taken":["M","M","M","?","M","E","R","E","T","E"],"build_version":"2018-11-15","purchased_purges":0,"victory":false,"max_hp_per_floor":[66,66,66,66,66,66,66,66,66,66],"card_choices":[{"not_picked":["Slice","Cloak And Dagger"],"picked":"Well Laid Plans","floor":1},{"not_picked":["Cloak And Dagger","Quick Slash"],"picked":"Dagger Throw","floor":2},{"not_picked":["Cloak And Dagger","Heel Hook"],"picked":"Deadly Poison","floor":3},{"not_picked":["Backflip","Accuracy"],"picked":"Poisoned Stab","floor":4},{"not_picked":["Underhanded Strike","Riddle With Holes"],"picked":"Adrenaline","floor":5},{"not_picked":["Dagger Throw","Acrobatics"],"picked":"All Out Attack","floor":6},{"not_picked":["Dodge and Roll","Blade Dance"],"picked":"Catalyst","floor":7},{"not_picked":["Deadly Poison","Underhanded Strike"],"picked":"Calculated Gamble","floor":8}],"player_experience":1090727,"relics_obtained":[{"floor":6,"key":"Dream Catcher"},{"floor":8,"key":"Bronze Scales"},{"floor":9,"key":"Old Coin"}],"event_choices":[],"is_beta":true,"boss_relics":[],"items_purged_floors":[],"is_endless":false,"potions_floor_spawned":[2,3,8],"killed_by":"3 Sentries","ascension_level":20}