{"gold_per_floor":[119,119,119,44,63,63,63,77,77,77,110,110,110,127,127,201,201,220,236,250,250,32,32,66,66,89,89,89,89,103,116,116,193,193,210,223,123,1122,613,613,631,631,631,642,642,642,673,563,563,563,563,563,563,128,163,163],"floor_reached":56,"playtime":2250,"items_purged":["Defend_R","Writhe","Strike_R","Strike_R"],"score":1807,"play_id":"22df8ee0-8398-406e-b8ce-463494b83f9b","local_time":"20190223152209","is_ascension_mode":true,"campfire_choices":[{"data":"Apotheosis","floor":6.0,"key":"SMITH"},{"floor":10.0,"key":"RECALL"},{"floor":12.0,"key":"REST"},{"data":"Inflame","floor":15.0,"key":"SMITH"},{"floor":23.0,"key":"REST"},{"floor":27.0,"key":"REST"},{"floor":29.0,"key":"REST"},{"floor":32.0,"key":"REST"},{"floor":40.0,"key":"REST"},{"floor":45.0,"key":"REST"},{"floor":49.0,"key":"REST"},{"floor":53,"key":"REST"}],"neow_cost":"TEN_PERCENT_HP_LOSS","seed_source_timestamp":14337663077639,"circlet_count":0,"master_deck":["AscendersBane","Strike_R","Strike_R","Defend_R+1","Bash","Forethought","Apotheosis+1","Perfected Strike","Battle Trance","Uppercut","Inflame+1","Bloodletting+1","Offering+1","Seeing Red+1","Power Through+1","True Grit+1","Entrench+1","Dual Wield+1","Burning Pact+1","Reaper+1","Flex+1","Warcry+1","Master of Strategy+1","Jack Of All Trades+1","Madness+1","Sword Boomerang+1","Dark Embrace"],"special_seed":0,"relics":["Burning Blood","Toxic Egg 2","Blood Vial","Fusion Hammer","Omamori","TheAbacus","Molten Egg 2","Anchor","Nilry\u0027s Codex","Sozu","Brimstone","Bronze Scales","Gremlin Horn","Sundial"],"potions_floor_usage":[51],"damage_taken":[{"damage":15.0,"enemies":"Small Slimes","floor":1.0,"turns":6.0},{"damage":6.0,"enemies":"Cultist","floor":5.0,"turns":3.0},{"damage":7.0,"enemies":"Jaw Worm","floor":8.0,"turns":3.0},{"damage":40.0,"enemies":"3 Sentries","floor":11.0,"turns":7.0},{"damage":0.0,"enemies":"Large Slime","floor":14.0,"turns":4.0},{"damage":57.0,"enemies":"The Guardian","floor":16.0,"turns":7.0},{"damage":9.0,"enemies":"Chosen","floor":18.0,"turns":2.0},{"damage":33.0,"enemies":"Shell Parasite","floor":19.0,"turns":4.0},{"damage":6.0,"enemies":"Snake Plant","floor":20.0,"turns":2.0},{"damage":37.0,"enemies":"Book of Stabbing","floor":24.0,"turns":5.0},{"damage":8.0,"enemies":"Centurion and Healer","floor":30.0,"turns":6.0},{"damage":18.0,"enemies":"3 Cultists","floor":31.0,"turns":4.0},{"damage":65.0,"enemies":"Automaton","floor":33.0,"turns":10.0},{"damage":6.0,"enemies":"3 Shapes","floor":35.0,"turns":4.0},{"damage":31.0,"enemies":"3 Darklings","floor":36.0,"turns":7.0},{"damage":34.0,"enemies":"Sphere and 2 Shapes","floor":41.0,"turns":4.0},{"damage":66.0,"enemies":"Jaw Worm Horde","floor":44.0,"turns":4.0},{"damage":75.0,"enemies":"Nemesis","floor":47.0,"turns":5.0},{"damage":64.0,"enemies":"Awakened One","floor":50.0,"turns":6.0},{"damage":78,"enemies":"Donu and Deca","floor":51,"turns":7},{"damage":52,"enemies":"Shield and Spear","floor":55,"turns":5},{"damage":73,"enemies":"The Heart","floor":56,"turns":3}],"seed_played":"5290601404906525453","potions_obtained":[{"floor":5.0,"key":"Poison Potion"},{"floor":14.0,"key":"Regen Potion"},{"floor":24.0,"key":"Block Potion"},{"floor":33.0,"key":"Dexterity Potion"}],"is_trial":false,"path_per_floor":["M","?","?","$","M","R","?","M","T","R","E","R","?","M","R","B",null,"M","M","M","?","$","R","E","$","T","R","?","R","M","M","R","B",null,"M","M","$","?","$","R","M","?","T","M","R","?","E","?","R","B","B",null,"R","$","E","B"],"character_chosen":"IRONCLAD","items_purchased":["TheAbacus","Brimstone","Bronze Scales","Sundial"],"campfire_rested":9,"item_purchase_floors":[22,39,39,54],"current_hp_per_floor":[59,64,64,64,64,64,64,63,63,63,29,50,50,58,58,9,57,56,43,45,45,45,66,37,37,37,58,37,58,58,48,69,12,58,73,73,73,73,73,73,59,59,59,46,67,57,37,37,58,73,40,65,73,73,73,12],"gold":163,"neow_bonus":"RANDOM_COLORLESS_2","is_prod":false,"is_daily":false,"chose_seed":false,"campfire_upgraded":2,"win_rate":0,"timestamp":1550906529,"path_taken":["M","?","?","$","?","R","?","M","T","R","E","R","?","M","R","BOSS","M","M","M","?","$","R","E","$","T","R","?","R","M","M","R","BOSS","M","M","$","?","$","R","M","?","T","M","R","?","E","?","R","BOSS","BOSS","R","$","E","BOSS"],"build_version":"2019-01-23","purchased_purges":4,"victory":false,"max_hp_per_floor":[68,73,73,73,73,73,73,73,73,73,73,73,73,73,73,73,73,73,73,73,73,73,73,73,73,73,73,73,73,73,73,73,73,73,73,73,73,73,73,73,73,73,73,73,73,73,73,73,73,73,73,73,73,73,73,73],"card_choices":[{"not_picked":["Body Slam","Clash"],"picked":"Perfected Strike","floor":1.0},{"not_picked":["Feel No Pain","Headbutt","Anger"],"picked":"SKIP","floor":5.0},{"not_picked":["Intimidate","True Grit"],"picked":"Battle Trance","floor":8.0},{"not_picked":["Twin Strike","Havoc+1"],"picked":"Uppercut","floor":11.0},{"not_picked":["Pommel Strike","Twin Strike"],"picked":"Bloodletting+1","floor":14.0},{"not_picked":["Exhume+1","Brutality"],"picked":"Offering+1","floor":16.0},{"not_picked":["Rampage","Entrench+1"],"picked":"Seeing Red+1","floor":18.0},{"not_picked":["Heavy Blade","Body Slam"],"picked":"Power Through+1","floor":19.0},{"not_picked":["Iron Wave","Headbutt"],"picked":"True Grit+1","floor":20.0},{"not_picked":["Body Slam","Cleave"],"picked":"Entrench+1","floor":24.0},{"not_picked":["Bloodletting+1","Headbutt+1"],"picked":"Dual Wield+1","floor":30.0},{"not_picked":["Sword Boomerang+1","Dual Wield+1"],"picked":"Burning Pact+1","floor":31.0},{"not_picked":["Brutality","Offering+1"],"picked":"Reaper+1","floor":33.0},{"not_picked":["Body Slam+1","Clothesline+1","Corruption+1"],"picked":"SKIP","floor":35.0},{"not_picked":["Havoc+1","Combust","Clash+1"],"picked":"SKIP","floor":36.0},{"not_picked":["Body Slam+1","True Grit+1"],"picked":"Flex+1","floor":41.0},{"not_picked":["Wild Strike+1","Heavy Blade+1"],"picked":"Warcry+1","floor":44.0},{"not_picked":["Mayhem","Metamorphosis+1"],"picked":"Master of Strategy+1","floor":46.0},{"not_picked":["Panache","PanicButton+1"],"picked":"Jack Of All Trades+1","floor":46.0},{"not_picked":["Dark Shackles+1","Secret Weapon+1"],"picked":"Madness+1","floor":46.0},{"not_picked":["Clash+1","Anger+1"],"picked":"Sword Boomerang+1","floor":47.0},{"not_picked":["Iron Wave+1","Thunderclap+1"],"picked":"Dark Embrace","floor":55}],"player_experience":3075269,"relics_obtained":[{"floor":9.0,"key":"Toxic Egg 2"},{"floor":11.0,"key":"Blood Vial"},{"floor":24.0,"key":"Molten Egg 2"},{"floor":26.0,"key":"Anchor"},{"floor":28.0,"key":"Nilry\u0027s Codex"},{"floor":47.0,"key":"Gremlin Horn"}],"event_choices":[{"damage_healed":0.0,"max_hp_gain":5.0,"max_hp_loss":0.0,"gold_gain":0.0,"event_name":"Big Fish","player_choice":"Donut","floor":2.0,"gold_loss":0.0,"damage_taken":0.0},{"cards_removed":["Defend_R"],"damage_healed":0.0,"max_hp_gain":0.0,"max_hp_loss":0.0,"gold_gain":0.0,"event_name":"Purifier","player_choice":"Purged","floor":3.0,"gold_loss":0.0,"damage_taken":0.0},{"damage_healed":0.0,"max_hp_gain":0.0,"max_hp_loss":0.0,"gold_gain":0.0,"event_name":"Liars Game","player_choice":"Ignored","floor":7.0,"gold_loss":0.0,"damage_taken":0.0},{"damage_healed":0.0,"max_hp_gain":0.0,"max_hp_loss":0.0,"gold_gain":0.0,"cards_transformed":["Defend_R"],"event_name":"Living Wall","player_choice":"Change","floor":13.0,"gold_loss":0.0,"damage_taken":0.0,"cards_obtained":["Inflame"]},{"damage_healed":0.0,"max_hp_gain":0.0,"max_hp_loss":0.0,"gold_gain":0.0,"event_name":"The Mausoleum","player_choice":"Opened","floor":21.0,"gold_loss":0.0,"damage_taken":0.0,"relics_obtained":["Omamori"],"cards_obtained":["Writhe"]},{"damage_healed":0.0,"max_hp_gain":0.0,"max_hp_loss":0.0,"gold_gain":0.0,"event_name":"Cursed Tome","player_choice":"Obtained Book","floor":28.0,"gold_loss":0.0,"damage_taken":21.0},{"damage_healed":0.0,"max_hp_gain":0.0,"max_hp_loss":0.0,"gold_gain":999.0,"event_name":"MindBloom","player_choice":"Gold","floor":38.0,"gold_loss":0.0,"damage_taken":0.0,"cards_obtained":["Normality","Normality"]},{"damage_healed":0.0,"max_hp_gain":0.0,"max_hp_loss":0.0,"gold_gain":0.0,"event_name":"Tomb of Lord Red Mask","player_choice":"Ignored","floor":42.0,"gold_loss":0.0,"damage_taken":0.0},{"damage_healed":0.0,"max_hp_gain":0.0,"max_hp_loss":0.0,"gold_gain":0.0,"event_name":"SensoryStone","player_choice":"Memory 3","floor":46.0,"gold_loss":0.0,"damage_taken":10.0},{"cards_removed":["Strike_R"],"damage_healed":0.0,"max_hp_gain":0.0,"max_hp_loss":0.0,"gold_gain":0.0,"event_name":"Designer","player_choice":"Upgrade and Remove","floor":48.0,"gold_loss":110.0,"damage_taken":0.0,"cards_upgraded":["Defend_R"]}],"is_beta":false,"boss_relics":[{"not_picked":["Velvet Choker","Calling Bell"],"picked":"Fusion Hammer"},{"not_picked":["Runic Cube","Eternal Feather"],"picked":"Sozu"}],"items_purged_floors":[4,37,39,54],"is_endless":false,"potions_floor_spawned":[5,14,16,24,33,35,36,41,44],"killed_by":"The Heart","ascension_level":20}