{"gold_per_floor":[116,116,9,9,29,29,40,54,79,79,91,125,125,160,160,234,234,252,131,131,144,162,162,172,190,190,190,190,202,202,215,215,215],"floor_reached":33,"playtime":962,"items_purged":["Strike_G"],"score":492,"play_id":"14f6f0e2-2845-4106-ab26-9e1b60552284","local_time":"20181013133534","is_ascension_mode":true,"campfire_choices":[{"data":"Catalyst","floor":6,"key":"SMITH"},{"data":"Deadly Poison","floor":10,"key":"SMITH"},{"data":"Bouncing Flask","floor":13,"key":"SMITH"},{"data":"Neutralize","floor":15,"key":"SMITH"},{"floor":23,"key":"REST"},{"floor":28,"key":"REST"},{"floor":30,"key":"REST"},{"data":"Noxious Fumes","floor":32,"key":"SMITH"}],"neow_cost":"TEN_PERCENT_HP_LOSS","seed_source_timestamp":16282868581047,"circlet_count":0,"master_deck":["Defend_G","Defend_G","Defend_G","Defend_G","Defend_G","Strike_G","Strike_G","Strike_G","Strike_G","Survivor","Neutralize+1","AscendersBane","Infinite Blades","Catalyst+1","Deadly Poison+1","Bouncing Flask+1","Crippling Poison+1","Noxious Fumes+1","Acrobatics+1","Decay"],"relics":["Ring of the Snake","Incense Burner","Vajra","Blood Vial","Toxic Egg 2","Busted Crown","Darkstone Periapt"],"potions_floor_usage":[12,20,22,22,31],"damage_taken":[{"damage":0,"enemies":"2 Louse","floor":1,"turns":3},{"damage":1,"enemies":"Small Slimes","floor":5,"turns":4},{"damage":0,"enemies":"Jaw Worm","floor":7,"turns":3},{"damage":0,"enemies":"Exordium Wildlife","floor":8,"turns":6},{"damage":4,"enemies":"Blue Slaver","floor":11,"turns":3},{"damage":3,"enemies":"Gremlin Nob","floor":12,"turns":3},{"damage":6,"enemies":"3 Sentries","floor":14,"turns":9},{"damage":44,"enemies":"Slime Boss","floor":16,"turns":9},{"damage":0,"enemies":"3 Byrds","floor":18,"turns":3},{"damage":18,"enemies":"Colosseum Slavers","floor":20,"turns":3},{"damage":16,"enemies":"Shell Parasite","floor":21,"turns":3},{"damage":9,"enemies":"3 Cultists","floor":22,"turns":5},{"damage":0,"enemies":"Snake Plant","floor":24,"turns":3},{"damage":20,"enemies":"Shelled Parasite and Fungi","floor":25,"turns":4},{"damage":12,"enemies":"Snecko","floor":29,"turns":4},{"damage":18,"enemies":"Snake Plant","floor":31,"turns":3},{"damage":43,"enemies":"Automaton","floor":33,"turns":6}],"seed_played":"4716233184516667585","potions_obtained":[{"floor":1,"key":"SteroidPotion"},{"floor":7,"key":"Dexterity Potion"},{"floor":14,"key":"SneckoOil"},{"floor":21,"key":"Poison Potion"},{"floor":22,"key":"Ancient Potion"},{"floor":29,"key":"LiquidBronze"}],"is_trial":false,"path_per_floor":["M","?","$","?","M","R","M","M","T","R","M","E","R","E","R","B",null,"M","$","?","M","M","R","M","M","T","?","R","M","R","M","R"],"character_chosen":"THE_SILENT","items_purchased":["Catalyst","Deadly Poison","Noxious Fumes"],"campfire_rested":3,"item_purchase_floors":[3,3,19],"current_hp_per_floor":[59,64,64,64,63,63,63,63,63,63,59,56,56,52,52,10,51,53,53,37,23,16,35,37,19,19,25,46,36,57,41,41,0],"gold":215,"neow_bonus":"ONE_RARE_RELIC","is_prod":false,"is_daily":false,"chose_seed":false,"campfire_upgraded":5,"win_rate":0,"timestamp":1539408934,"path_taken":["M","?","$","?","M","R","M","M","T","R","M","E","R","E","R","BOSS","M","$","?","M","?","R","M","M","T","?","R","M","R","M","R","BOSS"],"build_version":"2018-10-11","purchased_purges":1,"victory":false,"max_hp_per_floor":[60,65,65,65,65,65,65,65,65,65,65,65,65,65,65,65,65,65,65,65,65,65,65,65,65,65,71,71,71,71,71,71,71],"card_choices":[{"not_picked":["Eviscerate","Expertise"],"picked":"Infinite Blades","floor":1},{"not_picked":["Distraction","Underhanded Strike"],"picked":"Bouncing Flask","floor":5},{"not_picked":["Eviscerate","Poisoned Stab","Dagger Throw"],"picked":"SKIP","floor":7},{"not_picked":["Sucker Punch","Outmaneuver","Dagger Spray"],"picked":"SKIP","floor":8},{"not_picked":["Predator","Unload","Dodge and Roll"],"picked":"SKIP","floor":11},{"not_picked":["Slice","Sucker Punch","Cloak And Dagger"],"picked":"SKIP","floor":12},{"not_picked":["Flying Knee","Blade Dance"],"picked":"Crippling Poison","floor":14},{"not_picked":["Outmaneuver+1"],"picked":"SKIP","floor":18},{"not_picked":["Bane"],"picked":"SKIP","floor":21},{"not_picked":[],"picked":"Acrobatics+1","floor":22},{"not_picked":["Underhanded Strike"],"picked":"SKIP","floor":24},{"not_picked":["Finisher"],"picked":"SKIP","floor":25},{"not_picked":["Poisoned Stab"],"picked":"SKIP","floor":29},{"not_picked":["Outmaneuver+1"],"picked":"SKIP","floor":31}],"player_experience":155514,"relics_obtained":[{"floor":9,"key":"Vajra"},{"floor":12,"key":"Blood Vial"},{"floor":14,"key":"Toxic Egg 2"},{"floor":26,"key":"Darkstone Periapt"}],"event_choices":[{"event_name":"Big Fish","player_choice":"Donut","floor":2,"damage_taken":0},{"event_name":"Scrap Ooze","player_choice":"unsuccessful","floor":4,"damage_taken":0},{"event_name":"Colosseum","player_choice":"Fight","floor":20,"damage_taken":0},{"event_name":"Colosseum","player_choice":"Fled From Nobs","floor":20,"damage_taken":0},{"event_name":"Forgotten Altar","player_choice":"Smashed Altar","floor":27,"damage_taken":0}],"is_beta":false,"boss_relics":[{"not_picked":["Lizard Tail","Ectoplasm"],"picked":"Busted Crown"}],"items_purged_floors":[19],"is_endless":false,"potions_floor_spawned":[1,7,14,20,21,22,29],"killed_by":"Automaton","ascension_level":18}