{"gold_per_floor":[119,132,146,221,64,64,77,77,77,77,27,27,27,48,48,172,172,142,42,42,42,42,42,42,42,42,42,42,42,42,42,42,42,42,42,42,42,42,42,42,0,0,0,0,0,0,0,0,0,0],"floor_reached":51,"playtime":1079,"items_purged":["Strike_R","Strike_R"],"score":858,"play_id":"9f74dcb3-8f41-450c-bd56-ca798aac0855","local_time":"20190630141443","is_ascension_mode":false,"campfire_choices":[{"data":"Searing Blow","floor":6.0,"key":"SMITH"},{"data":"Searing Blow+1","floor":8.0,"key":"SMITH"},{"data":"Searing Blow+2","floor":15.0,"key":"SMITH"},{"data":"Searing Blow+3","floor":23,"key":"SMITH"},{"data":"Searing Blow+4","floor":25,"key":"SMITH"},{"data":"Searing Blow+5","floor":29,"key":"SMITH"},{"data":"Searing Blow+6","floor":32,"key":"SMITH"},{"data":"Searing Blow+8","floor":40,"key":"SMITH"},{"data":"Searing Blow+9","floor":44,"key":"SMITH"},{"data":"Searing Blow+10","floor":47,"key":"SMITH"},{"data":"Searing Blow+11","floor":49,"key":"SMITH"}],"neow_cost":"NONE","seed_source_timestamp":7275175959864,"circlet_count":0,"master_deck":["Defend_R+1","Defend_R+1","Defend_R+1","Flame Barrier+1","Searing Blow+12","Evolve+1","Burning Pact+1","Armaments+1","Impervious+1","Battle Trance+1","Fiend Fire+1"],"special_seed":0,"relics":["Burning Blood","Gremlin Horn","Golden Idol","Ectoplasm","Molten Egg 2","Bottled Flame","Frozen Egg 2","Enchiridion","Empty Cage","Mark of the Bloom","Red Mask","Bronze Scales"],"potions_floor_usage":[18,24,50],"damage_taken":[{"damage":2.0,"enemies":"2 Louse","floor":1.0,"turns":3.0},{"damage":0.0,"enemies":"Small Slimes","floor":2.0,"turns":3.0},{"damage":1.0,"enemies":"Jaw Worm","floor":3.0,"turns":5.0},{"damage":4.0,"enemies":"Blue Slaver","floor":7.0,"turns":5.0},{"damage":6.0,"enemies":"Exordium Wildlife","floor":14.0,"turns":5.0},{"damage":32.0,"enemies":"Slime Boss","floor":16.0,"turns":10.0},{"damage":0,"enemies":"2 Thieves","floor":18,"turns":3},{"damage":0,"enemies":"Chosen","floor":20,"turns":3},{"damage":0,"enemies":"Snake Plant","floor":22,"turns":5},{"damage":0,"enemies":"Slavers","floor":24,"turns":4},{"damage":0,"enemies":"Sentry and Sphere","floor":31,"turns":3},{"damage":33,"enemies":"Champ","floor":33,"turns":6},{"damage":0,"enemies":"3 Shapes","floor":35,"turns":3},{"damage":4,"enemies":"3 Darklings","floor":36,"turns":4},{"damage":0,"enemies":"Spire Growth","floor":37,"turns":3},{"damage":0,"enemies":"Writhing Mass","floor":39,"turns":4},{"damage":0,"enemies":"Nemesis","floor":46,"turns":3},{"damage":0,"enemies":"Sphere and 2 Shapes","floor":48,"turns":2},{"damage":8,"enemies":"Donu and Deca","floor":50,"turns":5}],"seed_played":"-3243391308591222464","potions_obtained":[{"floor":3.0,"key":"FearPotion"},{"floor":14.0,"key":"AttackPotion"},{"floor":31,"key":"AttackPotion"},{"floor":36,"key":"Fire Potion"},{"floor":46,"key":"Dexterity Potion"}],"is_trial":false,"path_per_floor":["M","M","M","?","$","R","M","R","T","?","?","?","?","M","R","B",null,"M","$","M","?","M","R","E","R","T","T","$","R","?","M","R","B",null,"M","M","M","?","M","R","?","$","T","R","$","E","R","M","R","B",null],"character_chosen":"IRONCLAD","items_purchased":["Evolve"],"campfire_rested":0,"item_purchase_floors":[5],"current_hp_per_floor":[80,80,80,69,69,69,71,71,71,55,55,48,48,48,48,22,74,74,74,74,74,74,74,74,74,74,74,74,74,58,64,64,37,74,74,74,74,74,74,74,74,74,74,74,74,74,74,74,74,66],"gold":0,"neow_bonus":"REMOVE_CARD","is_prod":false,"is_daily":false,"chose_seed":false,"campfire_upgraded":11,"win_rate":0,"timestamp":1561875283,"path_taken":["M","M","M","?","$","R","M","R","T","?","?","?","?","M","R","BOSS","M","$","M","?","M","R","E","R","T","?","$","R","?","?","R","BOSS","M","M","M","?","M","R","?","$","T","R","?","E","R","?","R","BOSS"],"build_version":"2019-01-23","purchased_purges":2,"victory":true,"max_hp_per_floor":[80,80,80,80,80,80,80,80,80,80,80,80,74,74,74,74,74,74,74,74,74,74,74,74,74,74,74,74,74,74,74,74,74,74,74,74,74,74,74,74,74,74,74,74,74,74,74,74,74,74],"card_choices":[{"not_picked":["Havoc","Sword Boomerang"],"picked":"Flame Barrier","floor":1.0},{"not_picked":["Infernal Blade","Sword Boomerang"],"picked":"Searing Blow","floor":2.0},{"not_picked":["Flame Barrier","Dropkick","True Grit"],"picked":"SKIP","floor":3.0},{"not_picked":["Disarm","Clash"],"picked":"Burning Pact","floor":7.0},{"not_picked":["Rage","Heavy Blade"],"picked":"Armaments","floor":14.0},{"not_picked":["Barricade","Reaper"],"picked":"Impervious","floor":16.0},{"not_picked":["Dual Wield","Pommel Strike+1"],"picked":"Battle Trance","floor":18},{"not_picked":["Clash","Whirlwind","Pummel"],"picked":"SKIP","floor":20},{"not_picked":["Body Slam+1","Rage","Feel No Pain+1"],"picked":"SKIP","floor":22},{"not_picked":["Twin Strike+1","Clothesline","Searing Blow"],"picked":"SKIP","floor":24},{"not_picked":["Berserk+1","Spot Weakness","Perfected Strike+1"],"picked":"SKIP","floor":31},{"not_picked":["Berserk+1","Brutality+1"],"picked":"Fiend Fire+1","floor":33},{"not_picked":["Pummel+1","Cleave+1","Corruption+1"],"picked":"SKIP","floor":35},{"not_picked":["Searing Blow+1","Power Through","Spot Weakness"],"picked":"SKIP","floor":36},{"not_picked":["Clothesline+1","Wild Strike+1","Battle Trance+1"],"picked":"SKIP","floor":37},{"not_picked":["Battle Trance+1","Pummel+1","Body Slam+1"],"picked":"SKIP","floor":39},{"not_picked":["Sever Soul+1","Flame Barrier","Clash+1"],"picked":"SKIP","floor":46},{"not_picked":["Sever Soul+1","Burning Pact","True Grit"],"picked":"SKIP","floor":48}],"player_experience":5592686,"relics_obtained":[{"floor":9.0,"key":"Gremlin Horn"},{"floor":24,"key":"Molten Egg 2"},{"floor":26,"key":"Bottled Flame"},{"floor":27,"key":"Frozen Egg 2"},{"floor":30,"key":"Enchiridion"},{"floor":43,"key":"Bronze Scales"}],"event_choices":[{"damage_healed":0.0,"max_hp_gain":0.0,"max_hp_loss":0.0,"gold_gain":75.0,"event_name":"World of Goop","player_choice":"Gather Gold","floor":4.0,"gold_loss":0.0,"damage_taken":11.0},{"damage_healed":0.0,"max_hp_gain":0.0,"max_hp_loss":0.0,"gold_gain":0.0,"event_name":"Shining Light","player_choice":"Entered Light","floor":10.0,"gold_loss":0.0,"damage_taken":16.0,"cards_upgraded":["Defend_R","Defend_R"]},{"cards_removed":["Strike_R"],"damage_healed":0.0,"max_hp_gain":0.0,"max_hp_loss":0.0,"gold_gain":0.0,"event_name":"The Cleric","player_choice":"Card Removal","floor":11.0,"gold_loss":50.0,"damage_taken":0.0},{"cards_removed":["Strike_R"],"damage_healed":0.0,"max_hp_gain":0.0,"max_hp_loss":0.0,"gold_gain":0.0,"event_name":"Golden Wing","player_choice":"Card Removal","floor":12.0,"gold_loss":0.0,"damage_taken":7.0},{"damage_healed":0.0,"max_hp_gain":0.0,"max_hp_loss":6.0,"gold_gain":0.0,"event_name":"Golden Idol","player_choice":"Lose Max HP","floor":13.0,"gold_loss":0.0,"damage_taken":0.0,"relics_obtained":["Golden Idol"]},{"damage_healed":0,"gold_gain":99,"player_choice":"Stole From Cult","damage_taken":0,"max_hp_gain":0,"max_hp_loss":0,"event_name":"Nest","floor":21,"gold_loss":0},{"damage_healed":0,"gold_gain":0,"player_choice":"Obtained Book","damage_taken":16,"max_hp_gain":0,"max_hp_loss":0,"event_name":"Cursed Tome","floor":30,"gold_loss":0},{"damage_healed":0,"gold_gain":0,"player_choice":"Upgrade","damage_taken":0,"relics_obtained":["Mark of the Bloom"],"max_hp_gain":0,"max_hp_loss":0,"event_name":"MindBloom","floor":38,"gold_loss":0,"cards_upgraded":["Defend_R","Flame Barrier","Searing Blow","Evolve","Burning Pact","Armaments","Impervious","Battle Trance"]},{"damage_healed":0,"gold_gain":0,"player_choice":"Paid","damage_taken":0,"relics_obtained":["Red Mask"],"max_hp_gain":0,"max_hp_loss":0,"event_name":"Tomb of Lord Red Mask","floor":41,"gold_loss":42}],"is_beta":false,"boss_relics":[{"not_picked":["Astrolabe","Pandora\u0027s Box"],"picked":"Ectoplasm"},{"not_picked":["Busted Crown","Fusion Hammer"],"picked":"Empty Cage"}],"items_purged_floors":[5,19],"is_endless":false,"potions_floor_spawned":[3,14,31,36,46,48],"ascension_level":0}