{"gold_per_floor":[12,23,33,46,60,60,76,76,76,104,104,21,21,41,41,41],"floor_reached":16,"playtime":423,"items_purged":[],"score":208,"play_id":"3266c4bf-df75-4464-845f-854e2ead6999","local_time":"20190808101407","is_ascension_mode":true,"campfire_choices":[{"data":"Flechettes","floor":6.0,"key":"SMITH"},{"data":"Tactician","floor":11.0,"key":"SMITH"},{"data":"Reflex","floor":13.0,"key":"SMITH"},{"data":"Calculated Gamble","floor":15.0,"key":"SMITH"}],"neow_cost":"NO_GOLD","seed_source_timestamp":165279046284096,"circlet_count":0,"master_deck":["AscendersBane","Strike_G","Strike_G+1","Strike_G+1","Strike_G","Strike_G","Defend_G","Defend_G","Defend_G","Defend_G","Defend_G","Survivor","Neutralize","Flechettes+1","Calculated Gamble+1","Tactician+1","Reflex+1"],"special_seed":0,"relics":["Ring of the Snake","Gambling Chip","Whetstone","Peace Pipe"],"potions_floor_usage":[16],"damage_taken":[{"damage":1.0,"enemies":"Jaw Worm","floor":1.0,"turns":5.0},{"damage":2.0,"enemies":"2 Louse","floor":2.0,"turns":3.0},{"damage":0.0,"enemies":"Cultist","floor":3.0,"turns":3.0},{"damage":3.0,"enemies":"Red Slaver","floor":4.0,"turns":5.0},{"damage":11.0,"enemies":"Gremlin Gang","floor":5.0,"turns":6.0},{"damage":1.0,"enemies":"Looter","floor":7.0,"turns":3.0},{"damage":15.0,"enemies":"3 Sentries","floor":10.0,"turns":9.0},{"damage":0.0,"enemies":"Exordium Wildlife","floor":14.0,"turns":2.0},{"damage":17,"enemies":"Hexaghost","floor":16,"turns":9}],"seed_played":"-4610114215456538537","potions_obtained":[{"floor":2.0,"key":"AttackPotion"},{"floor":4.0,"key":"SkillPotion"},{"floor":5.0,"key":"GamblersBrew"}],"is_trial":false,"path_per_floor":["M","M","M","M","M","R","M","?","T","E","R","$","R","M","R","B"],"character_chosen":"THE_SILENT","items_purchased":["Reflex"],"campfire_rested":0,"item_purchase_floors":[12],"current_hp_per_floor":[58,56,56,53,42,42,41,46,46,31,31,31,31,31,31,14],"gold":41,"neow_bonus":"ONE_RARE_RELIC","is_prod":false,"is_daily":false,"chose_seed":false,"campfire_upgraded":4,"win_rate":0,"timestamp":1565226847,"path_taken":["M","M","M","M","M","R","M","?","T","E","R","$","R","M","R","BOSS"],"build_version":"2019-07-17","purchased_purges":0,"victory":false,"max_hp_per_floor":[66,66,66,66,66,66,66,71,71,71,71,71,71,71,71,71],"card_choices":[{"not_picked":["Quick Slash","Sucker Punch","Prepared"],"picked":"SKIP","floor":1.0},{"not_picked":["Riddle With Holes","Blur"],"picked":"Flechettes","floor":2.0},{"not_picked":["Dash","PiercingWail"],"picked":"Calculated Gamble","floor":3.0},{"not_picked":["Bane","Prepared"],"picked":"Tactician","floor":4.0},{"not_picked":["Deflect","Dodge and Roll","Flying Knee"],"picked":"SKIP","floor":5.0},{"not_picked":["Dagger Throw","Sucker Punch","Outmaneuver"],"picked":"SKIP","floor":7.0},{"not_picked":["Setup","Dash","Quick Slash"],"picked":"SKIP","floor":10.0},{"not_picked":["Dagger Throw","Cloak And Dagger","Setup"],"picked":"SKIP","floor":14.0}],"player_experience":813811,"relics_obtained":[{"floor":9.0,"key":"Whetstone"},{"floor":10.0,"key":"Peace Pipe"}],"event_choices":[{"damage_healed":0.0,"max_hp_gain":5.0,"max_hp_loss":0.0,"gold_gain":0.0,"event_name":"Big Fish","player_choice":"Donut","floor":8.0,"gold_loss":0.0,"damage_taken":0.0}],"is_beta":false,"boss_relics":[],"items_purged_floors":[],"is_endless":false,"potions_floor_spawned":[2,4,5],"killed_by":"Hexaghost","ascension_level":20}