{"gold_per_floor":[112,112,130,51,64,64,98,98,98,98,173,59,59,77,77,154,154,169,169,169,188,31,31,63,63,113,113,38,38],"floor_reached":29,"playtime":754,"items_purged":["Strike_R","Decay"],"score":474,"play_id":"7869ccaf-92e7-44a2-b556-c6d52283e213","local_time":"20190801030436","is_ascension_mode":true,"campfire_choices":[{"data":"Searing Blow","floor":6.0,"key":"SMITH"},{"data":"Searing Blow+1","floor":10.0,"key":"SMITH"},{"data":"Searing Blow+2","floor":13.0,"key":"SMITH"},{"data":"Searing Blow+3","floor":15.0,"key":"SMITH"},{"data":"Searing Blow+4","floor":23.0,"key":"SMITH"},{"data":"Armaments","floor":25,"key":"SMITH"},{"data":"Searing Blow+5","floor":27,"key":"SMITH"}],"neow_cost":"NONE","seed_source_timestamp":290429459319156,"circlet_count":0,"master_deck":["AscendersBane","Strike_R","Defend_R","Defend_R","Defend_R","Defend_R","Bash","Evolve","Searing Blow+6","Armaments+1","Power Through","Impervious"],"special_seed":0,"relics":["Busted Crown","Kunai","Matryoshka","Coffee Dripper","Anchor","Mercury Hourglass","Centennial Puzzle"],"potions_floor_usage":[],"damage_taken":[{"damage":9.0,"enemies":"Jaw Worm","floor":1.0,"turns":4.0},{"damage":0.0,"enemies":"Small Slimes","floor":3.0,"turns":4.0},{"damage":7.0,"enemies":"Cultist","floor":5.0,"turns":4.0},{"damage":19.0,"enemies":"Lagavulin","floor":7.0,"turns":7.0},{"damage":6.0,"enemies":"Large Slime","floor":14.0,"turns":4.0},{"damage":18.0,"enemies":"Slime Boss","floor":16.0,"turns":6.0},{"damage":10.0,"enemies":"Chosen","floor":18.0,"turns":7.0},{"damage":14.0,"enemies":"3 Byrds","floor":21.0,"turns":6.0},{"damage":30.0,"enemies":"Slavers","floor":24.0,"turns":9.0},{"damage":9,"enemies":"Gremlin Leader","floor":29,"turns":2}],"seed_played":"6279005733460216414","potions_obtained":[{"floor":1.0,"key":"Energy Potion"},{"floor":7.0,"key":"Regen Potion"},{"floor":16.0,"key":"Poison Potion"}],"is_trial":false,"path_per_floor":["M","?","M","$","M","R","E","?","T","R","?","$","R","M","R","B",null,"M","?","?","M","$","R","E","R","T","R","?","E"],"character_chosen":"IRONCLAD","items_purchased":["Searing Blow","Power Through","Weak Potion"],"campfire_rested":0,"item_purchase_floors":[4,12,22],"current_hp_per_floor":[59,59,59,59,52,52,33,26,26,26,15,15,15,21,21,3,57,47,47,47,33,33,33,3,3,3,3,3,0],"gold":38,"neow_bonus":"BOSS_RELIC","is_prod":false,"is_daily":false,"chose_seed":false,"campfire_upgraded":7,"win_rate":0,"timestamp":1564596276,"path_taken":["M","?","M","$","M","R","E","?","T","R","?","$","R","M","R","BOSS","M","?","?","?","$","R","E","R","T","R","?","E"],"build_version":"2019-07-17","purchased_purges":2,"victory":false,"max_hp_per_floor":[75,75,75,75,75,75,75,75,75,75,75,75,75,75,75,75,75,75,75,75,75,75,75,75,75,75,75,75,75],"card_choices":[{"not_picked":[],"picked":"Evolve","floor":1.0},{"not_picked":["Twin Strike"],"picked":"SKIP","floor":3.0},{"not_picked":[],"picked":"Armaments","floor":5.0},{"not_picked":["Warcry"],"picked":"SKIP","floor":7.0},{"not_picked":["Thunderclap"],"picked":"SKIP","floor":14.0},{"not_picked":["Clash+1"],"picked":"SKIP","floor":18.0},{"not_picked":["Anger"],"picked":"SKIP","floor":21.0},{"not_picked":["Clash"],"picked":"SKIP","floor":24.0}],"player_experience":712278,"relics_obtained":[{"floor":7.0,"key":"Kunai"},{"floor":9.0,"key":"Matryoshka"},{"floor":24.0,"key":"Anchor"},{"floor":26,"key":"Mercury Hourglass"},{"floor":26,"key":"Centennial Puzzle"}],"event_choices":[{"damage_healed":0.0,"max_hp_gain":0.0,"max_hp_loss":0.0,"gold_gain":0.0,"event_name":"Scrap Ooze","player_choice":"Fled","floor":2.0,"gold_loss":0.0,"damage_taken":0.0},{"cards_removed":["Strike_R"],"damage_healed":0.0,"max_hp_gain":0.0,"max_hp_loss":0.0,"gold_gain":0.0,"event_name":"Golden Wing","player_choice":"Card Removal","floor":8.0,"gold_loss":0.0,"damage_taken":7.0},{"damage_healed":0.0,"max_hp_gain":0.0,"max_hp_loss":0.0,"gold_gain":75.0,"event_name":"World of Goop","player_choice":"Gather Gold","floor":11.0,"gold_loss":0.0,"damage_taken":11.0},{"damage_healed":0.0,"max_hp_gain":0.0,"max_hp_loss":0.0,"gold_gain":0.0,"event_name":"Forgotten Altar","player_choice":"Smashed Altar","floor":19.0,"gold_loss":0.0,"damage_taken":0.0,"cards_obtained":["Decay"]},{"damage_healed":0.0,"max_hp_gain":0.0,"max_hp_loss":0.0,"gold_gain":0.0,"cards_transformed":["Strike_R"],"event_name":"Transmorgrifier","player_choice":"Transformed","floor":20.0,"gold_loss":0.0,"damage_taken":0.0,"cards_obtained":["Impervious"]},{"cards_removed":["Strike_R"],"damage_healed":0,"gold_gain":0,"player_choice":"Gave Gold","damage_taken":0,"max_hp_gain":0,"max_hp_loss":0,"event_name":"Beggar","floor":28,"gold_loss":75}],"is_beta":false,"boss_relics":[{"not_picked":["Velvet Choker","Calling Bell"],"picked":"Coffee Dripper"}],"items_purged_floors":[12,22],"is_endless":false,"potions_floor_spawned":[1,7,16],"killed_by":"Gremlin Leader","ascension_level":20}