{"gold_per_floor":[217,217,27,102,117,117,148,148,224,224,73,73,112,112,112,232,232,250,268,6,6,24,24,57,57,84,135,167,179,191,226,238,370,382,417,1428,1440,1468,1480,1492,300,315,315,340,340,364,407,420,420,420],"floor_reached":51,"playtime":1932,"items_purged":["Strike_B","Defend_B"],"score":996,"play_id":"cef906d9-01af-49fe-9546-98ecfccf0774","local_time":"20190619125756","is_ascension_mode":false,"campfire_choices":[{"data":"Lockon","floor":6,"key":"SMITH"},{"floor":8,"key":"REST"},{"data":"Rip and Tear","floor":10,"key":"SMITH"},{"data":"Zap","floor":12,"key":"SMITH"},{"data":"Reinforced Body","floor":15,"key":"SMITH"},{"data":"Biased Cognition","floor":23,"key":"SMITH"},{"data":"Dualcast","floor":25,"key":"SMITH"},{"data":"Storm","floor":32,"key":"SMITH"},{"data":"Skim","floor":40,"key":"SMITH"},{"data":"Loop","floor":45,"key":"SMITH"},{"data":"Transmutation","floor":49,"key":"SMITH"}],"neow_cost":"NONE","seed_source_timestamp":9600226033994,"circlet_count":0,"master_deck":["Defend_B","Defend_B","Defend_B","Zap+1","Dualcast+1","Skim+1","Lockon+1","Reinforced Body+1","Rip and Tear+1","Undo","Pain","Biased Cognition+1","Genetic Algorithm","Glacier","Self Repair","Seek","Sweeping Beam","Regret","Coolheaded","Storm+1","Shame","Self Repair","Core Surge","White Noise","Normality","Normality","Rip and Tear","Recycle","Defragment","Transmutation+1","Compile Driver","Loop+1","Doubt","Ball Lightning+1","Seek","FTL"],"relics":["Cracked Core","Golden Idol","Bag of Preparation","Potion Belt","Darkstone Periapt","PreservedInsect","Blue Candle","WarpedTongs","Cursed Key","DataDisk","Kunai","MawBank","Du-Vu Doll","Bag of Marbles","Runic Pyramid","Toolbox","Gambling Chip","Bottled Flame","Meat on the Bone","Pear"],"potions_floor_usage":[7,30,50,50,50,50,50,50,50,50,50,50],"damage_taken":[{"damage":1,"enemies":"Cultist","floor":1,"turns":3},{"damage":0,"enemies":"Small Slimes","floor":5,"turns":3},{"damage":26,"enemies":"3 Sentries","floor":7,"turns":10},{"damage":8,"enemies":"Gremlin Nob","floor":13,"turns":3},{"damage":13,"enemies":"Slime Boss","floor":16,"turns":10},{"damage":3,"enemies":"2 Thieves","floor":18,"turns":4},{"damage":2,"enemies":"Chosen","floor":19,"turns":3},{"damage":3,"enemies":"3 Cultists","floor":22,"turns":5},{"damage":6,"enemies":"Gremlin Leader","floor":24,"turns":7},{"damage":2,"enemies":"Book of Stabbing","floor":27,"turns":5},{"damage":5,"enemies":"Snake Plant","floor":28,"turns":4},{"damage":8,"enemies":"Cultist and Chosen","floor":31,"turns":3},{"damage":47,"enemies":"Champ","floor":33,"turns":10},{"damage":7,"enemies":"3 Shapes","floor":35,"turns":4},{"damage":4,"enemies":"Orb Walker","floor":38,"turns":3},{"damage":23,"enemies":"Maw","floor":42,"turns":6},{"damage":2,"enemies":"4 Shapes","floor":44,"turns":4},{"damage":3,"enemies":"Spire Growth","floor":46,"turns":3},{"damage":0,"enemies":"Nemesis","floor":47,"turns":3},{"damage":1,"enemies":"Jaw Worm Horde","floor":48,"turns":3},{"damage":97,"enemies":"Awakened One","floor":50,"turns":6}],"seed_played":"-784013162457529808","potions_obtained":[{"floor":1,"key":"Ancient Potion"},{"floor":5,"key":"Swift Potion"},{"floor":13,"key":"SteroidPotion"},{"floor":18,"key":"Fire Potion"},{"floor":22,"key":"GamblersBrew"},{"floor":27,"key":"FocusPotion"},{"floor":30,"key":"Fruit Juice"},{"floor":30,"key":"SteroidPotion"},{"floor":31,"key":"PowerPotion"},{"floor":42,"key":"FocusPotion"},{"floor":48,"key":"EntropicBrew"}],"is_trial":false,"path_per_floor":["M","?","$","?","M","R","E","R","T","R","$","R","E","?","R","B",null,"M","M","$","?","M","R","E","R","T","E","M","?","?","M","R","B",null,"M","?","?","M","?","R","$","M","T","M","R","M","E","M","R","B",null],"character_chosen":"DEFECT","items_purchased":["Bag of Preparation","Lockon","PreservedInsect","DataDisk","Self Repair","Recycle","Defragment","Toolbox","Gambling Chip","Bottled Flame","Transmutation","Compile Driver"],"campfire_rested":1,"item_purchase_floors":[3,3,11,20,20,41,41,41,41,41,41,41],"current_hp_per_floor":[74,56,56,45,45,45,19,41,41,41,41,41,33,39,39,26,81,78,76,76,76,80,80,81,81,87,87,87,93,98,97,97,64,98,98,110,110,106,106,106,106,97,103,115,115,116,126,126,126,67],"gold":420,"neow_bonus":"HUNDRED_GOLD","is_prod":false,"is_daily":false,"chose_seed":false,"campfire_upgraded":10,"win_rate":0,"timestamp":1560920276,"path_taken":["M","?","$","?","M","R","E","R","T","R","$","R","E","?","R","BOSS","M","M","?","?","M","R","E","R","T","E","M","?","?","?","R","BOSS","M","?","?","M","?","R","$","M","T","?","R","M","E","M","R","BOSS"],"build_version":"2019-01-23","purchased_purges":2,"victory":true,"max_hp_per_floor":[75,75,75,75,75,75,75,75,75,75,75,75,75,81,81,81,81,81,81,81,81,81,81,81,81,87,87,87,93,98,98,98,98,98,98,110,110,110,110,110,110,110,116,116,116,116,126,126,126,126],"card_choices":[{"not_picked":["Auto Shields","Chaos"],"picked":"Skim","floor":1},{"not_picked":["Rebound","Scrape"],"picked":"Reinforced Body","floor":5},{"not_picked":["Chaos","Scrape"],"picked":"Rip and Tear","floor":7},{"not_picked":["Rebound","Stack"],"picked":"Undo","floor":13},{"not_picked":["Hyperbeam","Rainbow"],"picked":"Biased Cognition","floor":16},{"not_picked":["Fusion","Scrape"],"picked":"Genetic Algorithm","floor":18},{"not_picked":["FTL","Leap"],"picked":"Glacier","floor":19},{"not_picked":["Steam","Scrape","Stack"],"picked":"SKIP","floor":22},{"not_picked":["Redo","Streamline+1","Sweeping Beam"],"picked":"SKIP","floor":24},{"not_picked":["Leap","Stack+1"],"picked":"Coolheaded","floor":27},{"not_picked":["Coolheaded","Hologram"],"picked":"Storm","floor":28},{"not_picked":["Turbo","Reprogram"],"picked":"Self Repair","floor":31},{"not_picked":["Meteor Strike","Fission"],"picked":"Core Surge","floor":33},{"not_picked":["Ball Lightning+1","Beam Cell"],"picked":"White Noise","floor":35},{"not_picked":["Turbo","Rip and Tear","Stack"],"picked":"SKIP","floor":38},{"not_picked":["Turbo","Stack"],"picked":"Rip and Tear","floor":38},{"not_picked":["Rebound+1","Beam Cell"],"picked":"Loop","floor":42},{"not_picked":["Sweeping Beam","Cold Snap+1"],"picked":"Ball Lightning+1","floor":44},{"not_picked":["Gash+1","Go for the Eyes"],"picked":"Seek","floor":46},{"not_picked":["Reprogram","Rebound","Go for the Eyes+1"],"picked":"SKIP","floor":47},{"not_picked":["Turbo","Steam+1"],"picked":"FTL","floor":48}],"player_experience":5445385,"relics_obtained":[{"floor":7,"key":"Potion Belt"},{"floor":9,"key":"Darkstone Periapt"},{"floor":13,"key":"Blue Candle"},{"floor":24,"key":"Kunai"},{"floor":26,"key":"MawBank"},{"floor":27,"key":"Du-Vu Doll"},{"floor":43,"key":"Meat on the Bone"},{"floor":47,"key":"Pear"}],"event_choices":[{"damage_healed":0,"gold_gain":0,"player_choice":"Take Damage","damage_taken":18,"relics_obtained":["Golden Idol"],"max_hp_gain":0,"max_hp_loss":0,"event_name":"Golden Idol","floor":2,"gold_loss":0},{"damage_healed":0,"gold_gain":75,"player_choice":"Gather Gold","damage_taken":11,"max_hp_gain":0,"max_hp_loss":0,"event_name":"World of Goop","floor":4,"gold_loss":0},{"damage_healed":0,"gold_gain":0,"player_choice":"Rummage","damage_taken":0,"relics_obtained":["WarpedTongs"],"max_hp_gain":0,"max_hp_loss":0,"event_name":"Accursed Blacksmith","floor":14,"gold_loss":0,"cards_obtained":["Pain"]},{"damage_healed":0,"gold_gain":0,"cards_transformed":["Strike_B","Strike_B"],"player_choice":"Became Test Subject","damage_taken":0,"max_hp_gain":0,"max_hp_loss":0,"event_name":"Drug Dealer","floor":21,"gold_loss":0,"cards_obtained":["Seek","Sweeping Beam"]},{"damage_healed":0,"gold_gain":0,"player_choice":"Stole Relic","damage_taken":0,"relics_obtained":["Bag of Marbles"],"max_hp_gain":0,"max_hp_loss":0,"event_name":"Addict","floor":29,"gold_loss":0,"cards_obtained":["Shame"]},{"damage_healed":0,"gold_gain":0,"player_choice":"Got Potions","damage_taken":0,"max_hp_gain":0,"max_hp_loss":0,"event_name":"Lab","floor":30,"gold_loss":0},{"damage_healed":0,"gold_gain":999,"player_choice":"Gold","damage_taken":0,"max_hp_gain":0,"max_hp_loss":0,"event_name":"MindBloom","floor":36,"gold_loss":0,"cards_obtained":["Normality","Normality"]},{"damage_healed":0,"gold_gain":0,"player_choice":"Ignored","damage_taken":0,"max_hp_gain":0,"max_hp_loss":0,"event_name":"Tomb of Lord Red Mask","floor":37,"gold_loss":0},{"cards_removed":["Strike_B"],"damage_healed":0,"gold_gain":0,"player_choice":"Purged","damage_taken":0,"max_hp_gain":0,"max_hp_loss":0,"event_name":"Purifier","floor":39,"gold_loss":0}],"is_beta":false,"boss_relics":[{"not_picked":["FrozenCore","Philosopher\u0027s Stone"],"picked":"Cursed Key"},{"not_picked":["Coffee Dripper","Black Star"],"picked":"Runic Pyramid"}],"items_purged_floors":[20,41],"is_endless":false,"potions_floor_spawned":[1,5,13,18,22,27,31,38,42,46,48],"ascension_level":0}