{"gold_per_floor":[117,117,133,133,152,152,173,188,239,239,239],"floor_reached":11,"playtime":441,"items_purged":[],"score":130,"play_id":"940ce5d3-b168-46a3-8a8d-cfb7dc311b11","local_time":"20190126184728","is_ascension_mode":true,"campfire_choices":[{"data":"Footwork","floor":6,"key":"SMITH"}],"neow_cost":"NONE","seed_source_timestamp":8433900222247,"circlet_count":0,"master_deck":["AscendersBane","Defend_G","Defend_G","Defend_G","Defend_G","Defend_G","Strike_G","Strike_G","Strike_G","Strike_G","Survivor","Neutralize","Footwork","Footwork+1","Well Laid Plans","Bouncing Flask"],"special_seed":0,"relics":["Ring of the Snake","Meat on the Bone","Golden Idol","Happy Flower","Potion Belt"],"potions_floor_usage":[11],"damage_taken":[{"damage":0,"enemies":"Small Slimes","floor":1,"turns":5},{"damage":0,"enemies":"2 Louse","floor":3,"turns":4},{"damage":5,"enemies":"Cultist","floor":5,"turns":7},{"damage":0,"enemies":"Exordium Wildlife","floor":7,"turns":8},{"damage":14,"enemies":"Exordium Thugs","floor":8,"turns":9},{"damage":37,"enemies":"Gremlin Nob","floor":11,"turns":6}],"seed_played":"4841578759902884509","potions_obtained":[{"floor":3,"key":"Dexterity Potion"},{"floor":8,"key":"FearPotion"}],"is_trial":false,"path_per_floor":["M","?","M","?","M","R","M","M","T","?","E"],"character_chosen":"THE_SILENT","items_purchased":[],"campfire_rested":0,"item_purchase_floors":[],"current_hp_per_floor":[59,48,48,48,43,43,43,41,41,41,4],"gold":239,"neow_bonus":"REMOVE_CARD","is_prod":false,"is_daily":false,"chose_seed":false,"campfire_upgraded":1,"win_rate":0,"timestamp":1548499648,"path_taken":["M","?","M","?","M","R","M","M","T","?","E"],"build_version":"2019-01-23","purchased_purges":0,"victory":false,"max_hp_per_floor":[66,66,66,60,60,60,60,60,60,60,60],"card_choices":[{"not_picked":["Quick Slash","Dagger Spray"],"picked":"Footwork","floor":1},{"not_picked":["Poisoned Stab","Quick Slash","Deflect"],"picked":"SKIP","floor":3},{"not_picked":["Outmaneuver","Dagger Throw"],"picked":"Footwork","floor":5},{"not_picked":["Endless Agony","Bouncing Flask"],"picked":"Well Laid Plans","floor":7},{"not_picked":["Backflip","Flechettes"],"picked":"Bouncing Flask","floor":8}],"player_experience":1351208,"relics_obtained":[{"floor":9,"key":"Happy Flower"}],"event_choices":[{"damage_healed":0,"gold_gain":0,"player_choice":"Success","damage_taken":11,"relics_obtained":["Meat on the Bone"],"max_hp_gain":0,"max_hp_loss":0,"event_name":"Scrap Ooze","floor":2,"gold_loss":0},{"damage_healed":0,"gold_gain":0,"player_choice":"Lose Max HP","damage_taken":0,"relics_obtained":["Golden Idol"],"max_hp_gain":0,"max_hp_loss":6,"event_name":"Golden Idol","floor":4,"gold_loss":0},{"damage_healed":0,"gold_gain":0,"player_choice":"Gave Potion","damage_taken":0,"relics_obtained":["Potion Belt"],"max_hp_gain":0,"max_hp_loss":0,"event_name":"WeMeetAgain","floor":10,"gold_loss":0}],"is_beta":true,"boss_relics":[],"items_purged_floors":[],"is_endless":false,"potions_floor_spawned":[3,8],"killed_by":"Gremlin Nob","ascension_level":20}