{"gold_per_floor":[116,41,41,55,55,80,80,95,95,58,89,10,10,42,42,116,116,129,29,29,29,44,44,54,88,88,88,118,118,128,145,145,218,218,228,238,113,128,145,145,145,159,159,159,159,177,277,127,127,127,127,127,127,84,109,109],"floor_reached":57,"playtime":3121,"items_purged":["Strike_B","Strike_B","Defend_B","Defend_B"],"score":2841,"play_id":"05a1d147-bb7a-4a84-8705-91f65fdf40ea","local_time":"20190118234804","is_ascension_mode":true,"campfire_choices":[{"data":"Dualcast","floor":7.0,"key":"SMITH"},{"data":"Defragment","floor":13.0,"key":"SMITH"},{"data":"Glacier","floor":15.0,"key":"SMITH"},{"data":"Biased Cognition","floor":23.0,"key":"SMITH"},{"floor":27.0,"key":"REST"},{"data":"Creative AI","floor":29.0,"key":"SMITH"},{"floor":32.0,"key":"RECALL"},{"data":"Buffer","floor":40.0,"key":"SMITH"},{"data":"Blizzard","floor":44.0,"key":"SMITH"},{"data":"Zap","floor":45.0,"key":"SMITH"},{"data":"Defend_B","floor":49.0,"key":"SMITH"},{"data":"Defend_B","floor":53,"key":"SMITH"}],"neow_cost":"NONE","seed_source_timestamp":39790820803646,"circlet_count":0,"master_deck":["AscendersBane","Defend_B+1","Defend_B+1","Zap+1","Dualcast+1","Ball Lightning","Glacier+1","Genetic Algorithm+1","Darkness+1","Defragment+1","Biased Cognition+1","Defragment+1","Chill+1","Creative AI+1","Capacitor+1","Glacier+1","Recycle+1","Buffer+1","Blizzard+1","Glacier+1","White Noise+1","Loop+1","Redo+1","Consume+1"],"special_seed":0,"relics":["Cracked Core","NeowsBlessing","Prayer Wheel","Toxic Egg 2","Omamori","DataDisk","Sozu","Gremlin Horn","Oddly Smooth Stone","Bag of Marbles","WingedGreaves","Runic Pyramid","Incense Burner","Nunchaku"],"potions_floor_usage":[56,56],"damage_taken":[{"damage":0.0,"enemies":"Jaw Worm","floor":1.0,"turns":1.0},{"damage":0.0,"enemies":"2 Louse","floor":4.0,"turns":1.0},{"damage":0.0,"enemies":"3 Sentries","floor":6.0,"turns":1.0},{"damage":4.0,"enemies":"Small Slimes","floor":8.0,"turns":3.0},{"damage":6.0,"enemies":"Lagavulin","floor":11.0,"turns":7.0},{"damage":11.0,"enemies":"3 Sentries","floor":14.0,"turns":6.0},{"damage":28.0,"enemies":"Slime Boss","floor":16.0,"turns":5.0},{"damage":2.0,"enemies":"Shell Parasite","floor":18.0,"turns":5.0},{"damage":16.0,"enemies":"Chosen","floor":22.0,"turns":4.0},{"damage":17.0,"enemies":"Shelled Parasite and Fungi","floor":24.0,"turns":5.0},{"damage":9.0,"enemies":"Book of Stabbing","floor":25.0,"turns":6.0},{"damage":7.0,"enemies":"Slavers","floor":28.0,"turns":6.0},{"damage":0.0,"enemies":"Snecko","floor":30.0,"turns":4.0},{"damage":0.0,"enemies":"Sentry and Sphere","floor":31.0,"turns":3.0},{"damage":15.0,"enemies":"Automaton","floor":33.0,"turns":10.0},{"damage":0.0,"enemies":"3 Darklings","floor":35.0,"turns":5.0},{"damage":0.0,"enemies":"Orb Walker","floor":36.0,"turns":5.0},{"damage":0.0,"enemies":"Maw","floor":38.0,"turns":9.0},{"damage":0.0,"enemies":"Sphere and 2 Shapes","floor":39.0,"turns":7.0},{"damage":1.0,"enemies":"Transient","floor":42.0,"turns":6.0},{"damage":0.0,"enemies":"3 Darklings","floor":46.0,"turns":7.0},{"damage":0.0,"enemies":"Mind Bloom Boss Battle","floor":47.0,"turns":6.0},{"damage":0.0,"enemies":"Time Eater","floor":50.0,"turns":13.0},{"damage":0,"enemies":"Awakened One","floor":51,"turns":10},{"damage":14,"enemies":"Shield and Spear","floor":55,"turns":11},{"damage":8,"enemies":"The Heart","floor":56,"turns":13}],"seed_played":"8291707607251528388","potions_obtained":[{"floor":6.0,"key":"Energy Potion"},{"floor":8.0,"key":"AttackPotion"},{"floor":16.0,"key":"SkillPotion"}],"is_trial":false,"path_per_floor":["M","$","?","M","?","E","R","M","T","$","E","$","R","E","R","B",null,"M","$","?","?","M","R","M","E","T","R","E","R","M","M","R","B",null,"M","M","$","M","M","R","?","M","T","R","R","M","?","$","R","B","B",null,"R","$","E","B",null],"character_chosen":"DEFECT","items_purchased":["Genetic Algorithm+1","Defragment","Consume+1"],"campfire_rested":1,"item_purchase_floors":[10,12,54],"current_hp_per_floor":[64,64,64,64,64,64,64,60,60,60,54,54,54,43,43,15,57,55,55,55,55,39,39,22,13,13,34,27,27,27,27,27,12,56,56,56,56,56,56,56,56,55,55,55,55,55,55,55,55,55,55,67,67,67,53,45],"gold":109,"neow_bonus":"THREE_ENEMY_KILL","is_prod":false,"is_daily":false,"chose_seed":false,"campfire_upgraded":10,"win_rate":0,"timestamp":1547826484,"path_taken":["M","$","?","M","?","E","R","M","T","$","E","?","R","E","R","BOSS","M","$","?","?","M","R","M","E","T","R","E","R","M","M","R","BOSS","M","M","$","M","M","R","?","M","T","R","R","M","?","?","R","BOSS","BOSS","R","$","E","BOSS"],"build_version":"2019-01-17","purchased_purges":4,"victory":true,"max_hp_per_floor":[71,71,71,71,71,71,71,71,71,71,71,71,71,71,71,71,71,71,71,71,71,71,71,71,71,71,71,71,71,71,71,71,71,71,71,71,71,71,71,71,71,71,71,71,71,71,71,71,71,71,71,71,71,71,71,71],"card_choices":[{"not_picked":["Conserve Battery","Rebound","Leap"],"picked":"SKIP","floor":1.0},{"not_picked":["Recycle","Streamline"],"picked":"Ball Lightning","floor":4.0},{"not_picked":["Turbo","Reprogram","Steam"],"picked":"SKIP","floor":6.0},{"not_picked":["Turbo","Reprogram","Steam"],"picked":"SKIP","floor":6.0},{"not_picked":["Steam Power","Force Field"],"picked":"Glacier","floor":8.0},{"not_picked":["Amplify","Sweeping Beam","BootSequence"],"picked":"SKIP","floor":8.0},{"not_picked":["Force Field+1","Gash"],"picked":"Darkness+1","floor":11.0},{"not_picked":["Sweeping Beam","Chill+1","Conserve Battery+1"],"picked":"SKIP","floor":14.0},{"not_picked":["Hyperbeam","Seek+1"],"picked":"Biased Cognition","floor":16.0},{"not_picked":["Barrage","Scrape","Rip and Tear"],"picked":"SKIP","floor":18.0},{"not_picked":["Compile Driver","Turbo+1","Stack+1"],"picked":"SKIP","floor":18.0},{"not_picked":["Stack+1","Fusion+1"],"picked":"Defragment+1","floor":22.0},{"not_picked":["Sweeping Beam+1","Steam+1","Melter"],"picked":"SKIP","floor":22.0},{"not_picked":["Steam+1","Rebound"],"picked":"Chill+1","floor":24.0},{"not_picked":["Genetic Algorithm+1","Go for the Eyes+1","Melter"],"picked":"SKIP","floor":24.0},{"not_picked":["FTL","Compile Driver","Blizzard+1"],"picked":"SKIP","floor":25.0},{"not_picked":["Beam Cell","Streamline"],"picked":"Creative AI","floor":28.0},{"not_picked":["Turbo+1","Streamline"],"picked":"Capacitor+1","floor":30.0},{"not_picked":["Consume+1","Beam Cell"],"picked":"Glacier+1","floor":30.0},{"not_picked":["Hello World","Cold Snap"],"picked":"Recycle+1","floor":31.0},{"not_picked":["Melter","Barrage","Auto Shields+1"],"picked":"SKIP","floor":31.0},{"not_picked":["Machine Learning","Rainbow+1"],"picked":"Buffer","floor":33.0},{"not_picked":["Stack+1","Gash","Cold Snap"],"picked":"SKIP","floor":35.0},{"not_picked":["Compile Driver","Darkness+1","Barrage+1"],"picked":"SKIP","floor":35.0},{"not_picked":["Hello World","Steam+1"],"picked":"Blizzard","floor":36.0},{"not_picked":["Leap+1","Stack+1"],"picked":"Glacier+1","floor":36.0},{"not_picked":["Cold Snap","Gash"],"picked":"White Noise+1","floor":38.0},{"not_picked":["Steam+1","Turbo+1","Ball Lightning"],"picked":"SKIP","floor":38.0},{"not_picked":["Stack+1","Sweeping Beam"],"picked":"Loop+1","floor":39.0},{"not_picked":["Sweeping Beam","Beam Cell"],"picked":"Redo+1","floor":39.0},{"not_picked":["Scrape","Streamline","Turbo+1"],"picked":"SKIP","floor":42.0},{"not_picked":["Ball Lightning+1","Go for the Eyes","Beam Cell+1"],"picked":"SKIP","floor":42.0},{"not_picked":["Streamline+1","Barrage","Storm"],"picked":"SKIP","floor":46.0},{"not_picked":["Stack+1","Compile Driver","Darkness+1"],"picked":"SKIP","floor":46.0},{"not_picked":["Redo+1","Conserve Battery+1","Scrape"],"picked":"SKIP","floor":55}],"player_experience":2019372,"relics_obtained":[{"floor":6.0,"key":"Prayer Wheel"},{"floor":9.0,"key":"Toxic Egg 2"},{"floor":11.0,"key":"Omamori"},{"floor":14.0,"key":"DataDisk"},{"floor":25.0,"key":"Oddly Smooth Stone"},{"floor":26.0,"key":"Bag of Marbles"},{"floor":28.0,"key":"WingedGreaves"},{"floor":47.0,"key":"Incense Burner"},{"floor":55,"key":"Nunchaku"}],"event_choices":[{"damage_healed":0.0,"max_hp_gain":0.0,"max_hp_loss":0.0,"gold_gain":0.0,"event_name":"Liars Game","player_choice":"Ignored","floor":3.0,"gold_loss":0.0,"damage_taken":0.0},{"cards_removed":["Strike_B"],"damage_healed":0.0,"max_hp_gain":0.0,"max_hp_loss":0.0,"gold_gain":0.0,"event_name":"Living Wall","player_choice":"Forget","floor":5.0,"gold_loss":0.0,"damage_taken":0.0},{"damage_healed":0.0,"max_hp_gain":0.0,"max_hp_loss":0.0,"gold_gain":0.0,"event_name":"The Mausoleum","player_choice":"Opened","floor":20.0,"gold_loss":0.0,"damage_taken":0.0,"relics_obtained":["Gremlin Horn"],"cards_obtained":["Writhe"]},{"cards_removed":["Strike_B"],"damage_healed":0.0,"max_hp_gain":0.0,"max_hp_loss":0.0,"gold_gain":0.0,"event_name":"Back to Basics","player_choice":"Elegance","floor":21.0,"gold_loss":0.0,"damage_taken":0.0},{"damage_healed":0.0,"max_hp_gain":0.0,"max_hp_loss":0.0,"gold_gain":0.0,"event_name":"SensoryStone","player_choice":"Memory 1","floor":41.0,"gold_loss":0.0,"damage_taken":0.0},{"damage_healed":0.0,"max_hp_gain":0.0,"max_hp_loss":0.0,"gold_gain":0.0,"event_name":"MindBloom","player_choice":"Fight","floor":47.0,"gold_loss":0.0,"damage_taken":0.0}],"is_beta":false,"boss_relics":[{"not_picked":["Astrolabe","Busted Crown"],"picked":"Sozu"},{"not_picked":["Orrery","Snecko Eye"],"picked":"Runic Pyramid"}],"items_purged_floors":[2,19,37,48],"is_endless":false,"potions_floor_spawned":[6,8,16,18,25,31,33,35,36,47,55],"ascension_level":20}