{"gold_per_floor":[109,121,137,62,62,62,79,79,151,151,191,211,247,271,271,392,392,417,86,111,111,11,11,46,46,46,119,142,162,176,210,210,336,336,356,266,266,141,160,194,194,194,220,220,70,110,171,192,192,192],"floor_reached":51,"playtime":2159,"items_purged":["Strike_G","Terror","Defend_G","Defend_G"],"score":1392,"play_id":"e7ab41a1-cbe2-462d-9e48-64691bf3b936","local_time":"20181020120522","is_ascension_mode":true,"campfire_choices":[{"data":"Neutralize","floor":6.0,"key":"SMITH"},{"data":"Blade Dance","floor":8.0,"key":"SMITH"},{"data":"Cloak And Dagger","floor":15.0,"key":"SMITH"},{"data":"Cloak And Dagger","floor":23.0,"key":"SMITH"},{"data":"A Thousand Cuts","floor":25,"key":"SMITH"},{"floor":32,"key":"REST"},{"data":"After Image","floor":44,"key":"SMITH"},{"data":"Blade Dance","floor":49,"key":"SMITH"}],"neow_cost":"TEN_PERCENT_HP_LOSS","seed_source_timestamp":9164539813736,"circlet_count":0,"master_deck":["Defend_G+1","Survivor","Neutralize+1","AscendersBane","Blade Dance+1","Infinite Blades","Die Die Die","Cloak And Dagger+1","Backflip","Dodge and Roll+1","Backflip+1","Terror+1","Cloak And Dagger+1","Backstab","Deflect","Accuracy+1","After Image+1","Blade Dance+1","Acrobatics+1"],"special_seed":0,"relics":["Ring of the Snake","Kunai","Golden Idol","Happy Flower","Anchor","Astrolabe","ClockworkSouvenir","Gremlin Horn","Calipers","Tiny Chest","Prayer Wheel","Philosopher\u0027s Stone","Nunchaku","PreservedInsect","Frozen Egg 2","StoneCalendar"],"potions_floor_usage":[24,31,33],"damage_taken":[{"damage":0.0,"enemies":"Small Slimes","floor":1.0,"turns":4.0},{"damage":0.0,"enemies":"Jaw Worm","floor":2.0,"turns":7.0},{"damage":0.0,"enemies":"2 Louse","floor":3.0,"turns":3.0},{"damage":1.0,"enemies":"Red Slaver","floor":7.0,"turns":6.0},{"damage":12.0,"enemies":"3 Sentries","floor":11.0,"turns":9.0},{"damage":3.0,"enemies":"Looter","floor":12.0,"turns":4.0},{"damage":2.0,"enemies":"Lagavulin","floor":13.0,"turns":9.0},{"damage":0.0,"enemies":"Exordium Wildlife","floor":14.0,"turns":2.0},{"damage":16.0,"enemies":"The Guardian","floor":16.0,"turns":10.0},{"damage":5.0,"enemies":"2 Thieves","floor":18.0,"turns":4.0},{"damage":0.0,"enemies":"Shell Parasite","floor":20.0,"turns":5.0},{"damage":19,"enemies":"Slavers","floor":24,"turns":7},{"damage":0,"enemies":"Gremlin Leader","floor":27,"turns":6},{"damage":0,"enemies":"Centurion and Healer","floor":28,"turns":5},{"damage":0,"enemies":"Snake Plant","floor":29,"turns":5},{"damage":4,"enemies":"Snecko","floor":30,"turns":4},{"damage":16,"enemies":"Slavers","floor":31,"turns":3},{"damage":0,"enemies":"Collector","floor":33,"turns":9},{"damage":0,"enemies":"Orb Walker","floor":35,"turns":3},{"damage":21,"enemies":"3 Darklings","floor":39,"turns":3},{"damage":6,"enemies":"Nemesis","floor":40,"turns":5},{"damage":0,"enemies":"Reptomancer","floor":46,"turns":4},{"damage":0,"enemies":"2 Orb Walkers","floor":47,"turns":5},{"damage":0,"enemies":"Spire Growth","floor":48,"turns":4},{"damage":1,"enemies":"Donu and Deca","floor":50,"turns":9}],"seed_played":"-2862094078736193739","potions_obtained":[{"floor":12.0,"key":"GamblersBrew"},{"floor":13.0,"key":"Swift Potion"},{"floor":14.0,"key":"Poison Potion"},{"floor":18.0,"key":"SpeedPotion"},{"floor":24,"key":"SpeedPotion"},{"floor":30,"key":"Fruit Juice"},{"floor":40,"key":"Ancient Potion"},{"floor":48,"key":"Weak Potion"}],"is_trial":false,"path_per_floor":["M","M","M","$","?","R","M","R","T","?","E","M","E","M","R","B",null,"M","$","M","?","$","R","E","R","T","E","M","M","M","E","R","B",null,"M","?","?","$","M","E","?","?","T","R","$","E","?","M","R","B"],"character_chosen":"THE_SILENT","items_purchased":["Infinite Blades","ClockworkSouvenir","Cloak And Dagger"],"campfire_rested":1,"item_purchase_floors":[4,19,19],"current_hp_per_floor":[63,63,63,63,63,63,62,62,62,47,35,32,30,30,30,14,51,46,46,46,46,46,46,27,27,27,27,27,27,23,12,32,32,59,59,59,59,59,38,32,78,74,74,74,74,74,74,74,74,73],"gold":192,"neow_bonus":"REMOVE_TWO","is_prod":false,"is_daily":false,"chose_seed":false,"campfire_upgraded":7,"win_rate":0,"timestamp":1540008322,"path_taken":["M","M","M","$","?","R","?","R","T","?","E","M","E","M","R","BOSS","M","$","M","?","?","R","E","R","T","E","M","M","M","E","R","BOSS","M","?","?","$","M","E","?","?","T","R","$","E","?","M","R","BOSS"],"build_version":"2018-10-18","purchased_purges":4,"victory":true,"max_hp_per_floor":[63,63,63,63,63,63,63,63,63,63,63,63,63,63,63,63,63,63,63,63,63,63,63,63,63,63,63,63,63,63,68,68,68,68,68,68,68,68,68,68,78,74,74,74,74,74,74,74,74,74],"card_choices":[{"not_picked":["Acrobatics","PiercingWail","Flying Knee"],"picked":"SKIP","floor":1.0},{"not_picked":["Poisoned Stab","Dodge and Roll"],"picked":"Blade Dance","floor":2.0},{"not_picked":["Quick Slash","Masterful Stab","Poisoned Stab"],"picked":"SKIP","floor":3.0},{"not_picked":["Blade Dance","Quick Slash"],"picked":"Die Die Die","floor":7.0},{"not_picked":["Sucker Punch","Underhanded Strike","Prepared"],"picked":"SKIP","floor":11.0},{"not_picked":["Deflect","Endless Agony"],"picked":"Cloak And Dagger","floor":12.0},{"not_picked":["Grand Finale","Cloak And Dagger"],"picked":"Terror","floor":13.0},{"not_picked":["Dodge and Roll","Underhanded Strike"],"picked":"Backflip","floor":14.0},{"not_picked":["Wraith Form v2","Bullet Time"],"picked":"A Thousand Cuts","floor":16.0},{"not_picked":["Poisoned Stab","Expertise+1","Reflex"],"picked":"SKIP","floor":18.0},{"not_picked":["Dagger Spray","Quick Slash","Backflip"],"picked":"SKIP","floor":20.0},{"not_picked":["Bane","Bouncing Flask"],"picked":"Backstab","floor":24},{"not_picked":["Skewer","Dash","Heel Hook"],"picked":"SKIP","floor":27},{"not_picked":["Outmaneuver","Deadly Poison+1","Acrobatics"],"picked":"SKIP","floor":28},{"not_picked":["Dodge and Roll","Flying Knee"],"picked":"Deflect","floor":29},{"not_picked":["Heel Hook","Backflip","Deadly Poison"],"picked":"SKIP","floor":30},{"not_picked":["Doppelganger","Deadly Poison","Dash"],"picked":"SKIP","floor":31},{"not_picked":["Catalyst","Deflect"],"picked":"Accuracy+1","floor":35},{"not_picked":["Dagger Throw","Cloak And Dagger","Prepared"],"picked":"SKIP","floor":35},{"not_picked":["All Out Attack","Deadly Poison","Slice"],"picked":"SKIP","floor":39},{"not_picked":["Outmaneuver+1","Leg Sweep","Bane"],"picked":"SKIP","floor":39},{"not_picked":["Terror","Outmaneuver"],"picked":"After Image","floor":40},{"not_picked":["Quick Slash+1","Bouncing Flask","Dodge and Roll"],"picked":"SKIP","floor":46},{"not_picked":["Backstab+1","Cloak And Dagger"],"picked":"Blade Dance","floor":47},{"not_picked":["Dash","Die Die Die"],"picked":"Acrobatics+1","floor":48},{"not_picked":["Acrobatics","Dodge and Roll","Skewer"],"picked":"SKIP","floor":48}],"player_experience":350248,"relics_obtained":[{"floor":9.0,"key":"Kunai"},{"floor":11.0,"key":"Happy Flower"},{"floor":13.0,"key":"Anchor"},{"floor":24,"key":"Gremlin Horn"},{"floor":26,"key":"Calipers"},{"floor":27,"key":"Tiny Chest"},{"floor":31,"key":"Prayer Wheel"},{"floor":40,"key":"Nunchaku"},{"floor":43,"key":"PreservedInsect"},{"floor":46,"key":"Frozen Egg 2"},{"floor":47,"key":"StoneCalendar"}],"event_choices":[{"damage_healed":0.0,"max_hp_gain":0.0,"max_hp_loss":0.0,"gold_gain":0.0,"event_name":"Liars Game","player_choice":"Ignored","floor":5.0,"gold_loss":0.0,"damage_taken":0.0},{"damage_healed":0.0,"max_hp_gain":0.0,"max_hp_loss":0.0,"gold_gain":0.0,"event_name":"Golden Idol","player_choice":"Take Damage","floor":10.0,"gold_loss":0.0,"damage_taken":15.0,"relics_obtained":["Golden Idol"]},{"damage_healed":0.0,"max_hp_gain":0.0,"max_hp_loss":0.0,"gold_gain":0.0,"event_name":"Vampires","player_choice":"Ignored","floor":21.0,"gold_loss":0.0,"damage_taken":0.0},{"cards_removed":["Defend_G"],"damage_healed":0,"gold_gain":0,"player_choice":"Upgrade and Remove","damage_taken":0,"max_hp_gain":0,"max_hp_loss":0,"event_name":"Designer","floor":36,"gold_loss":90,"cards_upgraded":["Defend_G"]},{"damage_healed":0,"gold_gain":0,"player_choice":"Ignored","damage_taken":0,"max_hp_gain":0,"max_hp_loss":0,"event_name":"SecretPortal","floor":37,"gold_loss":0},{"cards_removed":["A Thousand Cuts"],"damage_healed":36,"gold_gain":0,"player_choice":"Offered Rare","damage_taken":0,"max_hp_gain":10,"max_hp_loss":0,"event_name":"Bonfire Elementals","floor":41,"gold_loss":0},{"damage_healed":0,"gold_gain":0,"player_choice":"Max HP","damage_taken":0,"max_hp_gain":0,"max_hp_loss":4,"event_name":"Winding Halls","floor":42,"gold_loss":0},{"damage_healed":0,"gold_gain":0,"player_choice":"Fight","damage_taken":0,"max_hp_gain":0,"max_hp_loss":0,"event_name":"Mysterious Sphere","floor":47,"gold_loss":0}],"is_beta":false,"boss_relics":[{"not_picked":["White Beast Statue","Fusion Hammer"],"picked":"Astrolabe"},{"not_picked":["Runic Pyramid","Eternal Feather"],"picked":"Philosopher\u0027s Stone"}],"items_purged_floors":[19,22,38,45],"is_endless":false,"potions_floor_spawned":[12,13,14,18,24,28,29,30,40,48],"ascension_level":12}