{"gold_per_floor":[118,118,137,156,156,181,199,211,264,281,281,281,294,137,137,235,235,250,266,266,266,284,284,310,225,251,251],"floor_reached":27,"playtime":2258,"items_purged":[],"score":235,"play_id":"270f0578-2a4b-4eba-9a6f-1bef6899679c","local_time":"20190707142328","is_ascension_mode":false,"campfire_choices":[{"floor":11.0,"key":"REST"},{"floor":15.0,"key":"REST"},{"floor":23,"key":"REST"}],"neow_cost":"","seed_source_timestamp":0,"circlet_count":0,"master_deck":["Strike_R+1","Strike_R+1","Strike_R+1","Strike_R+1","Defend_R+1","Defend_R+1","Defend_R+1","Defend_R+1","Bash","Flex+1","Perfected Strike","Carnage","Armaments","Armaments","Uppercut","Searing Blow","Sword Boomerang","Body Slam","Ghostly Armor","Reaper","Ghostly Armor","Uppercut+1","Clash","Clash","Pommel Strike+1","Sword Boomerang+1"],"special_seed":0,"relics":["Burning Blood","Boot","Dream Catcher","Bag of Preparation","Lizard Tail","Molten Egg 2","Centennial Puzzle","Juzu Bracelet"],"potions_floor_usage":[22,24,27],"damage_taken":[{"damage":20.0,"enemies":"Jaw Worm","floor":1.0,"turns":4.0},{"damage":1.0,"enemies":"Cultist","floor":3.0,"turns":4.0},{"damage":7.0,"enemies":"2 Louse","floor":4.0,"turns":2.0},{"damage":24.0,"enemies":"Gremlin Nob","floor":6.0,"turns":4.0},{"damage":15.0,"enemies":"Exordium Wildlife","floor":7.0,"turns":3.0},{"damage":10.0,"enemies":"Looter","floor":8.0,"turns":3.0},{"damage":8.0,"enemies":"3 Louse","floor":10.0,"turns":2.0},{"damage":13.0,"enemies":"Exordium Wildlife","floor":13.0,"turns":3.0},{"damage":57.0,"enemies":"The Guardian","floor":16.0,"turns":12.0},{"damage":44,"enemies":"3 Byrds","floor":18,"turns":8},{"damage":24,"enemies":"Spheric Guardian","floor":19,"turns":5},{"damage":4,"enemies":"Centurion and Healer","floor":22,"turns":11},{"damage":60,"enemies":"Slavers","floor":24,"turns":8},{"damage":6,"enemies":"Colosseum Slavers","floor":27,"turns":4},{"damage":69,"enemies":"Colosseum Nobs","floor":27,"turns":5}],"seed_played":"-497663291501458345","potions_obtained":[{"floor":4.0,"key":"Dexterity Potion"},{"floor":6.0,"key":"Strength Potion"},{"floor":7.0,"key":"SteroidPotion"},{"floor":16.0,"key":"EssenceOfSteel"},{"floor":18,"key":"GamblersBrew"},{"floor":19,"key":"Explosive Potion"},{"floor":24,"key":"Explosive Potion"}],"is_trial":false,"path_per_floor":["M","?","M","M","?","E","M","M","T","M","R","$","M","$","R","B",null,"M","M","?","?","M","R","E","?","T","?"],"character_chosen":"IRONCLAD","items_purchased":["Bag of Preparation"],"campfire_rested":3,"item_purchase_floors":[14],"current_hp_per_floor":[66,66,71,70,54,36,27,23,23,21,45,45,38,38,62,11,80,52,34,34,34,36,60,46,46,46,0],"gold":251,"neow_bonus":"","is_prod":false,"is_daily":false,"chose_seed":false,"campfire_upgraded":0,"win_rate":0.0,"timestamp":1562498608,"path_taken":["M","?","M","?","?","E","M","M","T","M","R","$","M","$","R","BOSS","M","M","?","?","M","R","E","?","T","?"],"build_version":"2019-07-05","purchased_purges":0,"victory":false,"max_hp_per_floor":[80,80,80,80,80,80,80,80,80,80,80,80,80,80,80,80,80,80,80,80,80,80,80,80,80,80,80],"card_choices":[{"not_picked":["Inflame","Warcry"],"picked":"Flex","floor":1.0},{"not_picked":["Warcry","Sword Boomerang"],"picked":"Perfected Strike","floor":3.0},{"not_picked":["Burning Pact","True Grit"],"picked":"Carnage","floor":4.0},{"not_picked":["Twin Strike","True Grit"],"picked":"Armaments","floor":6.0},{"not_picked":["True Grit","Pommel Strike"],"picked":"Armaments","floor":7.0},{"not_picked":["Iron Wave","Thunderclap"],"picked":"Uppercut","floor":8.0},{"not_picked":["Fire Breathing","Demon Form"],"picked":"Searing Blow","floor":10.0},{"not_picked":["Dropkick","Headbutt"],"picked":"Sword Boomerang","floor":11.0},{"not_picked":["Whirlwind","Carnage"],"picked":"Body Slam","floor":13.0},{"not_picked":["Pommel Strike","Thunderclap"],"picked":"Ghostly Armor","floor":15.0},{"not_picked":["Juggernaut","Offering"],"picked":"Reaper","floor":16.0},{"not_picked":["Metallicize+1","Iron Wave"],"picked":"Ghostly Armor","floor":18},{"not_picked":["True Grit","Carnage"],"picked":"Uppercut+1","floor":19},{"not_picked":["Pummel","Iron Wave"],"picked":"Clash","floor":22},{"not_picked":["Reckless Charge","Body Slam+1"],"picked":"Pommel Strike+1","floor":23},{"not_picked":["Hemokinesis","Ghostly Armor"],"picked":"Sword Boomerang","floor":24}],"player_experience":0,"relics_obtained":[{"floor":6.0,"key":"Boot"},{"floor":9.0,"key":"Dream Catcher"},{"floor":24,"key":"Molten Egg 2"},{"floor":26,"key":"Juzu Bracelet"}],"event_choices":[{"cards_removed":["Strike_R"],"damage_healed":0.0,"max_hp_gain":0.0,"max_hp_loss":0.0,"gold_gain":0.0,"event_name":"Bonfire Elementals","player_choice":"Offered Basic","floor":2.0,"gold_loss":0.0,"damage_taken":0.0},{"damage_healed":0.0,"max_hp_gain":0.0,"max_hp_loss":0.0,"gold_gain":0.0,"event_name":"Shining Light","player_choice":"Entered Light","floor":5.0,"gold_loss":0.0,"damage_taken":16.0,"cards_upgraded":["Flex","Defend_R"]},{"damage_healed":0,"gold_gain":0,"player_choice":"Read","damage_taken":0,"max_hp_gain":0,"max_hp_loss":0,"event_name":"The Library","floor":20,"gold_loss":0,"cards_obtained":["Clash"]},{"damage_healed":0,"gold_gain":0,"player_choice":"Simplicity","damage_taken":0,"max_hp_gain":0,"max_hp_loss":0,"event_name":"Back to Basics","floor":21,"gold_loss":0,"cards_upgraded":["Strike_R","Strike_R","Strike_R","Strike_R","Defend_R","Defend_R","Defend_R"]},{"damage_healed":0,"gold_gain":0,"player_choice":"Obtained Relic","damage_taken":0,"relics_obtained":["Centennial Puzzle"],"max_hp_gain":0,"max_hp_loss":0,"event_name":"Addict","floor":25,"gold_loss":85},{"damage_healed":0,"gold_gain":0,"player_choice":"Fight","damage_taken":0,"max_hp_gain":0,"max_hp_loss":0,"event_name":"Colosseum","floor":27,"gold_loss":0},{"damage_healed":0,"gold_gain":0,"player_choice":"Fought Nobs","damage_taken":0,"max_hp_gain":0,"max_hp_loss":0,"event_name":"Colosseum","floor":27,"gold_loss":0}],"is_beta":false,"boss_relics":[{"not_picked":["Black Star","Runic Cube"],"picked":"Lizard Tail"}],"items_purged_floors":[],"is_endless":false,"potions_floor_spawned":[4,6,7,16,18,19,24],"killed_by":"Colosseum Nobs","ascension_level":0}