{"gold_per_floor":[118,135,151,122,122,122,102,102,102,117,42,60,60,79,79,153,153,133,183,2,19,38,38],"floor_reached":23,"playtime":633,"items_purged":["Strike_G","Strike_G"],"score":333,"play_id":"e2f5abac-3a73-43a2-9b5a-b1411fc63f17","local_time":"20190130194235","is_ascension_mode":true,"campfire_choices":[{"data":"Poisoned Stab","floor":6,"key":"SMITH"},{"data":"Catalyst","floor":8,"key":"SMITH"},{"data":"Night Terror","floor":13,"key":"SMITH"},{"data":"Neutralize","floor":15,"key":"SMITH"}],"neow_cost":"NONE","seed_source_timestamp":28767413445802,"circlet_count":0,"master_deck":["AscendersBane","Defend_G","Defend_G","Defend_G","Defend_G","Defend_G","Strike_G","Strike_G","Survivor","Neutralize+1","Poisoned Stab+1","Catalyst+1","Night Terror+1","Adrenaline","Noxious Fumes","Backflip"],"relics":["Ring of the Snake","Mummified Hand","Lizard Tail"],"potions_floor_usage":[12,18,23,23],"damage_taken":[{"damage":4,"enemies":"Small Slimes","floor":1,"turns":4},{"damage":5,"enemies":"Jaw Worm","floor":2,"turns":7},{"damage":0,"enemies":"Cultist","floor":3,"turns":4},{"damage":16,"enemies":"Exordium Thugs","floor":4,"turns":5},{"damage":3,"enemies":"Looter","floor":10,"turns":4},{"damage":4,"enemies":"Red Slaver","floor":12,"turns":4},{"damage":0,"enemies":"3 Louse","floor":14,"turns":3},{"damage":35,"enemies":"The Guardian","floor":16,"turns":15},{"damage":18,"enemies":"2 Thieves","floor":18,"turns":4},{"damage":21,"enemies":"3 Byrds","floor":21,"turns":6},{"damage":20,"enemies":"Centurion and Healer","floor":22,"turns":10},{"damage":33,"enemies":"Book of Stabbing","floor":23,"turns":5}],"seed_played":"7019150230524366101","potions_obtained":[{"floor":3,"key":"Strength Potion"},{"floor":7,"key":"FearPotion"},{"floor":10,"key":"Regen Potion"},{"floor":12,"key":"AttackPotion"},{"floor":21,"key":"Strength Potion"}],"is_trial":false,"path_per_floor":["M","M","M","M","?","R","?","R","T","M","$","M","R","M","R","B",null,"M","?","$","M","M","E"],"character_chosen":"THE_SILENT","items_purchased":["Noxious Fumes"],"campfire_rested":0,"item_purchase_floors":[20],"current_hp_per_floor":[55,50,50,34,34,34,34,34,34,31,31,41,41,41,41,6,51,33,33,33,12,26,0],"gold":38,"neow_bonus":"REMOVE_CARD","is_prod":false,"is_daily":false,"chose_seed":false,"campfire_upgraded":4,"win_rate":0,"timestamp":1548848555,"path_taken":["M","M","M","M","?","R","?","R","T","M","$","M","R","M","R","BOSS","M","?","$","?","M","E"],"build_version":"2019-01-23","purchased_purges":2,"victory":false,"max_hp_per_floor":[66,66,66,66,66,66,66,66,66,66,66,66,66,66,66,66,66,66,66,66,66,66,66],"card_choices":[{"not_picked":["Dagger Spray","Heel Hook","Riddle With Holes"],"picked":"SKIP","floor":1},{"not_picked":["Slice","Expertise"],"picked":"Poisoned Stab","floor":2},{"not_picked":["Blade Dance","Noxious Fumes"],"picked":"Catalyst","floor":3},{"not_picked":["Sucker Punch","Flechettes"],"picked":"Night Terror","floor":4},{"not_picked":["Slice","Cloak And Dagger","Blade Dance"],"picked":"SKIP","floor":10},{"not_picked":["Dagger Throw","Masterful Stab","Prepared"],"picked":"SKIP","floor":12},{"not_picked":["Choke","Acrobatics","Reflex"],"picked":"SKIP","floor":14},{"not_picked":["Storm of Steel","Phantasmal Killer"],"picked":"Adrenaline","floor":16},{"not_picked":["Acrobatics","Quick Slash","Setup"],"picked":"SKIP","floor":18},{"not_picked":["Acrobatics","Poisoned Stab","Quick Slash+1"],"picked":"SKIP","floor":21},{"not_picked":["Outmaneuver","Quick Slash+1"],"picked":"Backflip","floor":22}],"player_experience":2415371,"relics_obtained":[{"floor":9,"key":"Mummified Hand"}],"event_choices":[{"damage_healed":0,"gold_gain":0,"player_choice":"Fled","damage_taken":0,"max_hp_gain":0,"max_hp_loss":0,"event_name":"Scrap Ooze","floor":5,"gold_loss":0},{"damage_healed":0,"gold_gain":0,"player_choice":"Bought 1 Potion","damage_taken":0,"max_hp_gain":0,"max_hp_loss":0,"event_name":"The Woman in Blue","floor":7,"gold_loss":0},{"damage_healed":0,"gold_gain":50,"player_choice":"Pray","damage_taken":0,"max_hp_gain":0,"max_hp_loss":0,"event_name":"Golden Shrine","floor":19,"gold_loss":0}],"is_beta":false,"boss_relics":[{"not_picked":["Snecko Eye","HoveringKite"],"picked":"Lizard Tail"}],"items_purged_floors":[11,20],"is_endless":false,"potions_floor_spawned":[3,10,12,21],"killed_by":"Book of Stabbing","ascension_level":16}