{"path_per_floor":["M","M","?","$","M","R","M","R","T","R","?","M","?","$","R"],"character_chosen":"THE_SILENT","items_purchased":["Poisoned Stab","Footwork"],"gold_per_floor":[116,136,136,37,50,50,74,74,122,122,102,125,125,50,50,50],"floor_reached":16,"campfire_rested":0,"playtime":340,"item_purchase_floors":[4,4],"current_hp_per_floor":[54,52,36,36,36,36,32,32,32,32,32,27,20,20,20,0],"items_purged":["Strike_G"],"gold":50,"score":153,"play_id":"7dee6990-5f37-4190-8bc2-85c4a4366d0f","local_time":"20180615212623","is_prod":false,"is_daily":false,"chose_seed":false,"is_ascension_mode":true,"campfire_upgraded":4,"win_rate":0,"timestamp":1529069183,"campfire_choices":[{"data":"Footwork","floor":6,"key":"SMITH"},{"data":"Neutralize","floor":8,"key":"SMITH"},{"data":"Infinite Blades","floor":10,"key":"SMITH"},{"data":"Dash","floor":15,"key":"SMITH"}],"path_taken":["M","M","?","$","?","R","M","R","T","R","?","M","?","$","R","BOSS"],"build_version":"2018-06-14v2","seed_source_timestamp":43328681374940,"purchased_purges":1,"victory":false,"master_deck":["Defend_G","Defend_G","Defend_G","Defend_G","Defend_G","Strike_G","Strike_G","Strike_G","Survivor","Neutralize+1","AscendersBane","Slice","Dash+1","Poisoned Stab","Footwork+1","Infinite Blades+1","Infinite Blades","PiercingWail"],"max_hp_per_floor":[66,66,66,66,66,66,66,66,66,66,66,66,66,66,66,66],"relics":["Ring of the Snake","Golden Idol","Regal Pillow"],"card_choices":[{"not_picked":["Dodge and Roll","Outmaneuver"],"picked":"Slice","floor":1},{"not_picked":["Deflect","Flying Knee"],"picked":"Dash","floor":2},{"not_picked":["Dagger Spray","Endless Agony"],"picked":"Infinite Blades","floor":5},{"not_picked":["Underhanded Strike","Riddle With Holes"],"picked":"Infinite Blades","floor":7},{"not_picked":["Slice","Catalyst"],"picked":"PiercingWail","floor":12}],"player_experience":616774,"potions_floor_usage":[],"damage_taken":[{"damage":5,"enemies":"Jaw Worm","floor":1,"turns":7},{"damage":2,"enemies":"Cultist","floor":2,"turns":4},{"damage":0,"enemies":"2 Louse","floor":5,"turns":4},{"damage":4,"enemies":"Looter","floor":7,"turns":3},{"damage":5,"enemies":"Exordium Wildlife","floor":12,"turns":6},{"damage":24,"enemies":"Hexaghost","floor":16,"turns":11}],"relics_obtained":[{"floor":9,"key":"Regal Pillow"}],"event_choices":[{"event_name":"Golden Idol","player_choice":"Take Damage","floor":3,"damage_taken":0},{"event_name":"World of Goop","player_choice":"Left","floor":11,"damage_taken":0},{"event_name":"Golden Wing","player_choice":"Card Removal","floor":13,"damage_taken":0}],"boss_relics":[],"items_purged_floors":[14],"is_endless":false,"potions_floor_spawned":[5],"seed_played":"570721225224770324","killed_by":"Hexaghost","ascension_level":14,"potions_obtained":[{"floor":5,"key":"SpeedPotion"}],"is_trial":false}