{"gold_per_floor":[14,14,14,30,45,45,78,78,128,88,102,102,102,26,26,122,122,138,5,5,23,48,48,84,9,9,24,24,57,75,93,93,192,192,212,228,13,13,34,34],"floor_reached":40,"playtime":3193,"items_purged":["Strike_G"],"score":831,"play_id":"b39e5e7d-23ef-4148-b1fc-8b824847e078","local_time":"20190529111631","is_ascension_mode":true,"campfire_choices":[{"floor":6,"key":"REST"},{"floor":8,"key":"REST"},{"floor":12,"key":"REST"},{"data":"Bouncing Flask","floor":15,"key":"SMITH"},{"data":"Outmaneuver","floor":23,"key":"SMITH"},{"floor":28,"key":"REST"},{"floor":32,"key":"REST"}],"neow_cost":"NO_GOLD","seed_source_timestamp":88736603017886,"circlet_count":0,"master_deck":["AscendersBane","Defend_G","Defend_G","Defend_G","Defend_G","Defend_G","Strike_G","Strike_G","Survivor","Neutralize+1","Unload","Poisoned Stab","Dodge and Roll","Flying Knee+1","Bouncing Flask+1","Crippling Poison","Backflip","Acrobatics","Storm of Steel","Outmaneuver+1","Prepared","Footwork","Backflip","Catalyst","Bane","Adrenaline","PiercingWail","Escape Plan+1","Deadly Poison","Tools of the Trade","Bullet Time","Escape Plan"],"relics":["Ring of the Snake","Tough Bandages","Golden Idol","Whetstone","PreservedInsect","Mercury Hourglass","Runic Pyramid","Question Card","Pen Nib","Snake Skull","Sozu","Membership Card"],"potions_floor_usage":[22],"damage_taken":[{"damage":0,"enemies":"Cultist","floor":1,"turns":4},{"damage":0,"enemies":"2 Louse","floor":4,"turns":4},{"damage":0,"enemies":"Jaw Worm","floor":5,"turns":4},{"damage":46,"enemies":"Gremlin Nob","floor":7,"turns":5},{"damage":5,"enemies":"Lots of Slimes","floor":11,"turns":5},{"damage":23,"enemies":"The Guardian","floor":16,"turns":11},{"damage":0,"enemies":"Chosen","floor":18,"turns":4},{"damage":0,"enemies":"3 Byrds","floor":21,"turns":4},{"damage":0,"enemies":"Snecko","floor":22,"turns":5},{"damage":33,"enemies":"Gremlin Leader","floor":24,"turns":7},{"damage":2,"enemies":"Centurion and Healer","floor":27,"turns":6},{"damage":5,"enemies":"Book of Stabbing","floor":29,"turns":5},{"damage":16,"enemies":"3 Cultists","floor":30,"turns":5},{"damage":0,"enemies":"Snecko","floor":31,"turns":5},{"damage":22,"enemies":"Automaton","floor":33,"turns":11},{"damage":0,"enemies":"Orb Walker","floor":35,"turns":3},{"damage":2,"enemies":"3 Darklings","floor":36,"turns":5},{"damage":29,"enemies":"Jaw Worm Horde","floor":39,"turns":5},{"damage":20,"enemies":"Reptomancer","floor":40,"turns":3}],"seed_played":"2676051732128959178","potions_obtained":[{"floor":10,"key":"SpeedPotion"},{"floor":10,"key":"FairyPotion"},{"floor":11,"key":"SkillPotion"},{"floor":16,"key":"Ancient Potion"},{"floor":22,"key":"LiquidBronze"}],"is_trial":false,"path_per_floor":["M","T","?","M","M","R","E","R","T","?","M","R","T","$","R","B",null,"M","$","?","M","M","R","E","?","T","M","R","E","M","M","R","B",null,"M","M","$","?","M","E"],"character_chosen":"THE_SILENT","items_purchased":["Backflip","Acrobatics","Prepared","Membership Card"],"campfire_rested":5,"item_purchase_floors":[14,14,19,37],"current_hp_per_floor":[59,59,36,36,36,55,9,28,28,28,23,42,42,42,42,19,54,54,54,54,54,54,54,21,21,21,19,38,33,17,17,36,14,53,53,51,51,42,13,0],"gold":34,"neow_bonus":"THREE_RARE_CARDS","is_prod":false,"is_daily":false,"chose_seed":false,"campfire_upgraded":2,"win_rate":0,"timestamp":1559121391,"path_taken":["M","?","?","?","?","R","E","R","T","?","?","R","?","$","R","BOSS","M","$","?","M","M","R","E","?","T","M","R","E","M","?","R","BOSS","M","M","$","?","?","E"],"build_version":"2019-01-23","purchased_purges":1,"victory":false,"max_hp_per_floor":[66,66,66,66,66,66,66,66,66,66,66,66,66,66,66,66,66,66,66,66,66,66,66,66,66,66,66,66,66,66,66,66,66,66,66,66,66,66,66,66],"card_choices":[{"not_picked":["Tools of the Trade","Malaise"],"picked":"Unload","floor":0},{"not_picked":["Deadly Poison","Dodge and Roll"],"picked":"Poisoned Stab","floor":1},{"not_picked":["Deflect","Eviscerate"],"picked":"Dodge and Roll","floor":4},{"not_picked":["Outmaneuver","Tactician"],"picked":"Flying Knee","floor":5},{"not_picked":["Concentrate","Slice"],"picked":"Bouncing Flask","floor":7},{"not_picked":["Deflect","Concentrate"],"picked":"Crippling Poison","floor":11},{"not_picked":["Envenom","After Image"],"picked":"Storm of Steel","floor":16},{"not_picked":["Backflip","Flying Knee"],"picked":"Outmaneuver","floor":18},{"not_picked":["Underhanded Strike","Slice"],"picked":"Backflip","floor":21},{"not_picked":["Infinite Blades","Predator","Outmaneuver"],"picked":"SKIP","floor":22},{"not_picked":["Bouncing Flask","Poisoned Stab"],"picked":"Catalyst","floor":24},{"not_picked":["Cloak And Dagger","Choke","Skewer+1"],"picked":"PiercingWail","floor":27},{"not_picked":["Quick Slash","Dagger Throw+1","Flying Knee"],"picked":"Escape Plan+1","floor":29},{"not_picked":["Cloak And Dagger","Accuracy","Bane"],"picked":"Deadly Poison","floor":30},{"not_picked":["Deflect","Flying Knee","Dash+1"],"picked":"Tools of the Trade","floor":31},{"not_picked":["Venomology","Storm of Steel","Envenom"],"picked":"Bullet Time","floor":33},{"not_picked":["Finisher","PiercingWail","Deadly Poison"],"picked":"Escape Plan","floor":35},{"not_picked":["Predator","Dash","Bane","Accuracy"],"picked":"SKIP","floor":36},{"not_picked":["Quick Slash+1","Blade Dance+1","Bouncing Flask","Deadly Poison+1"],"picked":"SKIP","floor":39}],"player_experience":614132,"relics_obtained":[{"floor":2,"key":"Tough Bandages"},{"floor":7,"key":"Whetstone"},{"floor":9,"key":"PreservedInsect"},{"floor":13,"key":"Mercury Hourglass"},{"floor":24,"key":"Question Card"},{"floor":26,"key":"Pen Nib"},{"floor":29,"key":"Snake Skull"}],"event_choices":[{"damage_healed":0,"gold_gain":0,"player_choice":"Take Damage","damage_taken":23,"relics_obtained":["Golden Idol"],"max_hp_gain":0,"max_hp_loss":0,"event_name":"Golden Idol","floor":3,"gold_loss":0},{"damage_healed":0,"gold_gain":0,"player_choice":"Bought 3 Potions","damage_taken":0,"max_hp_gain":0,"max_hp_loss":0,"event_name":"The Woman in Blue","floor":10,"gold_loss":0},{"damage_healed":0,"gold_gain":0,"player_choice":"Read","damage_taken":0,"max_hp_gain":0,"max_hp_loss":0,"event_name":"The Library","floor":20,"gold_loss":0,"cards_obtained":["Footwork"]},{"damage_healed":0,"gold_gain":0,"cards_transformed":["Strike_G","Strike_G"],"player_choice":"Transformed Cards","damage_taken":0,"max_hp_gain":0,"max_hp_loss":0,"event_name":"Designer","floor":25,"gold_loss":75,"cards_obtained":["Bane","Adrenaline"]},{"damage_healed":0,"gold_gain":0,"player_choice":"Damaged","damage_taken":9,"max_hp_gain":0,"max_hp_loss":0,"event_name":"Wheel of Change","floor":38,"gold_loss":0}],"is_beta":false,"boss_relics":[{"not_picked":["Velvet Choker","Lizard Tail"],"picked":"Runic Pyramid"},{"not_picked":["Runic Dome","White Beast Statue"],"picked":"Sozu"}],"items_purged_floors":[19],"is_endless":false,"potions_floor_spawned":[11,16,21,22,27,29,33,39],"killed_by":"Reptomancer","ascension_level":19}