{"gold_per_floor":[109,34,52,52,52,52,52,82,153,153,187,187,206,221,221,221],"floor_reached":16,"playtime":307,"items_purged":[],"score":266,"play_id":"826de08e-b9f7-4312-b4f7-ae7ca1be5a13","local_time":"20190223003009","is_ascension_mode":true,"campfire_choices":[{"data":"Zap","floor":6,"key":"SMITH"},{"data":"Dualcast","floor":12,"key":"SMITH"},{"data":"Turbo","floor":15,"key":"SMITH"}],"neow_cost":"NONE","seed_source_timestamp":448594754289888,"circlet_count":0,"master_deck":["AscendersBane","Strike_B","Strike_B","Strike_B","Defend_B","Defend_B","Defend_B","Defend_B","Zap+1","Dualcast+1","Compile Driver+1","Streamline+1","Tempest","Steam","Turbo+1"],"relics":["Cracked Core","NeowsBlessing","Lantern","Golden Idol","Ornamental Fan"],"potions_floor_usage":[11],"damage_taken":[{"damage":0,"enemies":"Jaw Worm","floor":1,"turns":1},{"damage":0,"enemies":"Small Slimes","floor":3,"turns":1},{"damage":0,"enemies":"Gremlin Nob","floor":8,"turns":1},{"damage":15,"enemies":"Lagavulin","floor":11,"turns":5},{"damage":1,"enemies":"Cultist","floor":13,"turns":3},{"damage":1,"enemies":"Lots of Slimes","floor":14,"turns":3},{"damage":26,"enemies":"The Guardian","floor":16,"turns":9}],"seed_played":"9213662314227434861","potions_obtained":[{"floor":1,"key":"Explosive Potion"},{"floor":8,"key":"Weak Potion"},{"floor":13,"key":"Poison Potion"}],"is_trial":false,"path_per_floor":["M","?","M","?","?","R","$","E","T","?","E","R","M","M","R","B"],"character_chosen":"DEFECT","items_purchased":[],"campfire_rested":0,"item_purchase_floors":[],"current_hp_per_floor":[64,64,64,43,43,43,43,43,43,43,28,28,27,26,26,0],"gold":221,"neow_bonus":"THREE_ENEMY_KILL","is_prod":false,"is_daily":false,"chose_seed":false,"campfire_upgraded":3,"win_rate":0,"timestamp":1550853009,"path_taken":["M","?","M","?","?","R","$","E","T","?","E","R","M","M","R","BOSS"],"build_version":"2019-01-23","purchased_purges":0,"victory":false,"max_hp_per_floor":[71,71,71,71,71,71,71,71,71,64,64,64,64,64,64,64],"card_choices":[{"not_picked":["Lockon","Leap"],"picked":"Compile Driver","floor":1},{"not_picked":["Barrage","Compile Driver"],"picked":"Streamline","floor":3},{"not_picked":["Amplify","Scrape","Tempest"],"picked":"SKIP","floor":8},{"not_picked":["Amplify","Scrape"],"picked":"Tempest","floor":8},{"not_picked":["Fusion","Static Discharge","Creative AI"],"picked":"SKIP","floor":11},{"not_picked":["Redo","Steam Power"],"picked":"Steam","floor":13},{"not_picked":["Tempest","Undo"],"picked":"Turbo","floor":14}],"player_experience":921650,"relics_obtained":[{"floor":8,"key":"Lantern"},{"floor":11,"key":"Ornamental Fan"}],"event_choices":[{"cards_removed":["Strike_B"],"damage_healed":0,"gold_gain":0,"player_choice":"Card Removal","damage_taken":0,"max_hp_gain":0,"max_hp_loss":0,"event_name":"The Cleric","floor":2,"gold_loss":75},{"damage_healed":0,"gold_gain":0,"player_choice":"Entered Light","damage_taken":21,"max_hp_gain":0,"max_hp_loss":0,"event_name":"Shining Light","floor":4,"gold_loss":0,"cards_upgraded":["Compile Driver","Streamline"]},{"damage_healed":0,"gold_gain":0,"player_choice":"Ignored","damage_taken":0,"max_hp_gain":0,"max_hp_loss":0,"event_name":"Liars Game","floor":5,"gold_loss":0},{"damage_healed":0,"gold_gain":0,"player_choice":"Lose Max HP","damage_taken":0,"relics_obtained":["Golden Idol"],"max_hp_gain":0,"max_hp_loss":7,"event_name":"Golden Idol","floor":10,"gold_loss":0}],"is_beta":false,"boss_relics":[],"items_purged_floors":[],"is_endless":false,"potions_floor_spawned":[1,8,13],"killed_by":"The Guardian","ascension_level":20}