{"gold_per_floor":[111,130,130,150,169,169,181,181,207,207,218,238,255,283,283,360,360,316,329,67,45,45,45,63,63,63,95,16,16,26,26,26,104,104,117,129,129,129,149,180,180,280,328,328,343,355,131,156,156,156],"floor_reached":50,"playtime":2267,"items_purged":["Strike_B","Strike_B+1"],"score":1063,"play_id":"a17708a6-9fbb-4d39-8614-963c5e2c4fa1","local_time":"20190227023721","is_ascension_mode":true,"campfire_choices":[{"data":"Sunder","floor":6.0,"key":"SMITH"},{"data":"Defragment","floor":8.0,"key":"SMITH"},{"data":"Recycle","floor":10.0,"key":"SMITH"},{"data":"Hologram","floor":15.0,"key":"SMITH"},{"data":"Double Energy","floor":23.0,"key":"SMITH"},{"data":"Turbo","floor":25.0,"key":"SMITH"},{"data":"Coolheaded","floor":29.0,"key":"SMITH"},{"floor":32.0,"key":"REST"},{"floor":41.0,"key":"REST"},{"floor":49.0,"key":"RECALL"}],"neow_cost":"NONE","seed_source_timestamp":799362612959740,"circlet_count":0,"master_deck":["AscendersBane","Strike_B+1","Defend_B+1","Defend_B+1","Defend_B+1","Defend_B+1","Zap","Dualcast+1","Turbo+1","Glacier","Recycle+1","Defragment+1","Sunder+1","BootSequence","Undo+1","Chill","Double Energy+1","Ball Lightning","Conserve Battery","Glacier","Ball Lightning+1","Hologram+1","Core Surge+1","Core Surge","Coolheaded+1","Heatsinks","Beam Cell+1","Steam","Coolheaded","Seek","Reinforced Body+1","Impatience","Stack","Turbo+1","Hologram","Blizzard"],"special_seed":0,"relics":["Orrery","War Paint","Whetstone","Runic Pyramid","Membership Card","PreservedInsect","Omamori","Lizard Tail","Boot","Torii","Art of War","Bottled Lightning","Smiling Mask"],"potions_floor_usage":[50],"damage_taken":[{"damage":9.0,"enemies":"Jaw Worm","floor":1.0,"turns":4.0},{"damage":6.0,"enemies":"Cultist","floor":2.0,"turns":4.0},{"damage":0.0,"enemies":"Small Slimes","floor":4.0,"turns":4.0},{"damage":0.0,"enemies":"2 Fungi Beasts","floor":5.0,"turns":5.0},{"damage":0.0,"enemies":"Exordium Wildlife","floor":7.0,"turns":5.0},{"damage":3.0,"enemies":"Large Slime","floor":11.0,"turns":7.0},{"damage":0.0,"enemies":"2 Fungi Beasts","floor":12.0,"turns":3.0},{"damage":1.0,"enemies":"Looter","floor":13.0,"turns":3.0},{"damage":0.0,"enemies":"3 Sentries","floor":14.0,"turns":7.0},{"damage":23.0,"enemies":"Hexaghost","floor":16.0,"turns":11.0},{"damage":0.0,"enemies":"2 Thieves","floor":18.0,"turns":5.0},{"damage":0.0,"enemies":"Spheric Guardian","floor":19.0,"turns":6.0},{"damage":3.0,"enemies":"3 Cultists","floor":24.0,"turns":7.0},{"damage":16.0,"enemies":"Book of Stabbing","floor":27.0,"turns":6.0},{"damage":5.0,"enemies":"Snake Plant","floor":30.0,"turns":5.0},{"damage":1.0,"enemies":"Automaton","floor":33.0,"turns":16.0},{"damage":2.0,"enemies":"3 Darklings","floor":35.0,"turns":8.0},{"damage":0.0,"enemies":"3 Shapes","floor":36.0,"turns":3.0},{"damage":30.0,"enemies":"Transient","floor":39.0,"turns":6.0},{"damage":11.0,"enemies":"Nemesis","floor":40.0,"turns":11.0},{"damage":0.0,"enemies":"Mind Bloom Boss Battle","floor":42.0,"turns":9.0},{"damage":18.0,"enemies":"Jaw Worm Horde","floor":45.0,"turns":8.0},{"damage":0.0,"enemies":"Spire Growth","floor":46.0,"turns":5.0},{"damage":60,"enemies":"Donu and Deca","floor":50,"turns":13}],"seed_played":"-7084720648145476420","potions_obtained":[{"floor":5.0,"key":"Strength Potion"},{"floor":7.0,"key":"Explosive Potion"},{"floor":13.0,"key":"Block Potion"},{"floor":18.0,"key":"SpeedPotion"},{"floor":27.0,"key":"PowerPotion"},{"floor":33.0,"key":"Ancient Potion"},{"floor":36.0,"key":"Block Potion"},{"floor":39.0,"key":"FocusPotion"}],"is_trial":false,"path_per_floor":["M","M","?","M","M","R","M","R","T","R","M","M","M","E","R","B",null,"M","M","$","$","?","R","M","R","T","E","$","R","M","?","R","B",null,"M","M","?","?","M","E","R","?","T","?","M","M","$","T","R","B"],"character_chosen":"DEFECT","items_purchased":["Membership Card","Heatsinks","Omamori","Blizzard","Bottled Lightning"],"campfire_rested":2,"item_purchase_floors":[20,21,28,47,47],"current_hp_per_floor":[55,49,49,49,49,49,49,49,49,49,46,46,45,45,45,22,59,59,59,59,59,39,39,36,36,36,20,20,20,15,15,37,36,66,64,64,64,54,24,13,34,34,34,34,16,16,16,16,16,3],"gold":156,"neow_bonus":"BOSS_RELIC","is_prod":false,"is_daily":false,"chose_seed":false,"campfire_upgraded":7,"win_rate":0,"timestamp":1551206241,"path_taken":["M","M","?","M","M","R","M","R","T","R","M","M","?","E","R","BOSS","M","M","?","$","?","R","M","R","T","E","$","R","M","?","R","BOSS","M","M","?","?","M","E","R","?","T","?","M","M","?","?","R","BOSS"],"build_version":"2019-01-23","purchased_purges":2,"victory":false,"max_hp_per_floor":[71,71,71,71,71,71,71,71,71,71,71,71,71,71,71,71,71,71,71,71,71,76,76,76,76,76,76,76,76,76,76,76,76,76,76,76,72,72,72,72,72,72,72,72,72,72,72,72,72,72],"card_choices":[{"not_picked":["Steam","Aggregate"],"picked":"Turbo","floor":0.0},{"not_picked":["Ball Lightning","Storm"],"picked":"Glacier","floor":0.0},{"not_picked":["Darkness","BootSequence"],"picked":"Recycle","floor":0.0},{"not_picked":["Streamline","Stack"],"picked":"Defragment","floor":0.0},{"not_picked":["Fusion","Conserve Battery"],"picked":"Sunder","floor":0.0},{"not_picked":["White Noise","Tempest"],"picked":"BootSequence","floor":1.0},{"not_picked":["Rebound","Redo"],"picked":"Undo","floor":2.0},{"not_picked":["Go for the Eyes","Compile Driver"],"picked":"Double Energy","floor":4.0},{"not_picked":["Consume","Double Energy"],"picked":"Ball Lightning","floor":5.0},{"not_picked":["Barrage","Darkness"],"picked":"Conserve Battery","floor":7.0},{"not_picked":["Cold Snap","Rip and Tear"],"picked":"Glacier","floor":11.0},{"not_picked":["Chaos","Recycle"],"picked":"Ball Lightning","floor":12.0},{"not_picked":["Redo","Cold Snap"],"picked":"Hologram","floor":13.0},{"not_picked":["Ball Lightning","Streamline"],"picked":"Core Surge","floor":14.0},{"not_picked":["Machine Learning","Meteor Strike"],"picked":"Core Surge","floor":16.0},{"not_picked":["Redo","Barrage"],"picked":"Coolheaded","floor":18.0},{"not_picked":["Go for the Eyes","Aggregate","Fusion"],"picked":"SKIP","floor":19.0},{"not_picked":["Double Energy","Gash"],"picked":"Beam Cell+1","floor":24.0},{"not_picked":["Doom and Gloom","Leap"],"picked":"Steam","floor":27.0},{"not_picked":["Leap","Hyperbeam"],"picked":"Coolheaded","floor":30.0},{"not_picked":["Core Surge","Fission"],"picked":"Seek","floor":33.0},{"not_picked":["Leap","Conserve Battery","Redo"],"picked":"SKIP","floor":35.0},{"not_picked":["Beam Cell","Compile Driver"],"picked":"Reinforced Body+1","floor":36.0},{"not_picked":["Chrysalis","Master of Strategy"],"picked":"Impatience","floor":38.0},{"not_picked":["Redo","Genetic Algorithm"],"picked":"Stack","floor":39.0},{"not_picked":["Melter","Barrage","Thunder Strike"],"picked":"SKIP","floor":40.0},{"not_picked":["Coolheaded","Compile Driver"],"picked":"Turbo+1","floor":42.0},{"not_picked":["Ball Lightning","Steam+1","Scrape+1"],"picked":"SKIP","floor":45.0},{"not_picked":["Electrodynamics","Go for the Eyes"],"picked":"Hologram","floor":46.0}],"player_experience":1018333,"relics_obtained":[{"floor":9.0,"key":"War Paint"},{"floor":14.0,"key":"Whetstone"},{"floor":27.0,"key":"PreservedInsect"},{"floor":40.0,"key":"Boot"},{"floor":42.0,"key":"Torii"},{"floor":43.0,"key":"Art of War"},{"floor":48.0,"key":"Smiling Mask"}],"event_choices":[{"damage_healed":0.0,"max_hp_gain":0.0,"max_hp_loss":0.0,"gold_gain":0.0,"cards_transformed":["Strike_B"],"event_name":"Transmorgrifier","player_choice":"Transformed","floor":3.0,"gold_loss":0.0,"damage_taken":0.0,"cards_obtained":["Chill"]},{"damage_healed":0.0,"max_hp_gain":5.0,"max_hp_loss":0.0,"gold_gain":0.0,"event_name":"Forgotten Altar","player_choice":"Shed Blood","floor":22.0,"gold_loss":0.0,"damage_taken":25.0},{"damage_healed":0.0,"max_hp_gain":0.0,"max_hp_loss":0.0,"gold_gain":0.0,"event_name":"Back to Basics","player_choice":"Simplicity","floor":31.0,"gold_loss":0.0,"damage_taken":0.0,"cards_upgraded":["Strike_B","Strike_B","Defend_B","Defend_B","Defend_B","Defend_B"]},{"damage_healed":0.0,"max_hp_gain":0.0,"max_hp_loss":4.0,"gold_gain":0.0,"event_name":"Winding Halls","player_choice":"Max HP","floor":37.0,"gold_loss":0.0,"damage_taken":0.0},{"damage_healed":0.0,"max_hp_gain":0.0,"max_hp_loss":0.0,"gold_gain":0.0,"event_name":"SensoryStone","player_choice":"Memory 3","floor":38.0,"gold_loss":0.0,"damage_taken":10.0},{"damage_healed":0.0,"max_hp_gain":0.0,"max_hp_loss":0.0,"gold_gain":0.0,"event_name":"MindBloom","player_choice":"Fight","floor":42.0,"gold_loss":0.0,"damage_taken":0.0},{"damage_healed":0.0,"max_hp_gain":0.0,"max_hp_loss":0.0,"gold_gain":0.0,"event_name":"The Moai Head","player_choice":"Ignored","floor":44.0,"gold_loss":0.0,"damage_taken":0.0}],"is_beta":false,"boss_relics":[{"not_picked":["Sozu","Fusion Hammer"],"picked":"Runic Pyramid"},{"not_picked":["White Beast Statue","Calling Bell"],"picked":"Lizard Tail"}],"items_purged_floors":[20,47],"is_endless":false,"potions_floor_spawned":[5,7,12,13,18,27,33,36,39,40,46],"killed_by":"Donu and Deca","ascension_level":20}