{"gold_per_floor":[12,62,81,81,56,56,74,74,74,74,149,149,149,163,163,240,240,260,175,100,100,125,125,144,154,154,154,167,67,67,86,86,157,157,168,168,187,25,44,0,0,0],"floor_reached":42,"playtime":1038,"items_purged":["Strike_B+1","Defend_B","Compile Driver+1"],"score":868,"play_id":"80ff1528-b563-4233-9444-332cd52cd256","local_time":"20190221153308","is_ascension_mode":true,"campfire_choices":[{"data":"Streamline","floor":6.0,"key":"SMITH"},{"data":"Beam Cell","floor":13.0,"key":"SMITH"},{"data":"Sunder","floor":15.0,"key":"SMITH"},{"data":"Coolheaded","floor":23.0,"key":"SMITH"},{"data":"Buffer","floor":27.0,"key":"SMITH"},{"data":"Blizzard","floor":30.0,"key":"SMITH"},{"data":"Capacitor","floor":32.0,"key":"SMITH"},{"data":"Madness","floor":41.0,"key":"SMITH"}],"neow_cost":"NO_GOLD","seed_source_timestamp":328916668243556,"circlet_count":0,"master_deck":["AscendersBane","Defend_B+1","Defend_B+1","Zap","Dualcast+1","Go for the Eyes","Streamline+1","Beam Cell+1","Coolheaded+1","Sunder+1","Blizzard+1","Buffer+1","Turbo+1","Capacitor+1","Core Surge+1","Coolheaded","Madness+1","Madness","Defragment"],"special_seed":0,"relics":["Cracked Core","Meat on the Bone","Runic Pyramid","Molten Egg 2","War Paint","Coffee Dripper","Red Mask"],"potions_floor_usage":[42],"damage_taken":[{"damage":1.0,"enemies":"Cultist","floor":1.0,"turns":4.0},{"damage":1.0,"enemies":"2 Louse","floor":3.0,"turns":3.0},{"damage":4.0,"enemies":"Small Slimes","floor":7.0,"turns":3.0},{"damage":0.0,"enemies":"Looter","floor":14.0,"turns":2.0},{"damage":15.0,"enemies":"Hexaghost","floor":16.0,"turns":6.0},{"damage":16.0,"enemies":"2 Thieves","floor":18.0,"turns":5.0},{"damage":0.0,"enemies":"Chosen","floor":24.0,"turns":2.0},{"damage":15.0,"enemies":"Snecko","floor":25.0,"turns":5.0},{"damage":0.0,"enemies":"Chosen and Byrds","floor":28.0,"turns":5.0},{"damage":19.0,"enemies":"Shelled Parasite and Fungi","floor":31.0,"turns":5.0},{"damage":0.0,"enemies":"Automaton","floor":33.0,"turns":9.0},{"damage":1.0,"enemies":"3 Shapes","floor":35.0,"turns":4.0},{"damage":16.0,"enemies":"Orb Walker","floor":37.0,"turns":2.0},{"damage":4.0,"enemies":"4 Shapes","floor":39.0,"turns":7.0},{"damage":80,"enemies":"Reptomancer","floor":42,"turns":6}],"seed_played":"1438097959988893428","potions_obtained":[{"floor":1.0,"key":"PowerPotion"},{"floor":7.0,"key":"Dexterity Potion"},{"floor":16.0,"key":"Dexterity Potion"},{"floor":18.0,"key":"SkillPotion"},{"floor":31.0,"key":"Swift Potion"},{"floor":33.0,"key":"FairyPotion"}],"is_trial":false,"path_per_floor":["M","?","M","?","$","R","M","$","T","?","?","?","R","M","R","B",null,"M","?","$","?","T","R","M","M","T","R","M","$","R","M","R","B",null,"M","?","M","$","M","?","R","E"],"character_chosen":"DEFECT","items_purchased":["Beam Cell","Defragment"],"campfire_rested":0,"item_purchase_floors":[5,38],"current_hp_per_floor":[63,56,55,55,55,55,51,51,51,30,19,19,19,31,31,28,60,44,44,44,44,44,44,44,41,41,41,41,41,41,34,34,46,65,64,51,47,47,43,43,43,0],"gold":0,"neow_bonus":"REMOVE_TWO","is_prod":false,"is_daily":false,"chose_seed":false,"campfire_upgraded":8,"win_rate":0,"timestamp":1550734388,"path_taken":["M","?","?","?","$","R","M","?","T","?","?","?","R","?","R","BOSS","M","?","$","?","?","R","M","M","T","R","M","$","R","M","R","BOSS","M","?","M","$","M","?","R","E"],"build_version":"2019-01-23","purchased_purges":3,"victory":false,"max_hp_per_floor":[71,71,71,71,71,71,71,71,71,71,71,71,71,71,71,71,71,71,71,71,71,71,71,71,71,71,71,71,71,71,71,71,71,71,71,71,71,71,71,71,71,71],"card_choices":[{"not_picked":["Lockon","Sweeping Beam"],"picked":"Go for the Eyes","floor":1.0},{"not_picked":["Turbo","Ball Lightning"],"picked":"Streamline","floor":3.0},{"not_picked":["Amplify","Sunder"],"picked":"Coolheaded","floor":7.0},{"not_picked":["Gash","Coolheaded"],"picked":"Blizzard","floor":14.0},{"not_picked":["Thunder Strike","Amplify"],"picked":"Buffer","floor":16.0},{"not_picked":["Reinforced Body+1","Leap"],"picked":"Turbo+1","floor":18.0},{"not_picked":["Streamline+1","Gash+1","Darkness"],"picked":"SKIP","floor":24.0},{"not_picked":["Go for the Eyes+1","Stack","Rebound+1"],"picked":"SKIP","floor":25.0},{"not_picked":["Coolheaded","Go for the Eyes+1"],"picked":"Compile Driver+1","floor":28.0},{"not_picked":["Ball Lightning+1","Stack"],"picked":"Capacitor","floor":31.0},{"not_picked":["Meteor Strike+1","Seek"],"picked":"Core Surge+1","floor":33.0},{"not_picked":["Aggregate+1","Compile Driver+1"],"picked":"Coolheaded","floor":35.0},{"not_picked":["Rip and Tear+1","Barrage+1","Turbo"],"picked":"SKIP","floor":37.0},{"not_picked":["Reprogram+1","Gash+1","Stack"],"picked":"SKIP","floor":39.0}],"player_experience":880032,"relics_obtained":[{"floor":9.0,"key":"Meat on the Bone"},{"floor":22.0,"key":"War Paint"}],"event_choices":[{"damage_healed":0.0,"max_hp_gain":0.0,"max_hp_loss":0.0,"gold_gain":50.0,"event_name":"FaceTrader","player_choice":"Touch","floor":2.0,"gold_loss":0.0,"damage_taken":7.0},{"cards_removed":["Strike_B"],"damage_healed":0.0,"max_hp_gain":0.0,"max_hp_loss":0.0,"gold_gain":0.0,"event_name":"Bonfire Elementals","player_choice":"Offered Basic","floor":4.0,"gold_loss":0.0,"damage_taken":0.0},{"damage_healed":0.0,"max_hp_gain":0.0,"max_hp_loss":0.0,"gold_gain":0.0,"event_name":"Shining Light","player_choice":"Entered Light","floor":10.0,"gold_loss":0.0,"damage_taken":21.0,"cards_upgraded":["Dualcast","Strike_B"]},{"damage_healed":0.0,"max_hp_gain":0.0,"max_hp_loss":0.0,"gold_gain":75.0,"event_name":"World of Goop","player_choice":"Gather Gold","floor":11.0,"gold_loss":0.0,"damage_taken":11.0},{"damage_healed":0.0,"max_hp_gain":0.0,"max_hp_loss":0.0,"gold_gain":0.0,"cards_transformed":["Strike_B"],"event_name":"Living Wall","player_choice":"Change","floor":12.0,"gold_loss":0.0,"damage_taken":0.0,"cards_obtained":["Sunder"]},{"damage_healed":0.0,"max_hp_gain":0.0,"max_hp_loss":0.0,"gold_gain":0.0,"event_name":"Addict","player_choice":"Obtained Relic","floor":19.0,"gold_loss":85.0,"damage_taken":0.0,"relics_obtained":["Molten Egg 2"]},{"damage_healed":0.0,"max_hp_gain":0.0,"max_hp_loss":0.0,"gold_gain":0.0,"event_name":"Vampires","player_choice":"Ignored","floor":21.0,"gold_loss":0.0,"damage_taken":0.0},{"damage_healed":0.0,"max_hp_gain":0.0,"max_hp_loss":0.0,"gold_gain":0.0,"event_name":"Winding Halls","player_choice":"Embrace Madness","floor":36.0,"gold_loss":0.0,"damage_taken":13.0,"cards_obtained":["Madness","Madness"]},{"damage_healed":0.0,"max_hp_gain":0.0,"max_hp_loss":0.0,"gold_gain":0.0,"event_name":"Tomb of Lord Red Mask","player_choice":"Paid","floor":40.0,"gold_loss":44.0,"damage_taken":0.0,"relics_obtained":["Red Mask"]}],"is_beta":false,"boss_relics":[{"not_picked":["Velvet Choker","Orrery"],"picked":"Runic Pyramid"},{"not_picked":["Philosopher\u0027s Stone","Tiny House"],"picked":"Coffee Dripper"}],"items_purged_floors":[20,29,38],"is_endless":false,"potions_floor_spawned":[1,7,16,18,31,33,35],"killed_by":"Reptomancer","ascension_level":20}