{"gold_per_floor":[117,267,342,342,360,390,390,221,221,321,106,117,131,31,31,31],"floor_reached":16,"playtime":202,"items_purged":["Doubt","Strike_G"],"score":246,"play_id":"329ad143-c573-4964-8480-85c5d3668c75","local_time":"20190109142321","is_ascension_mode":true,"campfire_choices":[{"data":"Neutralize","floor":7,"key":"SMITH"},{"data":"Deadly Poison","floor":15,"key":"SMITH"}],"neow_cost":"NONE","seed_source_timestamp":8478218474196,"circlet_count":0,"master_deck":["AscendersBane","Defend_G","Defend_G","Defend_G","Defend_G","Defend_G","Strike_G","Strike_G","Strike_G","Strike_G","Survivor","Neutralize+1","Deadly Poison+1","Concentrate","Purity","Acrobatics"],"relics":["Ring of the Snake","NeowsBlessing","Bag of Marbles","Mummified Hand","Ornamental Fan","Bag of Preparation"],"potions_floor_usage":[13],"damage_taken":[{"damage":0,"enemies":"2 Louse","floor":1,"turns":1},{"damage":0,"enemies":"Jaw Worm","floor":5,"turns":1},{"damage":0,"enemies":"Gremlin Nob","floor":6,"turns":1},{"damage":4,"enemies":"Small Slimes","floor":12,"turns":4},{"damage":4,"enemies":"Exordium Thugs","floor":13,"turns":4},{"damage":0,"enemies":"Hexaghost","floor":16,"turns":1}],"seed_played":"-6918950281687540513","potions_obtained":[{"floor":1,"key":"Fire Potion"},{"floor":5,"key":"Ancient Potion"},{"floor":12,"key":"GhostInAJar"}],"is_trial":false,"path_per_floor":["M","?","?","?","M","E","R","$","T","?","$","M","M","$","R","B"],"character_chosen":"THE_SILENT","items_purchased":["Purity","Acrobatics","Bag of Preparation"],"campfire_rested":0,"item_purchase_floors":[8,11,11],"current_hp_per_floor":[59,59,48,30,30,30,30,30,30,30,30,26,22,22,22,22],"gold":31,"neow_bonus":"THREE_ENEMY_KILL","is_prod":false,"is_daily":false,"chose_seed":false,"campfire_upgraded":2,"win_rate":0,"timestamp":1547015001,"path_taken":["M","?","?","?","M","E","R","$","T","?","$","M","M","$","R","BOSS"],"build_version":"2019-01-03v4","purchased_purges":2,"victory":false,"max_hp_per_floor":[66,66,66,66,66,66,66,66,66,66,66,66,66,66,66,66],"card_choices":[{"not_picked":["Dagger Throw","Bane"],"picked":"Deadly Poison","floor":1},{"not_picked":["Backflip","Accuracy"],"picked":"Concentrate","floor":5},{"not_picked":["Cloak And Dagger","Quick Slash","Choke"],"picked":"SKIP","floor":6},{"not_picked":["Prepared","Dagger Spray","Choke"],"picked":"SKIP","floor":12},{"not_picked":["Slice","Dagger Spray","Dodge and Roll"],"picked":"SKIP","floor":13}],"player_experience":1880012,"relics_obtained":[{"floor":6,"key":"Mummified Hand"},{"floor":9,"key":"Ornamental Fan"}],"event_choices":[{"damage_healed":0,"gold_gain":150,"player_choice":"AGREE","damage_taken":0,"max_hp_gain":0,"max_hp_loss":0,"event_name":"Liars Game","floor":2,"gold_loss":0,"cards_obtained":["Doubt"]},{"damage_healed":0,"gold_gain":75,"player_choice":"Gather Gold","damage_taken":11,"max_hp_gain":0,"max_hp_loss":0,"event_name":"World of Goop","floor":3,"gold_loss":0},{"damage_healed":0,"gold_gain":0,"player_choice":"Success","damage_taken":18,"relics_obtained":["Bag of Marbles"],"max_hp_gain":0,"max_hp_loss":0,"event_name":"Scrap Ooze","floor":4,"gold_loss":0},{"damage_healed":0,"gold_gain":100,"player_choice":"Gold","damage_taken":0,"max_hp_gain":0,"max_hp_loss":0,"event_name":"Wheel of Change","floor":10,"gold_loss":0}],"is_beta":false,"boss_relics":[],"items_purged_floors":[8,14],"is_endless":false,"potions_floor_spawned":[1,5,12],"killed_by":"Hexaghost","ascension_level":20}