{"gold_per_floor":[111,128,35,54,54,54,97,118,142,142,186,186,186,200,200,325,325,345,345,470,170,190,231,231,270,270,314,339,364,408,431,431,554,554,577,283,283,283,298,298,334,357,357,420,420,420,463,155,155,155,155,155,106,139,139],"floor_reached":56,"playtime":3293,"items_purged":["Defend_G","Strike_G+1","Caltrops+1"],"score":1603,"play_id":"d63fda37-4036-476b-a2fc-3c49a102376d","local_time":"20190304130822","is_ascension_mode":true,"campfire_choices":[{"data":"Predator","floor":6.0,"key":"SMITH"},{"data":"Tactician","floor":10.0,"key":"SMITH"},{"data":"Acrobatics","floor":12.0,"key":"SMITH"},{"data":"Wraith Form v2","floor":15.0,"key":"SMITH"},{"data":"Catalyst","floor":32.0,"key":"SMITH"},{"data":"Apotheosis","floor":40.0,"key":"SMITH"},{"data":"Catalyst","floor":46,"key":"SMITH"},{"floor":49,"key":"RECALL"},{"data":"Backstab","floor":52,"key":"SMITH"}],"neow_cost":"NONE","seed_source_timestamp":174384111745835,"circlet_count":0,"master_deck":["Defend_G","Defend_G","Defend_G","Survivor","Neutralize","Predator+1","Acrobatics+1","Tactician+1","Backstab+1","Reflex","Wraith Form v2+1","Die Die Die","Crippling Poison+1","Catalyst+1","After Image","Catalyst+1","Acrobatics","Leg Sweep","After Image","Venomology+1","PiercingWail+1","Prepared","Apotheosis+1","After Image","Acrobatics+1","Well Laid Plans+1"],"special_seed":0,"relics":["Velvet Choker","Golden Idol","Anchor","Bag of Marbles","Whetstone","Empty Cage","Du-Vu Doll","Meat on the Bone","Incense Burner","PreservedInsect","Dodecahedron","Blood Vial","Juzu Bracelet","Astrolabe","Pen Nib","Ginger","MawBank","TwistedFunnel","Kunai"],"potions_floor_usage":[44,50,55,55],"damage_taken":[{"damage":6.0,"enemies":"Jaw Worm","floor":1.0,"turns":7.0},{"damage":5.0,"enemies":"Small Slimes","floor":2.0,"turns":4.0},{"damage":0.0,"enemies":"2 Louse","floor":4.0,"turns":2.0},{"damage":18.0,"enemies":"3 Sentries","floor":7.0,"turns":8.0},{"damage":2.0,"enemies":"Looter","floor":8.0,"turns":3.0},{"damage":11.0,"enemies":"Gremlin Nob","floor":11.0,"turns":4.0},{"damage":0.0,"enemies":"2 Fungi Beasts","floor":14.0,"turns":2.0},{"damage":27.0,"enemies":"The Guardian","floor":16.0,"turns":11.0},{"damage":0.0,"enemies":"Chosen","floor":18.0,"turns":4.0},{"damage":0.0,"enemies":"Colosseum Slavers","floor":20.0,"turns":5.0},{"damage":17.0,"enemies":"Colosseum Nobs","floor":20.0,"turns":4.0},{"damage":9.0,"enemies":"2 Thieves","floor":22.0,"turns":4.0},{"damage":17.0,"enemies":"Slavers","floor":23.0,"turns":6.0},{"damage":5.0,"enemies":"Gremlin Leader","floor":25.0,"turns":7.0},{"damage":11.0,"enemies":"Slavers","floor":27.0,"turns":3.0},{"damage":3.0,"enemies":"3 Cultists","floor":28.0,"turns":4.0},{"damage":0.0,"enemies":"Snake Plant","floor":29.0,"turns":3.0},{"damage":9.0,"enemies":"Book of Stabbing","floor":30.0,"turns":4.0},{"damage":0.0,"enemies":"Centurion and Healer","floor":31.0,"turns":5.0},{"damage":16.0,"enemies":"Champ","floor":33.0,"turns":9.0},{"damage":0.0,"enemies":"3 Shapes","floor":35.0,"turns":4.0},{"damage":29.0,"enemies":"3 Darklings","floor":39.0,"turns":5.0},{"damage":2.0,"enemies":"Nemesis","floor":41.0,"turns":7.0},{"damage":0.0,"enemies":"Transient","floor":42.0,"turns":5.0},{"damage":3,"enemies":"2 Orb Walkers","floor":44,"turns":5},{"damage":0,"enemies":"Giant Head","floor":47,"turns":6},{"damage":17,"enemies":"Awakened One","floor":50,"turns":23},{"damage":36,"enemies":"Shield and Spear","floor":54,"turns":6},{"damage":20,"enemies":"The Heart","floor":55,"turns":13}],"seed_played":"-1464970146995745323","potions_obtained":[{"floor":2.0,"key":"LiquidBronze"},{"floor":7.0,"key":"Energy Potion"},{"floor":11.0,"key":"PowerPotion"},{"floor":16.0,"key":"SteroidPotion"},{"floor":20.0,"key":"Strength Potion"},{"floor":25.0,"key":"Fire Potion"},{"floor":29.0,"key":"EssenceOfSteel"},{"floor":41.0,"key":"Swift Potion"}],"is_trial":false,"path_per_floor":["M","M","$","M","?","R","E","M","T","R","E","R","?","M","R","B",null,"M","?","?","$","M","E","?","E","T","E","M","M","E","M","R","B",null,"M","$","?","?","M","R","E","M","T","?","?","R","E","$","R","B",null,"R","$","E","B",null],"character_chosen":"THE_SILENT","items_purchased":["Acrobatics","Infinite Blades","Catalyst","After Image","Prepared","Apotheosis","TwistedFunnel","Energy Potion"],"campfire_rested":0,"item_purchase_floors":[3,3,21,21,36,36,48,53],"current_hp_per_floor":[64,59,59,59,59,59,41,39,39,39,28,28,49,49,49,22,65,65,65,48,48,39,34,34,41,41,42,41,43,36,38,38,36,65,65,65,65,65,36,36,36,38,38,37,37,37,39,39,39,36,62,62,62,38,32],"gold":139,"neow_bonus":"BOSS_RELIC","is_prod":false,"is_daily":false,"chose_seed":false,"campfire_upgraded":8,"win_rate":0,"timestamp":1551676102,"path_taken":["M","M","$","M","?","R","E","M","T","R","E","R","?","M","R","BOSS","M","?","?","$","M","E","?","E","T","E","M","M","E","M","R","BOSS","M","$","?","?","M","R","E","M","T","?","?","R","E","?","R","BOSS","R","$","E","BOSS"],"build_version":"2019-01-23","purchased_purges":3,"victory":true,"max_hp_per_floor":[70,70,70,70,65,65,65,65,65,65,65,65,65,65,65,65,65,65,65,65,65,65,65,65,65,65,65,65,65,65,65,65,65,65,65,65,65,65,65,65,65,65,65,65,62,62,62,62,62,62,62,62,62,62,62],"card_choices":[{"not_picked":["Poisoned Stab","Dagger Spray","Slice"],"picked":"SKIP","floor":1.0},{"not_picked":["Calculated Gamble","Dagger Spray"],"picked":"Predator","floor":2.0},{"not_picked":["Deflect","Eviscerate"],"picked":"Tactician","floor":4.0},{"not_picked":["Tactician","Choke"],"picked":"Backstab","floor":7.0},{"not_picked":["Masterful Stab","Dash"],"picked":"Reflex","floor":8.0},{"not_picked":["Dagger Spray","Predator"],"picked":"Wraith Form v2","floor":11.0},{"not_picked":["Deadly Poison","Underhanded Strike","Slice"],"picked":"SKIP","floor":14.0},{"not_picked":["Bullet Time","Malaise"],"picked":"Die Die Die","floor":16.0},{"not_picked":["Outmaneuver+1","Deadly Poison"],"picked":"Crippling Poison+1","floor":18.0},{"not_picked":["Cloak And Dagger","Dodge and Roll"],"picked":"Crippling Poison+1","floor":20.0},{"not_picked":["Endless Agony","Poisoned Stab+1","Predator"],"picked":"SKIP","floor":22.0},{"not_picked":["Finisher+1","Unload","Skewer"],"picked":"SKIP","floor":23.0},{"not_picked":["Poisoned Stab+1","Finisher","Blade Dance+1"],"picked":"SKIP","floor":25.0},{"not_picked":["Footwork","Underhanded Strike+1"],"picked":"Acrobatics","floor":27.0},{"not_picked":["Caltrops+1","Finisher+1","PiercingWail"],"picked":"SKIP","floor":28.0},{"not_picked":["Tools of the Trade","Backflip"],"picked":"Leg Sweep","floor":29.0},{"not_picked":["Flying Knee+1","Reflex","Flechettes+1"],"picked":"SKIP","floor":30.0},{"not_picked":["Deflect","Poisoned Stab","Flying Knee"],"picked":"SKIP","floor":31.0},{"not_picked":["Adrenaline","Phantasmal Killer"],"picked":"After Image","floor":33.0},{"not_picked":["Deflect+1","Outmaneuver+1","Sucker Punch+1"],"picked":"SKIP","floor":35.0},{"not_picked":["Distraction","PiercingWail","Underhanded Strike+1"],"picked":"SKIP","floor":39.0},{"not_picked":["Finisher","Dodge and Roll","Leg Sweep+1"],"picked":"SKIP","floor":41.0},{"not_picked":["Quick Slash+1","Noxious Fumes"],"picked":"After Image","floor":42.0},{"not_picked":["Flying Knee+1","Dagger Spray+1"],"picked":"Acrobatics+1","floor":47},{"not_picked":["Endless Agony+1","Sucker Punch"],"picked":"Well Laid Plans+1","floor":54}],"player_experience":12877,"relics_obtained":[{"floor":7.0,"key":"Anchor"},{"floor":9.0,"key":"Bag of Marbles"},{"floor":11.0,"key":"Whetstone"},{"floor":20.0,"key":"Du-Vu Doll"},{"floor":20.0,"key":"Meat on the Bone"},{"floor":23.0,"key":"Incense Burner"},{"floor":25.0,"key":"PreservedInsect"},{"floor":26.0,"key":"Dodecahedron"},{"floor":27.0,"key":"Blood Vial"},{"floor":30.0,"key":"Juzu Bracelet"},{"floor":41.0,"key":"Pen Nib"},{"floor":44,"key":"Ginger"},{"floor":47,"key":"MawBank"},{"floor":54,"key":"Kunai"}],"event_choices":[{"damage_healed":0.0,"max_hp_gain":0.0,"max_hp_loss":5.0,"gold_gain":0.0,"event_name":"Golden Idol","player_choice":"Lose Max HP","floor":5.0,"gold_loss":0.0,"damage_taken":0.0,"relics_obtained":["Golden Idol"]},{"damage_healed":21.0,"max_hp_gain":0.0,"max_hp_loss":0.0,"gold_gain":0.0,"event_name":"Big Fish","player_choice":"Banana","floor":13.0,"gold_loss":0.0,"damage_taken":0.0},{"cards_removed":["Strike_G"],"damage_healed":0.0,"max_hp_gain":0.0,"max_hp_loss":0.0,"gold_gain":0.0,"event_name":"Back to Basics","player_choice":"Elegance","floor":19.0,"gold_loss":0.0,"damage_taken":0.0},{"damage_healed":0.0,"max_hp_gain":0.0,"max_hp_loss":0.0,"gold_gain":0.0,"event_name":"Colosseum","player_choice":"Fight","floor":20.0,"gold_loss":0.0,"damage_taken":0.0},{"damage_healed":0.0,"max_hp_gain":0.0,"max_hp_loss":0.0,"gold_gain":0.0,"event_name":"Colosseum","player_choice":"Fought Nobs","floor":20.0,"gold_loss":0.0,"damage_taken":0.0},{"damage_healed":0.0,"max_hp_gain":0.0,"max_hp_loss":0.0,"gold_gain":0.0,"event_name":"Duplicator","player_choice":"Copied","floor":24.0,"gold_loss":0.0,"damage_taken":0.0,"cards_obtained":["Catalyst"]},{"cards_removed":["Infinite Blades"],"damage_healed":0.0,"max_hp_gain":0.0,"max_hp_loss":0.0,"gold_gain":0.0,"event_name":"Falling","player_choice":"Removed Power","floor":37.0,"gold_loss":0.0,"damage_taken":0.0},{"damage_healed":0.0,"max_hp_gain":0.0,"max_hp_loss":0.0,"gold_gain":0.0,"event_name":"Tomb of Lord Red Mask","player_choice":"Ignored","floor":38.0,"gold_loss":0.0,"damage_taken":0.0},{"damage_healed":0,"gold_gain":0,"player_choice":"Fight","damage_taken":0,"max_hp_gain":0,"max_hp_loss":0,"event_name":"Mysterious Sphere","floor":44,"gold_loss":0},{"damage_healed":0,"gold_gain":0,"player_choice":"Max HP","damage_taken":0,"max_hp_gain":0,"max_hp_loss":3,"event_name":"Winding Halls","floor":45,"gold_loss":0}],"is_beta":false,"boss_relics":[{"not_picked":["Snecko Eye","Black Star"],"picked":"Empty Cage"},{"not_picked":["Philosopher\u0027s Stone","Runic Dome"],"picked":"Astrolabe"}],"items_purged_floors":[21,36,48],"is_endless":false,"potions_floor_spawned":[2,7,11,16,18,20,20,25,29,33,35,41,44],"ascension_level":1}