{"gold_per_floor":[114,128,148,159,159,159,177,210,210,235,247,247,274,289,289,387,387,404,418,438,454,419,419],"floor_reached":23,"playtime":2609,"items_purged":[],"score":260,"play_id":"fe5e234a-17ef-41d9-a48e-a2dade9326e7","local_time":"20190718184037","is_ascension_mode":true,"campfire_choices":[{"data":"Headbutt","floor":6.0,"key":"SMITH"},{"floor":12.0,"key":"REST"},{"data":"Heavy Blade","floor":15.0,"key":"SMITH"}],"neow_cost":"TEN_PERCENT_HP_LOSS","seed_source_timestamp":0,"circlet_count":0,"master_deck":["Strike_R","Strike_R","Strike_R","Strike_R","Strike_R","Defend_R","Defend_R","Defend_R","Defend_R","Bash","Inflame+1","Shrug It Off","Twin Strike","Headbutt+1","Heavy Blade+1","Pummel","Flex","Reaper","Pummel","Double Tap","Pummel","Burning Pact","Clash","Ghostly Armor","Anger","Flex","Clash","Battle Trance","Sever Soul"],"special_seed":0,"relics":["Burning Blood","Nunchaku","Gambling Chip","Darkstone Periapt","Strawberry","Bottled Lightning","Orrery"],"potions_floor_usage":[23],"damage_taken":[{"damage":0.0,"enemies":"2 Louse","floor":1.0,"turns":3.0},{"damage":1.0,"enemies":"Cultist","floor":2.0,"turns":3.0},{"damage":3.0,"enemies":"Jaw Worm","floor":3.0,"turns":5.0},{"damage":16.0,"enemies":"Exordium Wildlife","floor":4.0,"turns":6.0},{"damage":1.0,"enemies":"Looter","floor":7.0,"turns":3.0},{"damage":27.0,"enemies":"3 Sentries","floor":8.0,"turns":7.0},{"damage":23.0,"enemies":"Lagavulin","floor":10.0,"turns":5.0},{"damage":13.0,"enemies":"Large Slime","floor":11.0,"turns":4.0},{"damage":25.0,"enemies":"Gremlin Nob","floor":13.0,"turns":4.0},{"damage":14.0,"enemies":"Red Slaver","floor":14.0,"turns":2.0},{"damage":26.0,"enemies":"Slime Boss","floor":16.0,"turns":9.0},{"damage":2.0,"enemies":"3 Byrds","floor":18.0,"turns":5.0},{"damage":7,"enemies":"Shell Parasite","floor":19,"turns":5},{"damage":6,"enemies":"Centurion and Healer","floor":20,"turns":3},{"damage":42,"enemies":"Snake Plant","floor":21,"turns":4},{"damage":49,"enemies":"Slavers","floor":23,"turns":4}],"seed_played":"7617020119195879869","potions_obtained":[{"floor":2.0,"key":"Block Potion"},{"floor":4.0,"key":"GamblersBrew"},{"floor":8.0,"key":"BloodPotion"},{"floor":11.0,"key":"BloodPotion"},{"floor":14.0,"key":"Dexterity Potion"}],"is_trial":false,"path_per_floor":["M","M","M","M","?","R","M","E","T","E","M","R","E","M","R","B",null,"M","M","M","M","$","E"],"character_chosen":"IRONCLAD","items_purchased":["Sever Soul"],"campfire_rested":1,"item_purchase_floors":[22],"current_hp_per_floor":[72,72,72,62,62,62,67,46,46,36,29,52,52,44,44,33,79,79,78,78,42,42,12],"gold":419,"neow_bonus":"ONE_RARE_RELIC","is_prod":false,"is_daily":false,"chose_seed":false,"campfire_upgraded":2,"win_rate":0,"timestamp":1563493237,"path_taken":["M","M","M","M","?","R","?","E","T","E","M","R","E","M","R","BOSS","M","M","M","M","$","E"],"build_version":"2019-07-17","purchased_purges":0,"victory":false,"max_hp_per_floor":[72,72,72,72,72,72,72,72,72,79,79,79,79,79,79,79,79,79,79,79,79,79,79],"card_choices":[{"not_picked":["Havoc","Disarm"],"picked":"Inflame","floor":1.0},{"not_picked":["Thunderclap","Body Slam"],"picked":"Shrug It Off","floor":2.0},{"not_picked":["Thunderclap","Infernal Blade"],"picked":"Twin Strike","floor":3.0},{"not_picked":["Thunderclap","Twin Strike"],"picked":"Headbutt","floor":4.0},{"not_picked":["Thunderclap","Blood for Blood"],"picked":"Heavy Blade","floor":7.0},{"not_picked":["Burning Pact","Combust"],"picked":"Pummel","floor":8.0},{"not_picked":["Pommel Strike","Cleave","Feel No Pain"],"picked":"SKIP","floor":10.0},{"not_picked":["Heavy Blade","Juggernaut"],"picked":"Flex","floor":11.0},{"not_picked":["Wild Strike","Anger"],"picked":"Reaper","floor":13.0},{"not_picked":["Shrug It Off","Heavy Blade"],"picked":"Pummel","floor":14.0},{"not_picked":["Immolate","Barricade"],"picked":"Double Tap","floor":16.0},{"not_picked":["Evolve","Thunderclap"],"picked":"Pummel","floor":17.0},{"not_picked":["Warcry","Anger"],"picked":"Burning Pact","floor":17.0},{"not_picked":["Cleave","Iron Wave"],"picked":"Clash","floor":17.0},{"not_picked":["Feel No Pain","Warcry"],"picked":"Ghostly Armor","floor":17.0},{"not_picked":["Armaments","Sword Boomerang"],"picked":"Anger","floor":17.0},{"not_picked":["Cleave","Twin Strike","Reckless Charge+1"],"picked":"SKIP","floor":18},{"not_picked":["Perfected Strike","Sword Boomerang+1"],"picked":"Flex","floor":19},{"not_picked":["Thunderclap","Shrug It Off"],"picked":"Clash","floor":20},{"not_picked":["Headbutt","Havoc"],"picked":"Battle Trance","floor":21}],"player_experience":221019,"relics_obtained":[{"floor":8.0,"key":"Gambling Chip"},{"floor":9.0,"key":"Darkstone Periapt"},{"floor":10.0,"key":"Strawberry"},{"floor":13.0,"key":"Bottled Lightning"}],"event_choices":[{"damage_healed":0.0,"max_hp_gain":0.0,"max_hp_loss":0.0,"gold_gain":0.0,"event_name":"Upgrade Shrine","player_choice":"Upgraded","floor":5.0,"gold_loss":0.0,"damage_taken":0.0,"cards_upgraded":["Inflame"]}],"is_beta":false,"boss_relics":[{"not_picked":["Eternal Feather","Cursed Key"],"picked":"Orrery"}],"items_purged_floors":[],"is_endless":false,"potions_floor_spawned":[2,4,8,11,14],"killed_by":"Slavers","ascension_level":4}