{"path_per_floor":["M","M","?","?","?","R","E","$","T","?","M","M","R","$","R","B",null,"M","?","$","M","M","R","E","M","T"],"character_chosen":"IRONCLAD","items_purchased":["Happy Flower","Pummel"],"gold_per_floor":[119,139,139,314,274,274,299,73,73,73,93,111,111,11,11,113,113,124,124,85,104,116,116,145,163,163,198],"floor_reached":27,"campfire_rested":1,"playtime":975,"current_hp_per_floor":[69,72,69,69,69,69,39,39,39,32,50,56,56,56,56,35,72,56,40,40,54,39,60,52,57,57,51],"items_purged":["Doubt","Defend_R"],"gold":198,"score":251,"play_id":"2628699e-7d84-48aa-b7f4-4e300ae4a9a5","local_time":"20180402173857","is_prod":false,"is_daily":false,"is_ascension_mode":false,"campfire_upgraded":3,"timestamp":1522683537,"path_taken":["M","M","?","?","?","R","E","$","T","?","M","?","R","?","R","BOSS","M","?","?","M","M","R","E","M","T","E"],"build_version":"2018-03-29v2","purchased_purges":2,"victory":false,"master_deck":["Strike_R","Strike_R","Strike_R","Strike_R","Strike_R","Bash","Flex+1","Heavy Blade+1","Flex+1","Metallicize+1","Combust+1","Juggernaut+1","Spot Weakness","Pummel","Flex+1","Bloodletting","True Grit+1"],"max_hp_per_floor":[72,72,72,72,72,72,72,72,72,72,72,72,72,72,72,72,72,72,72,72,72,72,72,72,72,72,72],"relics":["Burning Blood","Frozen Egg 2","Meat on the Bone","Happy Flower","Gambling Chip","Philosopher\u0027s Stone","Nilry\u0027s Codex","Ginger","Ice Cream","Shovel"],"card_choices":[{"not_picked":["Perfected Strike","Cleave"],"picked":"Flex","floor":1},{"not_picked":["Armaments","Brutality"],"picked":"Heavy Blade","floor":2},{"not_picked":["Thunderclap","Ghostly Armor"],"picked":"Flex","floor":7},{"not_picked":["Heavy Blade","Pommel Strike"],"picked":"Metallicize","floor":11},{"not_picked":["Twin Strike","Feel No Pain"],"picked":"Combust","floor":12},{"not_picked":["Bludgeon","Fiend Fire"],"picked":"Juggernaut","floor":16},{"not_picked":["Anger","Shrug It Off"],"picked":"Spot Weakness","floor":18},{"not_picked":["Body Slam","Reckless Charge"],"picked":"Flex","floor":21},{"not_picked":["Shrug It Off","Pommel Strike"],"picked":"Bloodletting","floor":22},{"not_picked":["Headbutt","Iron Wave"],"picked":"True Grit","floor":25}],"player_experience":217570,"potions_floor_usage":[7,27,27,27],"damage_taken":[{"damage":9,"enemies":"2 Louse","floor":1,"turns":3},{"damage":0,"enemies":"Small Slimes","floor":2,"turns":2},{"damage":36,"enemies":"3 Sentries","floor":7,"turns":10},{"damage":0,"enemies":"Cultist","floor":11,"turns":2},{"damage":0,"enemies":"2 Fungi Beasts","floor":12,"turns":2},{"damage":39,"enemies":"Hexaghost","floor":16,"turns":5},{"damage":22,"enemies":"2 Thieves","floor":18,"turns":3},{"damage":4,"enemies":"Spheric Guardian","floor":21,"turns":2},{"damage":33,"enemies":"Snecko","floor":22,"turns":4},{"damage":14,"enemies":"Gremlin Leader","floor":24,"turns":4},{"damage":1,"enemies":"Cultist and Chosen","floor":25,"turns":3},{"damage":24,"enemies":"Book of Stabbing","floor":27,"turns":3}],"event_choices":[{"event_name":"Scrap Ooze","player_choice":"success","floor":3,"damage_taken":3},{"event_name":"Liars Game","player_choice":"agreed","floor":4,"damage_taken":0},{"event_name":"The Woman in Blue","player_choice":"Bought 3 Potions","floor":5,"damage_taken":0},{"event_name":"Golden Wing","player_choice":"Card Removal","floor":10,"damage_taken":0},{"event_name":"Cursed Tome","player_choice":"Obtained Book","floor":19,"damage_taken":0}],"boss_relics":[{"not_picked":["Runic Dome","Lizard Tail"],"picked":"Philosopher\u0027s Stone"}],"potions_floor_spawned":[11,16,22,25],"seed_played":"8156224241208676912","killed_by":"Book of Stabbing","ascension_level":0,"is_trial":false}