{"gold_per_floor":[113,37,56,156,170,170,187,187,213,247,247,100,119,119,119,248,248,269,126,150,81,81,81,117,117,191,191,191,204,61,74,74,179,179,192,203,103,118,134,134,161,161,184,184,184,218,244,244,244,244],"floor_reached":51,"playtime":1557,"items_purged":["Strike_B","Strike_B"],"score":721,"play_id":"821dcb26-a69a-49c5-ade9-5a47764828ee","local_time":"20190717192527","is_ascension_mode":false,"campfire_choices":[{"data":"Creative AI","floor":6.0,"key":"SMITH"},{"data":"Storm","floor":8.0,"key":"SMITH"},{"data":"Defragment","floor":15.0,"key":"SMITH"},{"data":"Storm","floor":23.0,"key":"SMITH"},{"data":"Storm","floor":25.0,"key":"SMITH"},{"data":"Heatsinks","floor":27.0,"key":"SMITH"},{"data":"Amplify","floor":32.0,"key":"SMITH"},{"data":"Buffer","floor":40.0,"key":"SMITH"},{"data":"Loop","floor":42,"key":"SMITH"},{"data":"Loop","floor":44,"key":"SMITH"},{"data":"Defragment","floor":49,"key":"SMITH"}],"neow_cost":"PERCENT_DAMAGE","seed_source_timestamp":6035848088506,"circlet_count":0,"master_deck":["Strike_B","Defend_B","Defend_B","Defend_B+1","Defend_B","Zap","Dualcast","Creative AI+1","Storm+1","Loop+1","Auto Shields","Auto Shields","White Noise+1","Storm+1","Defragment+1","Electrodynamics","Storm+1","Heatsinks+1","Amplify+1","Turbo","Buffer+1","Self Repair+1","Reinforced Body+1","Loop+1","Echo Form","Defragment+1"],"special_seed":0,"relics":["Cracked Core","Blood Vial","Omamori","Bloody Idol","Lizard Tail","War Paint","Centennial Puzzle","Blue Candle","Velvet Choker","Oddly Smooth Stone","Anchor","Ornamental Fan","Lantern"],"potions_floor_usage":[],"damage_taken":[{"damage":0.0,"enemies":"Cultist","floor":1.0,"turns":3.0},{"damage":1.0,"enemies":"2 Louse","floor":3.0,"turns":2.0},{"damage":2.0,"enemies":"Jaw Worm","floor":5.0,"turns":3.0},{"damage":6.0,"enemies":"Looter","floor":7.0,"turns":4.0},{"damage":15.0,"enemies":"Gremlin Nob","floor":10.0,"turns":4.0},{"damage":16.0,"enemies":"Exordium Wildlife","floor":13.0,"turns":4.0},{"damage":13.0,"enemies":"Hexaghost","floor":16.0,"turns":7.0},{"damage":2.0,"enemies":"Shell Parasite","floor":18.0,"turns":4.0},{"damage":0.0,"enemies":"3 Byrds","floor":20.0,"turns":2.0},{"damage":18.0,"enemies":"Gremlin Leader","floor":24.0,"turns":4.0},{"damage":4.0,"enemies":"Snake Plant","floor":29.0,"turns":3.0},{"damage":10.0,"enemies":"Centurion and Healer","floor":31.0,"turns":4.0},{"damage":41.0,"enemies":"Collector","floor":33.0,"turns":4.0},{"damage":5.0,"enemies":"Orb Walker","floor":35.0,"turns":3.0},{"damage":7.0,"enemies":"3 Darklings","floor":36.0,"turns":3.0},{"damage":16.0,"enemies":"Spire Growth","floor":38.0,"turns":3.0},{"damage":9.0,"enemies":"4 Shapes","floor":39.0,"turns":2.0},{"damage":2,"enemies":"Nemesis","floor":41,"turns":4},{"damage":7,"enemies":"Giant Head","floor":46,"turns":5},{"damage":65,"enemies":"Awakened One","floor":50,"turns":5}],"seed_played":"8312031198142088440","potions_obtained":[{"floor":1.0,"key":"Block Potion"},{"floor":7.0,"key":"Weak Potion"},{"floor":10.0,"key":"Explosive Potion"},{"floor":18.0,"key":"SkillPotion"},{"floor":31.0,"key":"Ancient Potion"},{"floor":33.0,"key":"Ancient Potion"},{"floor":38.0,"key":"SteroidPotion"}],"is_trial":false,"path_per_floor":["M","$","M","?","M","R","M","R","T","E","?","$","M","?","R","B",null,"M","$","M","$","?","R","E","R","T","R","?","M","$","M","R","B",null,"M","M","$","M","M","R","E","R","T","R","?","E","T","?","R","B",null],"character_chosen":"DEFECT","items_purchased":["Loop","Storm","War Paint","Heatsinks","Amplify"],"campfire_rested":0,"item_purchase_floors":[2,12,19,21,30],"current_hp_per_floor":[54,54,53,53,51,51,45,45,45,32,37,37,23,23,23,12,74,72,72,74,74,74,74,56,56,56,56,56,59,59,56,56,22,74,74,72,72,73,70,70,74,74,74,74,74,74,74,74,74,19],"gold":244,"neow_bonus":"THREE_RARE_CARDS","is_prod":false,"is_daily":false,"chose_seed":false,"campfire_upgraded":11,"win_rate":0,"timestamp":1563362727,"path_taken":["M","$","?","?","M","R","?","R","T","E","?","$","M","?","R","BOSS","M","$","M","$","?","R","E","R","T","R","?","M","?","M","R","BOSS","M","?","$","M","M","R","E","R","T","R","?","E","?","?","R","BOSS"],"build_version":"2019-07-05","purchased_purges":2,"victory":true,"max_hp_per_floor":[75,75,75,75,75,75,75,75,75,75,80,80,80,74,74,74,74,74,74,74,74,74,74,74,74,74,74,74,74,74,74,74,74,74,74,74,74,74,74,74,74,74,74,74,74,74,74,74,74,74],"card_choices":[{"not_picked":["All For One","Fission"],"picked":"Creative AI","floor":0.0},{"not_picked":["Darkness","Ball Lightning"],"picked":"Storm","floor":1.0},{"not_picked":["Scrape","Lockon"],"picked":"Auto Shields","floor":3.0},{"not_picked":["Streamline","Chaos"],"picked":"Auto Shields","floor":5.0},{"not_picked":["Blizzard","Static Discharge"],"picked":"White Noise","floor":7.0},{"not_picked":["Tempest","Redo","Stack"],"picked":"SKIP","floor":10.0},{"not_picked":["Doom and Gloom","Streamline"],"picked":"Defragment","floor":13.0},{"not_picked":["Seek","Thunder Strike"],"picked":"Electrodynamics","floor":16.0},{"not_picked":["Compile Driver","Chaos","Chill"],"picked":"SKIP","floor":18.0},{"not_picked":["Streamline","Skim+1"],"picked":"Storm","floor":20.0},{"not_picked":["Conserve Battery","Rip and Tear","Gash"],"picked":"SKIP","floor":24.0},{"not_picked":["Sweeping Beam","Streamline","Leap"],"picked":"SKIP","floor":29.0},{"not_picked":["Stack","Sweeping Beam"],"picked":"Turbo","floor":31.0},{"not_picked":["Core Surge","Echo Form"],"picked":"Buffer","floor":33.0},{"not_picked":["Redo","Sweeping Beam+1","Turbo+1"],"picked":"SKIP","floor":35.0},{"not_picked":["Ball Lightning+1","Beam Cell+1"],"picked":"Self Repair+1","floor":36.0},{"not_picked":["Conserve Battery+1","Cold Snap+1"],"picked":"Reinforced Body+1","floor":38.0},{"not_picked":["Coolheaded","Reinforced Body"],"picked":"Loop","floor":39.0},{"not_picked":["Chaos","Beam Cell"],"picked":"Echo Form","floor":41},{"not_picked":["Consume","Self Repair"],"picked":"Defragment","floor":46}],"player_experience":5764224,"relics_obtained":[{"floor":9.0,"key":"Blood Vial"},{"floor":10.0,"key":"Omamori"},{"floor":24.0,"key":"Centennial Puzzle"},{"floor":26.0,"key":"Blue Candle"},{"floor":41,"key":"Oddly Smooth Stone"},{"floor":43,"key":"Anchor"},{"floor":46,"key":"Ornamental Fan"},{"floor":47,"key":"Lantern"}],"event_choices":[{"damage_healed":0.0,"max_hp_gain":0.0,"max_hp_loss":0.0,"gold_gain":100.0,"event_name":"Golden Shrine","player_choice":"Pray","floor":4.0,"gold_loss":0.0,"damage_taken":0.0},{"damage_healed":0.0,"max_hp_gain":5.0,"max_hp_loss":0.0,"gold_gain":0.0,"event_name":"Big Fish","player_choice":"Donut","floor":11.0,"gold_loss":0.0,"damage_taken":0.0},{"damage_healed":0.0,"max_hp_gain":0.0,"max_hp_loss":6.0,"gold_gain":0.0,"event_name":"Golden Idol","player_choice":"Lose Max HP","floor":14.0,"gold_loss":0.0,"damage_taken":0.0,"relics_obtained":["Golden Idol"]},{"damage_healed":0.0,"max_hp_gain":0.0,"max_hp_loss":0.0,"gold_gain":0.0,"event_name":"Vampires","player_choice":"Ignored","floor":22.0,"gold_loss":0.0,"damage_taken":0.0},{"damage_healed":0.0,"max_hp_gain":0.0,"max_hp_loss":0.0,"gold_gain":0.0,"event_name":"Forgotten Altar","player_choice":"Gave Idol","floor":28.0,"relics_lost":["Golden Idol"],"gold_loss":0.0,"damage_taken":0.0,"relics_obtained":["Bloody Idol"]},{"cards_removed":["Strike_B"],"damage_healed":0,"gold_gain":0,"player_choice":"Removed Attack","damage_taken":0,"max_hp_gain":0,"max_hp_loss":0,"event_name":"Falling","floor":45,"gold_loss":0},{"damage_healed":0,"gold_gain":0,"player_choice":"Cursed","damage_taken":0,"max_hp_gain":0,"max_hp_loss":0,"event_name":"Wheel of Change","floor":48,"gold_loss":0,"cards_obtained":["Decay"]}],"is_beta":false,"boss_relics":[{"not_picked":["Tiny House","Empty Cage"],"picked":"Lizard Tail"},{"not_picked":["Snecko Eye","Busted Crown"],"picked":"Velvet Choker"}],"items_purged_floors":[12,37],"is_endless":false,"potions_floor_spawned":[1,7,10,13,18,20,31,33,36,38],"ascension_level":0}