{"path_per_floor":["M","M","?","M","M","E","R","E","T","E","M","R","?","$","R","B",null,"M","$","M","?","?","R","E","R","T","M","R","M","M","E","R","B",null,"M","?","$","M","M","R","M","E","T","E","R","M","R","$","R","B"],"character_chosen":"THE_SILENT","items_purchased":["Singing Bowl","Peace Pipe","Trip"],"gold_per_floor":[10,22,22,35,58,93,93,137,182,218,236,236,236,161,161,282,282,300,57,72,72,72,72,116,116,168,192,192,211,229,273,273,394,394,408,408,100,115,131,131,147,186,186,229,229,252,252,38,38,38],"floor_reached":51,"campfire_rested":2,"playtime":2577,"current_hp_per_floor":[69,69,52,52,52,25,25,7,14,4,3,26,26,26,26,13,61,61,61,56,56,39,39,41,41,41,43,43,45,47,49,49,32,46,48,48,48,50,52,52,52,39,39,33,33,35,35,35,53,34],"items_purged":["Defend_G","Strike_G","Defend_G"],"gold":38,"score":1032,"play_id":"e34e307f-905c-4440-a6b1-de93fcc5607a","local_time":"20180330213340","is_prod":false,"is_daily":false,"is_ascension_mode":true,"campfire_upgraded":6,"timestamp":1522416820,"path_taken":["M","M","?","M","M","E","R","E","T","E","?","R","?","?","R","BOSS","M","$","M","?","?","R","E","R","T","?","R","M","M","E","R","BOSS","M","?","$","M","M","R","M","E","T","E","R","M","R","$","R","BOSS"],"build_version":"2018-03-29v2","purchased_purges":3,"victory":true,"master_deck":["Defend_G","Defend_G","Survivor","Neutralize+1","Dash","Dagger Spray","Predator","Backflip","Cloak And Dagger+1","Die Die Die","After Image+1","Endless Agony+1","Ghostly+1","Ghostly+1","Ghostly","Ghostly","Ghostly","Blade Dance+1","Prepared+1","Trip"],"max_hp_per_floor":[70,70,70,70,70,70,70,70,77,77,77,77,77,77,77,77,77,77,77,79,79,39,39,41,41,41,43,43,45,47,49,49,51,51,53,53,53,55,57,57,57,57,57,59,59,61,61,61,61,61],"relics":["Ring of the Snake","Golden Idol","Omamori","Shuriken","Strawberry","Dead Branch","Black Star","Singing Bowl","Snake Skull","Happy Flower","Orichalcum","Vajra","Bronze Scales","Cursed Key","Peace Pipe","Meat on the Bone","Bottled Lightning","Mercury Hourglass","Blue Candle","Centennial Puzzle"],"card_choices":[{"not_picked":["Slice","Crippling Poison"],"picked":"Predator","floor":2},{"not_picked":["Quick Slash","Bouncing Flask"],"picked":"Backflip","floor":4},{"not_picked":["PiercingWail","Bane"],"picked":"Cloak And Dagger","floor":8},{"not_picked":["Flying Knee","Blur"],"picked":"Die Die Die","floor":10},{"not_picked":["Envenom","Grand Finale"],"picked":"After Image","floor":16},{"not_picked":["Deadly Poison","Underhanded Strike"],"picked":"Endless Agony","floor":18},{"not_picked":["Catalyst","Flying Knee"],"picked":"Blade Dance","floor":41},{"not_picked":["Burst","Deflect"],"picked":"Prepared","floor":42}],"player_experience":359937,"potions_floor_usage":[8,10,16,24,29,33,33,42,44,50,50],"damage_taken":[{"damage":1,"enemies":"2 Louse","floor":1,"turns":2},{"damage":0,"enemies":"Small Slimes","floor":2,"turns":3},{"damage":0,"enemies":"Cultist","floor":4,"turns":3},{"damage":0,"enemies":"Exordium Wildlife","floor":5,"turns":3},{"damage":27,"enemies":"3 Sentries","floor":6,"turns":6},{"damage":18,"enemies":"Lagavulin","floor":8,"turns":8},{"damage":10,"enemies":"Gremlin Nob","floor":10,"turns":4},{"damage":1,"enemies":"Blue Slaver","floor":11,"turns":4},{"damage":13,"enemies":"The Guardian","floor":16,"turns":12},{"damage":0,"enemies":"Spheric Guardian","floor":18,"turns":3},{"damage":7,"enemies":"Chosen","floor":20,"turns":5},{"damage":0,"enemies":"Book of Stabbing","floor":24,"turns":6},{"damage":0,"enemies":"Snecko","floor":27,"turns":6},{"damage":0,"enemies":"Centurion and Healer","floor":29,"turns":3},{"damage":0,"enemies":"Sentry and Sphere","floor":30,"turns":5},{"damage":0,"enemies":"Slavers","floor":31,"turns":6},{"damage":19,"enemies":"Champ","floor":33,"turns":9},{"damage":0,"enemies":"Orb Walker","floor":35,"turns":3},{"damage":0,"enemies":"3 Shapes","floor":38,"turns":4},{"damage":0,"enemies":"Sphere and 2 Shapes","floor":39,"turns":2},{"damage":0,"enemies":"4 Shapes","floor":41,"turns":3},{"damage":13,"enemies":"Giant Head","floor":42,"turns":7},{"damage":8,"enemies":"Nemesis","floor":44,"turns":7},{"damage":0,"enemies":"Maw","floor":46,"turns":5},{"damage":19,"enemies":"Time Eater","floor":50,"turns":10}],"event_choices":[{"event_name":"Golden Idol","player_choice":"Take Damage","floor":3,"damage_taken":0},{"event_name":"Liars Game","player_choice":"disagreed","floor":13,"damage_taken":0},{"event_name":"Drug Dealer","player_choice":"Ignored","floor":21,"damage_taken":0},{"event_name":"Ghosts","player_choice":"Became a Ghost","floor":22,"damage_taken":0},{"event_name":"The Moai Head","player_choice":"Ignored","floor":36,"damage_taken":0}],"boss_relics":[{"not_picked":["Philosopher\u0027s Stone","Orrery"],"picked":"Black Star"},{"not_picked":["Sozu","The Specimen"],"picked":"Cursed Key"}],"potions_floor_spawned":[2,4,10,18,20,24,31,38,46],"seed_played":"6830715299675642133","ascension_level":5,"is_trial":false}