{"gold_per_floor":[112,112,127,127,52,95,95,108,108,8,23,23,44,78,78,202,202,218,218,232,253,253,253,271,271,271,271,284,159,159],"floor_reached":30,"playtime":1838,"items_purged":["Strike_B","Defend_B","Strike_B"],"score":240,"play_id":"d2438494-8618-4852-a362-fe339deeaf0b","local_time":"20190102144233","is_ascension_mode":false,"campfire_choices":[{"floor":7,"key":"REST"},{"floor":15,"key":"RECALL"},{"data":"Buffer","floor":23,"key":"SMITH"},{"floor":25,"key":"REST"}],"neow_cost":"PERCENT_DAMAGE","seed_source_timestamp":5180815891029,"circlet_count":0,"master_deck":["Strike_B","Strike_B","Defend_B","Defend_B","Defend_B","Zap","Dualcast","Conserve Battery","Melter","Core Surge","PanicButton","Double Energy","Capacitor","Parasite","Buffer+1","Glacier","Coolheaded+1","True Grit","Glacier+1","Meteor Strike"],"relics":["Cracked Core","Emotion Chip","Golden Idol","Gremlin Horn","Art of War","Strawberry","Nuclear Battery","Calipers","Enchiridion"],"potions_floor_usage":[6,18,18,21,30,30,30,30,30],"damage_taken":[{"damage":0,"enemies":"2 Louse","floor":1,"turns":1},{"damage":5,"enemies":"Small Slimes","floor":3,"turns":3},{"damage":17,"enemies":"3 Sentries","floor":6,"turns":12},{"damage":6,"enemies":"Cultist","floor":8,"turns":3},{"damage":7,"enemies":"3 Louse","floor":11,"turns":3},{"damage":10,"enemies":"Looter","floor":13,"turns":3},{"damage":6,"enemies":"Gremlin Nob","floor":14,"turns":5},{"damage":23,"enemies":"Slime Boss","floor":16,"turns":16},{"damage":8,"enemies":"2 Thieves","floor":18,"turns":5},{"damage":0,"enemies":"Spheric Guardian","floor":20,"turns":2},{"damage":28,"enemies":"Cultist and Chosen","floor":21,"turns":9},{"damage":14,"enemies":"Colosseum Slavers","floor":22,"turns":7},{"damage":4,"enemies":"Snecko","floor":24,"turns":8},{"damage":2,"enemies":"Snake Plant","floor":28,"turns":9},{"damage":42,"enemies":"Slavers","floor":30,"turns":3}],"seed_played":"-4786284909306796411","potions_obtained":[{"floor":3,"key":"SkillPotion"},{"floor":8,"key":"Strength Potion"},{"floor":13,"key":"Swift Potion"},{"floor":14,"key":"Swift Potion"},{"floor":20,"key":"PowerPotion"},{"floor":21,"key":"EntropicBrew"}],"is_trial":false,"path_per_floor":["M","?","M","?","$","E","R","M","T","$","M","?","M","E","R","B",null,"M","?","M","M","?","R","M","R","T","?","M","$","E"],"character_chosen":"DEFECT","items_purchased":[],"campfire_rested":2,"item_purchase_floors":[],"current_hp_per_floor":[54,36,31,31,31,14,36,30,30,30,23,41,31,32,32,9,82,74,74,74,46,32,32,28,52,52,36,34,34,0],"gold":159,"neow_bonus":"ONE_RARE_RELIC","is_prod":false,"is_daily":false,"chose_seed":false,"campfire_upgraded":1,"win_rate":0,"timestamp":1546436553,"path_taken":["M","?","M","?","$","E","R","M","T","$","?","?","M","E","R","BOSS","M","?","?","M","?","R","M","R","T","?","M","$","E"],"build_version":"2018-12-20","purchased_purges":3,"victory":false,"max_hp_per_floor":[75,75,75,75,75,75,75,75,75,75,75,75,75,82,82,82,82,82,82,82,82,82,82,82,82,82,82,82,82,82],"card_choices":[{"not_picked":["Compile Driver","BootSequence"],"picked":"Conserve Battery","floor":1},{"not_picked":["Go for the Eyes","Stack"],"picked":"Melter","floor":3},{"not_picked":["Ball Lightning","Turbo"],"picked":"Double Energy","floor":6},{"not_picked":["Double Energy","Beam Cell"],"picked":"Capacitor","floor":8},{"not_picked":["Ball Lightning","Hologram","Sweeping Beam"],"picked":"SKIP","floor":11},{"not_picked":["Force Field","Gash"],"picked":"Buffer","floor":13},{"not_picked":["Rebound","Force Field"],"picked":"Glacier","floor":14},{"not_picked":["Reboot","Fission"],"picked":"Seek","floor":16},{"not_picked":["Leap","Gash"],"picked":"Coolheaded+1","floor":18},{"not_picked":["Heatsinks","Gash","Glacier"],"picked":"SKIP","floor":20},{"not_picked":["Hologram+1","Coolheaded","Steam Power+1"],"picked":"SKIP","floor":21},{"not_picked":["Conserve Battery","Loop"],"picked":"Glacier+1","floor":24},{"not_picked":["Blizzard+1","Sunder"],"picked":"Meteor Strike","floor":28}],"player_experience":377399,"relics_obtained":[{"floor":6,"key":"Gremlin Horn"},{"floor":9,"key":"Art of War"},{"floor":14,"key":"Strawberry"},{"floor":26,"key":"Calipers"},{"floor":27,"key":"Enchiridion"}],"event_choices":[{"damage_healed":0,"gold_gain":0,"player_choice":"Take Damage","damage_taken":18,"relics_obtained":["Golden Idol"],"max_hp_gain":0,"max_hp_loss":0,"event_name":"Golden Idol","floor":2,"gold_loss":0},{"damage_healed":0,"gold_gain":0,"player_choice":"2 cards matched","damage_taken":0,"max_hp_gain":0,"max_hp_loss":0,"event_name":"Match and Keep!","floor":4,"gold_loss":0,"cards_obtained":["Core Surge","PanicButton"]},{"damage_healed":18,"gold_gain":0,"player_choice":"Healed and dodged fight","damage_taken":0,"max_hp_gain":0,"max_hp_loss":0,"event_name":"Mushrooms","floor":12,"gold_loss":0,"cards_obtained":["Parasite"]},{"cards_removed":["Seek"],"damage_healed":0,"gold_gain":0,"player_choice":"Took Card","damage_taken":0,"max_hp_gain":0,"max_hp_loss":0,"event_name":"NoteForYourself","floor":19,"gold_loss":0,"cards_obtained":["True Grit"]},{"damage_healed":0,"gold_gain":0,"player_choice":"Fight","damage_taken":0,"max_hp_gain":0,"max_hp_loss":0,"event_name":"Colosseum","floor":22,"gold_loss":0},{"damage_healed":0,"gold_gain":0,"player_choice":"Fled From Nobs","damage_taken":0,"max_hp_gain":0,"max_hp_loss":0,"event_name":"Colosseum","floor":22,"gold_loss":0},{"damage_healed":0,"gold_gain":0,"player_choice":"Obtained Book","damage_taken":16,"max_hp_gain":0,"max_hp_loss":0,"event_name":"Cursed Tome","floor":27,"gold_loss":0}],"is_beta":false,"boss_relics":[{"not_picked":["Snecko Eye","Orrery"],"picked":"Nuclear Battery"}],"items_purged_floors":[5,10,29],"is_endless":false,"potions_floor_spawned":[3,8,13,14,16,18,20,21,22],"killed_by":"Slavers","ascension_level":0}