{"gold_per_floor":[109,55,205,223,237,269,269,302,325,250,266,277,277,277,277,348,348,361,361,361,380,400,400,411,411,435,466,494,506,518,45,45,121,121,136,55,55,102,120,146,146],"floor_reached":41,"playtime":1610,"items_purged":["Doubt","Strike_B"],"score":1112,"play_id":"f71db6ae-dd3f-4a0e-804b-ea36fb0d1334","local_time":"20190327180512","is_ascension_mode":true,"campfire_choices":[{"data":"Loop","floor":7.0,"key":"SMITH"},{"data":"Consume","floor":13.0,"key":"SMITH"},{"data":"Chaos","floor":15.0,"key":"SMITH"},{"data":"Buffer","floor":23.0,"key":"SMITH"},{"data":"Hologram","floor":25.0,"key":"SMITH"},{"data":"Double Energy","floor":32.0,"key":"SMITH"}],"neow_cost":"NONE","seed_source_timestamp":21300786178548,"circlet_count":0,"master_deck":["AscendersBane","Strike_B","Strike_B","Strike_B","Defend_B","Defend_B","Defend_B","Defend_B","Zap","Dualcast","Glacier","Ball Lightning","Chaos+1","Loop+1","Consume+1","Cold Snap","Double Energy+1","Buffer+1","Capacitor","Redo+1","Hologram+1","Coolheaded+1","Cold Snap","Ghostly","Ghostly","Ghostly","Turbo","Biased Cognition","Core Surge","Defragment","Go for the Eyes+1","Double Energy"],"special_seed":0,"relics":["Cracked Core","NeowsBlessing","Pen Nib","Lantern","DataDisk","Inserter","MawBank","Strange Spoon","Runic Pyramid","Prayer Wheel","Centennial Puzzle"],"potions_floor_usage":[],"damage_taken":[{"damage":0.0,"enemies":"Cultist","floor":1.0,"turns":1.0},{"damage":0.0,"enemies":"Jaw Worm","floor":4.0,"turns":1.0},{"damage":0.0,"enemies":"2 Louse","floor":5.0,"turns":1.0},{"damage":35.0,"enemies":"Lagavulin","floor":6.0,"turns":8.0},{"damage":17.0,"enemies":"3 Sentries","floor":8.0,"turns":6.0},{"damage":0.0,"enemies":"2 Fungi Beasts","floor":11.0,"turns":3.0},{"damage":0.0,"enemies":"Exordium Thugs","floor":12.0,"turns":1.0},{"damage":0.0,"enemies":"The Guardian","floor":16.0,"turns":11.0},{"damage":11.0,"enemies":"Shell Parasite","floor":18.0,"turns":6.0},{"damage":13.0,"enemies":"Spheric Guardian","floor":21.0,"turns":7.0},{"damage":11.0,"enemies":"Cultist and Chosen","floor":22.0,"turns":8.0},{"damage":0.0,"enemies":"Chosen and Byrds","floor":24.0,"turns":8.0},{"damage":22.0,"enemies":"Snake Plant","floor":27.0,"turns":4.0},{"damage":0.0,"enemies":"Centurion and Healer","floor":28.0,"turns":7.0},{"damage":0.0,"enemies":"Champ","floor":33.0,"turns":14.0},{"damage":0.0,"enemies":"Orb Walker","floor":35.0,"turns":4.0},{"damage":0,"enemies":"2 Orb Walkers","floor":38,"turns":7},{"damage":13,"enemies":"3 Shapes","floor":39,"turns":6},{"damage":16,"enemies":"Nemesis","floor":40,"turns":9},{"damage":1,"enemies":"Transient","floor":41,"turns":1}],"seed_played":"-2509267164693035581","potions_obtained":[{"floor":1.0,"key":"Energy Potion"},{"floor":5.0,"key":"AttackPotion"},{"floor":8.0,"key":"FearPotion"},{"floor":11.0,"key":"FocusPotion"},{"floor":16.0,"key":"SteroidPotion"},{"floor":21.0,"key":"PowerPotion"},{"floor":24.0,"key":"Regen Potion"},{"floor":28.0,"key":"SpeedPotion"},{"floor":33.0,"key":"SpeedPotion"}],"is_trial":false,"path_per_floor":["M","$","?","M","M","E","R","E","T","$","M","M","R","?","R","B",null,"M","?","?","M","M","R","M","R","T","M","M","?","?","$","R","B",null,"M","$","?","?","M","E","M"],"character_chosen":"DEFECT","items_purchased":["Ball Lightning","Strange Spoon","Biased Cognition","Defragment"],"campfire_rested":0,"item_purchase_floors":[2,31,31,36],"current_hp_per_floor":[64,64,64,64,64,29,29,12,12,12,12,12,12,17,17,17,61,50,50,39,26,15,15,15,15,15,5,5,5,5,5,5,5,30,30,30,30,30,17,1,0],"gold":146,"neow_bonus":"THREE_ENEMY_KILL","is_prod":false,"is_daily":false,"chose_seed":false,"campfire_upgraded":6,"win_rate":0,"timestamp":1553681112,"path_taken":["M","?","?","M","?","E","R","E","T","$","M","M","R","?","R","BOSS","M","?","?","M","M","R","?","R","T","?","M","?","?","?","R","BOSS","M","$","?","?","M","E","M"],"build_version":"2019-01-23","purchased_purges":2,"victory":false,"max_hp_per_floor":[71,71,71,71,71,71,71,71,71,71,71,71,71,76,76,76,76,76,76,76,76,76,76,76,76,76,76,76,38,38,38,38,38,38,38,38,36,36,36,36,36],"card_choices":[{"not_picked":["White Noise","Beam Cell"],"picked":"Glacier","floor":1.0},{"not_picked":["Sweeping Beam","Rebound"],"picked":"Chaos","floor":4.0},{"not_picked":["Gash","Barrage"],"picked":"Loop","floor":5.0},{"not_picked":["Chaos","Darkness"],"picked":"Consume","floor":6.0},{"not_picked":["Double Energy","Scrape"],"picked":"Cold Snap","floor":8.0},{"not_picked":["BootSequence","Leap"],"picked":"Double Energy","floor":11.0},{"not_picked":["Go for the Eyes","Force Field","FTL"],"picked":"SKIP","floor":12.0},{"not_picked":["Hyperbeam","Thunder Strike"],"picked":"Buffer","floor":16.0},{"not_picked":["Reprogram","Reinforced Body"],"picked":"Capacitor","floor":18.0},{"not_picked":["Rip and Tear+1","Ball Lightning"],"picked":"Redo+1","floor":21.0},{"not_picked":["FTL","Compile Driver"],"picked":"Hologram","floor":22.0},{"not_picked":["Ball Lightning+1","Force Field"],"picked":"Coolheaded+1","floor":24.0},{"not_picked":["Compile Driver","Barrage","Stack+1"],"picked":"SKIP","floor":27.0},{"not_picked":["Conserve Battery","Stack"],"picked":"Cold Snap","floor":28.0},{"not_picked":["Buffer","Thunder Strike"],"picked":"Core Surge","floor":33.0},{"not_picked":["Rip and Tear+1","Steam","Ball Lightning"],"picked":"SKIP","floor":35.0},{"not_picked":["Steam","Redo"],"picked":"Go for the Eyes+1","floor":39},{"not_picked":["Streamline","Conserve Battery+1"],"picked":"Double Energy","floor":39},{"not_picked":["Leap","Barrage","Gash"],"picked":"SKIP","floor":40}],"player_experience":3902485,"relics_obtained":[{"floor":6.0,"key":"Pen Nib"},{"floor":8.0,"key":"Lantern"},{"floor":9.0,"key":"DataDisk"},{"floor":26.0,"key":"MawBank"},{"floor":38,"key":"Prayer Wheel"},{"floor":40,"key":"Centennial Puzzle"}],"event_choices":[{"damage_healed":0.0,"max_hp_gain":0.0,"max_hp_loss":0.0,"gold_gain":150.0,"event_name":"Liars Game","player_choice":"AGREE","floor":3.0,"gold_loss":0.0,"damage_taken":0.0,"cards_obtained":["Doubt"]},{"damage_healed":0.0,"max_hp_gain":5.0,"max_hp_loss":0.0,"gold_gain":0.0,"event_name":"Big Fish","player_choice":"Donut","floor":14.0,"gold_loss":0.0,"damage_taken":0.0},{"damage_healed":0.0,"max_hp_gain":0.0,"max_hp_loss":0.0,"gold_gain":0.0,"event_name":"Vampires","player_choice":"Ignored","floor":19.0,"gold_loss":0.0,"damage_taken":0.0},{"damage_healed":0.0,"max_hp_gain":0.0,"max_hp_loss":0.0,"gold_gain":0.0,"event_name":"Wheel of Change","player_choice":"Damaged","floor":20.0,"gold_loss":0.0,"damage_taken":11.0},{"damage_healed":0.0,"max_hp_gain":0.0,"max_hp_loss":38.0,"gold_gain":0.0,"event_name":"Ghosts","player_choice":"Became a Ghost","floor":29.0,"gold_loss":0.0,"damage_taken":0.0,"cards_obtained":["Ghostly","Ghostly","Ghostly"]},{"damage_healed":0.0,"max_hp_gain":0.0,"max_hp_loss":0.0,"gold_gain":0.0,"event_name":"The Library","player_choice":"Read","floor":30.0,"gold_loss":0.0,"damage_taken":0.0,"cards_obtained":["Turbo"]},{"damage_healed":0.0,"max_hp_gain":0.0,"max_hp_loss":2.0,"gold_gain":0.0,"event_name":"Winding Halls","player_choice":"Max HP","floor":37.0,"gold_loss":0.0,"damage_taken":0.0},{"damage_healed":0,"gold_gain":0,"player_choice":"Fight","damage_taken":0,"max_hp_gain":0,"max_hp_loss":0,"event_name":"Mysterious Sphere","floor":38,"gold_loss":0}],"is_beta":false,"boss_relics":[{"not_picked":["Velvet Choker","Nuclear Battery"],"picked":"Inserter"},{"not_picked":["Astrolabe","Orrery"],"picked":"Runic Pyramid"}],"items_purged_floors":[10,31],"is_endless":false,"potions_floor_spawned":[1,5,8,11,16,21,24,28,33,35,40],"killed_by":"Transient","ascension_level":20}