{"gold_per_floor":[110,123,123,142,27,27,61,81,81,81,81,97,113,151,151,250,250,270,283,298,25,49,49,82,82,108,108,148,148],"floor_reached":29,"playtime":811,"items_purged":["Strike_B","Strike_B"],"score":650,"play_id":"6dcc4b19-72c7-4c72-a7f9-010bc38e2164","local_time":"20190423020535","is_ascension_mode":true,"campfire_choices":[{"data":"Consume","floor":6.0,"key":"SMITH"},{"data":"Dualcast","floor":11.0,"key":"SMITH"},{"data":"Zap","floor":15.0,"key":"SMITH"},{"data":"Defragment","floor":23,"key":"SMITH"},{"data":"Capacitor","floor":25,"key":"SMITH"}],"neow_cost":"NONE","seed_source_timestamp":35203563654244,"circlet_count":0,"master_deck":["AscendersBane","Strike_B","Strike_B","Defend_B","Defend_B","Defend_B","Defend_B","Zap+1","Dualcast+1","Consume+1","Undo","Hello World","Self Repair","Capacitor+1","Electrodynamics","Ball Lightning","Storm","Rainbow","Defragment+1","Capacitor","Clumsy","Coolheaded"],"special_seed":0,"relics":["Cracked Core","NeowsBlessing","Juzu Bracelet","Bird Faced Urn","Golden Idol","Vajra","Cursed Key","DataDisk","Darkstone Periapt","Boot","Omamori","PreservedInsect"],"potions_floor_usage":[22,28,29],"damage_taken":[{"damage":0.0,"enemies":"Cultist","floor":1.0,"turns":1.0},{"damage":0.0,"enemies":"Jaw Worm","floor":2.0,"turns":1.0},{"damage":0.0,"enemies":"Small Slimes","floor":4.0,"turns":1.0},{"damage":24.0,"enemies":"3 Sentries","floor":7.0,"turns":7.0},{"damage":6.0,"enemies":"Exordium Wildlife","floor":8.0,"turns":6.0},{"damage":3.0,"enemies":"Red Slaver","floor":12.0,"turns":5.0},{"damage":5.0,"enemies":"Looter","floor":13.0,"turns":5.0},{"damage":25.0,"enemies":"Lagavulin","floor":14.0,"turns":6.0},{"damage":0.0,"enemies":"Slime Boss","floor":16.0,"turns":6.0},{"damage":0,"enemies":"Chosen","floor":18,"turns":4},{"damage":28,"enemies":"2 Thieves","floor":19,"turns":3},{"damage":18,"enemies":"Snecko","floor":20,"turns":4},{"damage":9,"enemies":"Sentry and Sphere","floor":22,"turns":4},{"damage":44,"enemies":"Slavers","floor":24,"turns":3},{"damage":39,"enemies":"Book of Stabbing","floor":28,"turns":4},{"damage":31,"enemies":"Shelled Parasite and Fungi","floor":29,"turns":1}],"seed_played":"9207111132554614535","potions_obtained":[{"floor":1.0,"key":"Swift Potion"},{"floor":7.0,"key":"Block Potion"},{"floor":8.0,"key":"Regen Potion"},{"floor":14.0,"key":"Energy Potion"},{"floor":24,"key":"AttackPotion"},{"floor":28,"key":"Fire Potion"}],"is_trial":false,"path_per_floor":["M","M","?","M","$","R","E","M","T","?","R","M","M","E","R","B",null,"M","M","M","$","M","R","E","R","T","?","E","M"],"character_chosen":"DEFECT","items_purchased":["Self Repair","DataDisk"],"campfire_rested":0,"item_purchase_floors":[5,21],"current_hp_per_floor":[64,64,53,53,53,53,29,36,36,12,12,24,34,22,22,39,63,67,56,44,44,63,63,32,32,38,38,20,0],"gold":148,"neow_bonus":"THREE_ENEMY_KILL","is_prod":false,"is_daily":false,"chose_seed":false,"campfire_upgraded":5,"win_rate":0,"timestamp":1555956335,"path_taken":["M","M","?","M","$","R","E","M","T","?","R","M","M","E","R","BOSS","M","M","M","$","M","R","E","R","T","?","E","M"],"build_version":"2019-01-23","purchased_purges":2,"victory":false,"max_hp_per_floor":[71,71,71,71,71,71,71,71,71,71,71,71,71,71,71,71,71,71,71,71,71,71,71,71,71,77,77,77,77],"card_choices":[{"not_picked":["Scrape","Turbo"],"picked":"Consume","floor":1.0},{"not_picked":["Ball Lightning","Fusion"],"picked":"Undo","floor":2.0},{"not_picked":["Beam Cell","Gash"],"picked":"Hello World","floor":4.0},{"not_picked":["Gash","Reprogram"],"picked":"Capacitor","floor":7.0},{"not_picked":["Gash","Rebound"],"picked":"Electrodynamics","floor":8.0},{"not_picked":["Rebound","Streamline","Beam Cell"],"picked":"SKIP","floor":12.0},{"not_picked":["Leap","Barrage"],"picked":"Ball Lightning","floor":13.0},{"not_picked":["Melter","Barrage"],"picked":"Storm","floor":14.0},{"not_picked":["Reboot","Seek"],"picked":"Rainbow","floor":16.0},{"not_picked":["Aggregate","Ball Lightning","Go for the Eyes"],"picked":"SKIP","floor":18},{"not_picked":["Fusion","Rebound"],"picked":"Defragment","floor":19},{"not_picked":["Blizzard+1","Steam"],"picked":"Capacitor","floor":20},{"not_picked":["Streamline","Force Field","Steam"],"picked":"SKIP","floor":22},{"not_picked":["Beam Cell","Redo","Rebound+1"],"picked":"SKIP","floor":24},{"not_picked":["Beam Cell+1","Go for the Eyes"],"picked":"Coolheaded","floor":28}],"player_experience":4443417,"relics_obtained":[{"floor":7.0,"key":"Bird Faced Urn"},{"floor":14.0,"key":"Vajra"},{"floor":24,"key":"Darkstone Periapt"},{"floor":26,"key":"Boot"},{"floor":28,"key":"PreservedInsect"}],"event_choices":[{"damage_healed":0.0,"max_hp_gain":0.0,"max_hp_loss":0.0,"gold_gain":0.0,"event_name":"Scrap Ooze","player_choice":"Success","floor":3.0,"gold_loss":0.0,"damage_taken":11.0,"relics_obtained":["Juzu Bracelet"]},{"damage_healed":0.0,"max_hp_gain":0.0,"max_hp_loss":0.0,"gold_gain":0.0,"event_name":"Golden Idol","player_choice":"Take Damage","floor":10.0,"gold_loss":0.0,"damage_taken":24.0,"relics_obtained":["Golden Idol"]},{"damage_healed":0,"gold_gain":0,"player_choice":"Gave Potion","damage_taken":0,"relics_obtained":["Omamori"],"max_hp_gain":0,"max_hp_loss":0,"event_name":"WeMeetAgain","floor":27,"gold_loss":0}],"is_beta":false,"boss_relics":[{"not_picked":["Calling Bell","Sozu"],"picked":"Cursed Key"}],"items_purged_floors":[5,21],"is_endless":false,"potions_floor_spawned":[1,7,8,14,19,24,28],"killed_by":"Shelled Parasite and Fungi","ascension_level":20}