{"gold_per_floor":[118,138,63,138,138,166,166,183,206,265,294,314,325,325,325,325],"floor_reached":16,"playtime":514,"items_purged":["Strike_B"],"score":270,"play_id":"04ce0eac-633f-46b5-8c3e-710061c6403b","local_time":"20181119150907","is_ascension_mode":true,"campfire_choices":[{"data":"Glacier","floor":7.0,"key":"SMITH"},{"floor":15,"key":"REST"}],"neow_cost":"NONE","seed_source_timestamp":1656712019343961,"circlet_count":0,"master_deck":["AscendersBane","Strike_B","Strike_B","Strike_B","Defend_B","Defend_B","Defend_B","Defend_B","Zap+1","Dualcast","Turbo","Glacier+1","Coolheaded","Streamline"],"special_seed":0,"relics":["Cracked Core","NeowsBlessing","Bag of Preparation","Mummified Hand","Ancient Tea Set"],"potions_floor_usage":[13],"damage_taken":[{"damage":0.0,"enemies":"Jaw Worm","floor":1.0,"turns":1.0},{"damage":0.0,"enemies":"Small Slimes","floor":2.0,"turns":1.0},{"damage":0.0,"enemies":"3 Sentries","floor":6.0,"turns":1.0},{"damage":0.0,"enemies":"Cultist","floor":8.0,"turns":4.0},{"damage":30.0,"enemies":"3 Sentries","floor":10.0,"turns":17.0},{"damage":22.0,"enemies":"Lagavulin","floor":11.0,"turns":7.0},{"damage":0.0,"enemies":"Looter","floor":12.0,"turns":4.0},{"damage":0,"enemies":"3 Louse","floor":13,"turns":3},{"damage":22,"enemies":"Slime Boss","floor":16,"turns":5}],"seed_played":"-8201411963878502387","potions_obtained":[{"floor":1.0,"key":"Strength Potion"},{"floor":2.0,"key":"AttackPotion"},{"floor":12.0,"key":"PowerPotion"}],"is_trial":false,"path_per_floor":["M","M","$","?","?","E","R","M","T","?","E","M","M","?","R","B"],"character_chosen":"DEFECT","items_purchased":[],"campfire_rested":1,"item_purchase_floors":[],"current_hp_per_floor":[64,64,64,53,53,53,53,53,53,23,1,1,1,1,22,0],"gold":325,"neow_bonus":"THREE_ENEMY_KILL","is_prod":false,"is_daily":false,"chose_seed":false,"campfire_upgraded":1,"win_rate":0,"timestamp":1542611347,"path_taken":["M","M","$","?","?","E","R","?","T","?","E","M","M","?","R","BOSS"],"build_version":"2018-11-15","purchased_purges":1,"victory":false,"max_hp_per_floor":[71,71,71,71,71,71,71,71,71,71,71,71,71,71,71,71],"card_choices":[{"not_picked":["Melter","Storm"],"picked":"Turbo","floor":1.0},{"not_picked":["Compile Driver","Barrage","Genetic Algorithm"],"picked":"SKIP","floor":2.0},{"not_picked":["Blizzard","Recycle"],"picked":"Glacier","floor":6.0},{"not_picked":["Rebound","Conserve Battery","Go for the Eyes"],"picked":"SKIP","floor":8.0},{"not_picked":["Reprogram","Beam Cell"],"picked":"Coolheaded","floor":10.0},{"not_picked":["Go for the Eyes","Force Field","Coolheaded"],"picked":"SKIP","floor":11.0},{"not_picked":["FTL","Reinforced Body"],"picked":"Streamline","floor":12.0},{"not_picked":["Steam","Go for the Eyes","Reprogram"],"picked":"SKIP","floor":13}],"player_experience":549632,"relics_obtained":[{"floor":6.0,"key":"Bag of Preparation"},{"floor":10.0,"key":"Mummified Hand"},{"floor":11.0,"key":"Ancient Tea Set"}],"event_choices":[{"damage_healed":0.0,"max_hp_gain":0.0,"max_hp_loss":0.0,"gold_gain":75.0,"event_name":"World of Goop","player_choice":"Gather Gold","floor":4.0,"gold_loss":0.0,"damage_taken":11.0},{"damage_healed":0.0,"max_hp_gain":0.0,"max_hp_loss":0.0,"gold_gain":0.0,"event_name":"Upgrade Shrine","player_choice":"Upgraded","floor":5.0,"gold_loss":0.0,"damage_taken":0.0,"cards_upgraded":["Zap"]},{"damage_healed":0.0,"max_hp_gain":0.0,"max_hp_loss":0.0,"gold_gain":30.0,"event_name":"Dead Adventurer","player_choice":"Searched \u00273\u0027 times","floor":10.0,"gold_loss":0.0,"damage_taken":0.0},{"damage_healed":0,"gold_gain":0,"player_choice":"Ignored","damage_taken":0,"max_hp_gain":0,"max_hp_loss":0,"event_name":"Liars Game","floor":14,"gold_loss":0}],"is_beta":true,"boss_relics":[],"items_purged_floors":[3],"is_endless":false,"potions_floor_spawned":[1,2,8,12],"killed_by":"Slime Boss","ascension_level":20}