{"gold_per_floor":[114,39,49,49,62,62,92,103,127,127,147,179,179,179,179,179],"floor_reached":16,"playtime":475,"items_purged":["Strike_B"],"score":155,"play_id":"782009d3-51a1-4bf3-86ff-49637b15aa3d","local_time":"20181009195306","is_ascension_mode":true,"campfire_choices":[{"data":"Zap","floor":6.0,"key":"SMITH"},{"data":"Hologram","floor":10.0,"key":"SMITH"},{"data":"Gash","floor":13,"key":"SMITH"},{"floor":15,"key":"REST"}],"neow_cost":"PERCENT_DAMAGE","seed_source_timestamp":626642137854064,"circlet_count":0,"master_deck":["Strike_B","Strike_B","Defend_B","Defend_B","Defend_B","Defend_B","Zap+1","Dualcast","AscendersBane","Gash+1","Glacier","Hologram+1","Self Repair","Beam Cell","Core Surge","Leap"],"special_seed":0,"relics":["Cracked Core","Ginger","Odd Mushroom","Vajra","Ancient Tea Set"],"potions_floor_usage":[11,12,16],"damage_taken":[{"damage":1.0,"enemies":"Cultist","floor":1.0,"turns":3.0},{"damage":2.0,"enemies":"2 Louse","floor":3.0,"turns":3.0},{"damage":2.0,"enemies":"Jaw Worm","floor":5.0,"turns":3.0},{"damage":14.0,"enemies":"The Mushroom Lair","floor":7.0,"turns":4.0},{"damage":4.0,"enemies":"2 Fungi Beasts","floor":8.0,"turns":4.0},{"damage":0,"enemies":"Large Slime","floor":11,"turns":5},{"damage":30,"enemies":"Lagavulin","floor":12,"turns":6},{"damage":29,"enemies":"Hexaghost","floor":16,"turns":11}],"seed_played":"-6797554094415483025","potions_obtained":[{"floor":5.0,"key":"SteroidPotion"},{"floor":8.0,"key":"Swift Potion"},{"floor":12,"key":"AttackPotion"}],"is_trial":false,"path_per_floor":["M","$","M","?","M","R","?","M","T","R","M","E","R","?","R"],"character_chosen":"DEFECT","items_purchased":[],"campfire_rested":1,"item_purchase_floors":[],"current_hp_per_floor":[49,49,47,47,45,45,31,34,34,34,34,11,11,4,26,0],"gold":179,"neow_bonus":"ONE_RARE_RELIC","is_prod":false,"is_daily":false,"chose_seed":false,"campfire_upgraded":3,"win_rate":0,"timestamp":1539085986,"path_taken":["M","?","M","?","M","R","?","M","T","R","?","E","R","?","R","BOSS"],"build_version":"2018-10-04v2","purchased_purges":1,"victory":false,"max_hp_per_floor":[75,75,75,75,75,75,75,75,75,75,75,75,75,75,75,75],"card_choices":[{"not_picked":["Rebound","Ball Lightning"],"picked":"Gash","floor":1.0},{"not_picked":["Doom and Gloom","Cold Snap"],"picked":"Glacier","floor":3.0},{"not_picked":["Streamline","Turbo"],"picked":"Hologram","floor":5.0},{"not_picked":["White Noise","FTL"],"picked":"Self Repair","floor":7.0},{"not_picked":["Double Energy","Barrage"],"picked":"Beam Cell","floor":8.0},{"not_picked":["Genetic Algorithm","Skim"],"picked":"Core Surge","floor":11},{"not_picked":["Darkness","Loop"],"picked":"Leap","floor":12}],"player_experience":259260,"relics_obtained":[{"floor":7.0,"key":"Odd Mushroom"},{"floor":9.0,"key":"Vajra"},{"floor":12,"key":"Ancient Tea Set"}],"event_choices":[{"event_name":"The Cleric","player_choice":"Leave","floor":4.0,"damage_taken":0.0},{"event_name":"Mushrooms","player_choice":"Fought Mushrooms","floor":7.0,"damage_taken":0.0},{"event_name":"Golden Wing","player_choice":"Card Removal","floor":14,"damage_taken":0}],"is_beta":false,"boss_relics":[],"items_purged_floors":[2],"is_endless":false,"potions_floor_spawned":[5,8,12],"killed_by":"Hexaghost","ascension_level":11}