{"gold_per_floor":[118,43,43,43,55,55,83,46,71,71,71,83,83],"floor_reached":13,"playtime":477,"items_purged":[],"score":162,"play_id":"3967819b-8cbd-4ab6-a3d3-65ca70084d1c","local_time":"20190126141106","is_ascension_mode":true,"campfire_choices":[{"data":"Cloak And Dagger","floor":6,"key":"SMITH"},{"data":"Accuracy","floor":10,"key":"SMITH"}],"neow_cost":"NONE","seed_source_timestamp":19987947429494,"circlet_count":0,"master_deck":["AscendersBane","Defend_G","Defend_G","Defend_G","Defend_G","Defend_G","Strike_G","Strike_G","Strike_G","Strike_G","Survivor","Neutralize","Accuracy+1","Cloak And Dagger+1","Well Laid Plans","Calculated Gamble","Backflip","Infinite Blades","Well Laid Plans","Backflip"],"relics":["Ring of the Snake","Girya","Prayer Wheel","Art of War"],"potions_floor_usage":[7,13],"damage_taken":[{"damage":6,"enemies":"Jaw Worm","floor":1,"turns":9},{"damage":1,"enemies":"Small Slimes","floor":5,"turns":5},{"damage":33,"enemies":"3 Sentries","floor":7,"turns":10},{"damage":0,"enemies":"2 Louse","floor":12,"turns":3},{"damage":15,"enemies":"Gremlin Nob","floor":13,"turns":3}],"seed_played":"8428717913037147500","potions_obtained":[{"floor":1,"key":"LiquidBronze"},{"floor":7,"key":"Swift Potion"}],"is_trial":false,"path_per_floor":["M","$","?","?","M","R","E","$","T","R","?","M","E"],"character_chosen":"THE_SILENT","items_purchased":["Well Laid Plans","Infinite Blades"],"campfire_rested":0,"item_purchase_floors":[2,8],"current_hp_per_floor":[53,53,58,47,46,46,13,13,13,13,13,13,0],"gold":83,"neow_bonus":"TRANSFORM_CARD","is_prod":false,"is_daily":false,"chose_seed":false,"campfire_upgraded":2,"win_rate":0,"timestamp":1548483066,"path_taken":["M","$","?","?","M","R","E","$","T","R","?","M","E"],"build_version":"2019-01-23","purchased_purges":0,"victory":false,"max_hp_per_floor":[66,66,71,71,71,71,71,71,71,71,71,71,71],"card_choices":[{"not_picked":["Escape Plan","Blade Dance"],"picked":"Cloak And Dagger","floor":1},{"not_picked":["Sucker Punch","Bane"],"picked":"Calculated Gamble","floor":5},{"not_picked":["Backstab","Dagger Spray"],"picked":"Backflip","floor":7},{"not_picked":["Deadly Poison","Slice"],"picked":"Well Laid Plans","floor":12},{"not_picked":["Outmaneuver","Blade Dance"],"picked":"Backflip","floor":12}],"player_experience":2275624,"relics_obtained":[{"floor":7,"key":"Prayer Wheel"},{"floor":9,"key":"Art of War"}],"event_choices":[{"damage_healed":0,"gold_gain":0,"player_choice":"Donut","damage_taken":0,"max_hp_gain":5,"max_hp_loss":0,"event_name":"Big Fish","floor":3,"gold_loss":0},{"damage_healed":0,"gold_gain":0,"player_choice":"Success","damage_taken":11,"relics_obtained":["Girya"],"max_hp_gain":0,"max_hp_loss":0,"event_name":"Scrap Ooze","floor":4,"gold_loss":0},{"damage_healed":0,"gold_gain":0,"player_choice":"Ignored","damage_taken":0,"max_hp_gain":0,"max_hp_loss":0,"event_name":"Liars Game","floor":11,"gold_loss":0}],"is_beta":false,"boss_relics":[],"items_purged_floors":[],"is_endless":false,"potions_floor_spawned":[1,7],"killed_by":"Gremlin Nob","ascension_level":20}