{"path_per_floor":["M","$","?","M","M","R","?","R","T","E","?","E","?","$","R","B",null,"M","M","?","$","?","E","$","?","T","M","R","M","R","M","R","B",null,"M","M","?","?","?","R","M","E","T","E","?","$","?","?","R","B"],"character_chosen":"THE_SILENT","items_purchased":["Endless Agony","Prepared","Snake Skull"],"gold_per_floor":[110,35,35,50,60,60,60,60,86,113,113,138,138,13,13,117,117,129,148,148,48,48,79,79,79,79,93,93,109,109,123,123,218,218,238,258,258,258,0,0,20,45,122,147,198,52,52,152,152,152],"floor_reached":51,"campfire_rested":2,"playtime":1865,"current_hp_per_floor":[68,68,68,68,68,68,68,68,68,57,45,41,41,41,41,3,70,68,53,53,53,40,13,13,13,13,29,29,46,46,48,70,63,75,64,69,69,69,69,69,65,53,63,71,63,63,52,52,77,45],"items_purged":["Injury","Strike_G"],"gold":152,"score":837,"play_id":"2de770d7-fbf0-4c50-bcfa-d95e446b0c7d","local_time":"20180329190304","is_prod":false,"is_daily":false,"is_ascension_mode":true,"campfire_upgraded":6,"timestamp":1522321384,"path_taken":["M","$","?","M","?","R","?","R","T","E","?","E","?","?","R","BOSS","M","M","?","?","?","E","$","?","T","M","R","M","R","M","R","BOSS","M","M","?","?","?","R","M","E","T","E","?","$","?","?","R","BOSS"],"build_version":"2018-03-22v2","purchased_purges":2,"victory":true,"master_deck":["Defend_G","Defend_G+1","Survivor+1","Neutralize+1","Finisher+1","Dagger Spray+1","Endless Agony+1","Prepared+1","A Thousand Cuts+1","Blur+1","Calculated Gamble+1","A Thousand Cuts+1","Infinite Blades+1","Backstab","Envenom+1","Acrobatics+1","Backflip+1","Madness","Madness"],"max_hp_per_floor":[70,70,70,70,70,70,70,70,70,70,70,70,70,70,70,70,70,70,70,70,70,75,75,75,75,75,75,75,75,75,75,75,75,75,75,75,75,75,75,75,75,75,85,85,85,85,85,85,85,85],"relics":["Ring of the Snake","Bird Faced Urn","Happy Flower","Juzu Bracelet","Bronze Scales","Frozen Egg 2","Astrolabe","War Paint","Meat on the Bone","Du-Vu Doll","Sozu","Red Mask","Tough Bandages","Pear","Orichalcum","Unceasing Top","Snake Skull"],"card_choices":[{"not_picked":["Finisher","Quick Slash"],"picked":"Dagger Spray","floor":4},{"not_picked":["Tactician","Venomology"],"picked":"A Thousand Cuts","floor":16},{"not_picked":["Leg Sweep","Tools of the Trade"],"picked":"Infinite Blades","floor":23},{"not_picked":["Outmaneuver","Predator"],"picked":"Backstab","floor":27},{"not_picked":["A Thousand Cuts","Bullet Time"],"picked":"Envenom","floor":33},{"not_picked":["Sucker Punch","Prepared"],"picked":"Acrobatics","floor":35},{"not_picked":["Dodge and Roll","Heel Hook"],"picked":"Backflip","floor":36}],"player_experience":349302,"potions_floor_usage":[12,16,42,50],"damage_taken":[{"damage":2,"enemies":"Small Slimes","floor":1,"turns":5},{"damage":0,"enemies":"Jaw Worm","floor":4,"turns":3},{"damage":0,"enemies":"Cultist","floor":5,"turns":4},{"damage":11,"enemies":"3 Sentries","floor":10,"turns":6},{"damage":13,"enemies":"Lagavulin","floor":12,"turns":4},{"damage":38,"enemies":"The Guardian","floor":16,"turns":15},{"damage":2,"enemies":"Spheric Guardian","floor":18,"turns":3},{"damage":17,"enemies":"2 Thieves","floor":19,"turns":2},{"damage":31,"enemies":"Book of Stabbing","floor":23,"turns":5},{"damage":0,"enemies":"Snake Plant","floor":27,"turns":4},{"damage":1,"enemies":"Centurion and Healer","floor":29,"turns":5},{"damage":4,"enemies":"3 Cultists","floor":31,"turns":3},{"damage":13,"enemies":"Champ","floor":33,"turns":9},{"damage":15,"enemies":"Orb Walker","floor":35,"turns":3},{"damage":3,"enemies":"3 Darklings","floor":36,"turns":2},{"damage":10,"enemies":"4 Shapes","floor":41,"turns":2},{"damage":18,"enemies":"2 Orb Walkers","floor":42,"turns":4},{"damage":0,"enemies":"Nemesis","floor":44,"turns":5},{"damage":14,"enemies":"…Ò√ÿ‘≤«Ú","floor":45,"turns":4},{"damage":40,"enemies":"Time Eater","floor":50,"turns":9}],"event_choices":[{"event_name":"Living Wall","player_choice":"Change","floor":3,"damage_taken":0},{"event_name":"Upgrade Shrine","player_choice":"Upgraded","floor":7,"damage_taken":0},{"event_name":"Scrap Ooze","player_choice":"success","floor":11,"damage_taken":12},{"event_name":"Liars Game","player_choice":"disagreed","floor":13,"damage_taken":0},{"event_name":"The Mausoleum","player_choice":"Yes","floor":20,"damage_taken":0},{"event_name":"Forgotten Altar","player_choice":"Shed Blood","floor":22,"damage_taken":0},{"event_name":"Back to Basics","player_choice":"Elegance","floor":25,"damage_taken":0},{"event_name":"Purifier","player_choice":"One Purge","floor":38,"damage_taken":0},{"event_name":"Tomb of Lord Red Mask","player_choice":"Paid","floor":39,"damage_taken":0},{"event_name":"Mysterious Sphere","player_choice":"Fight","floor":45,"damage_taken":0},{"event_name":"Winding Halls","player_choice":"Embrace Madness","floor":47,"damage_taken":0},{"event_name":"Golden Shrine","player_choice":"Pray","floor":48,"damage_taken":0}],"boss_relics":[{"not_picked":["White Beast Statue","Question Card"],"picked":"Astrolabe"},{"not_picked":["Pandora\u0027s Box","Black Star"],"picked":"Sozu"}],"potions_floor_spawned":[5,12,19,23,35,41],"seed_played":"1739017497524032618","ascension_level":1,"is_trial":false}