{"gold_per_floor":[11,11,86,236,236,267,54,64,64,76,76,93,112,144,144,218,218,234,262,262,281,294,294,308,308,333,333,365,365],"floor_reached":29,"playtime":1159,"items_purged":["Doubt"],"score":656,"play_id":"5ed7ece3-33f5-40f1-94d0-c0ab26cbce13","local_time":"20190516182140","is_ascension_mode":true,"campfire_choices":[{"data":"Darkness","floor":11.0,"key":"SMITH"},{"data":"Loop","floor":15.0,"key":"SMITH"},{"data":"Coolheaded","floor":23.0,"key":"SMITH"},{"data":"Biased Cognition","floor":25.0,"key":"SMITH"},{"data":"Capacitor","floor":27.0,"key":"SMITH"}],"neow_cost":"NO_GOLD","seed_source_timestamp":31818897881441,"circlet_count":0,"master_deck":["AscendersBane","Strike_B","Strike_B+1","Strike_B","Strike_B","Defend_B","Defend_B","Defend_B","Defend_B","Zap","Dualcast","Loop+1","Seek","Cold Snap","Self Repair","Capacitor+1","Darkness+1","Loop+1","Coolheaded+1","White Noise","Biased Cognition+1","Turbo","Electrodynamics"],"special_seed":0,"relics":["Cracked Core","Incense Burner","Oddly Smooth Stone","Ornamental Fan","Juzu Bracelet","Sozu","Red Mask","Bag of Marbles","Art of War"],"potions_floor_usage":[],"damage_taken":[{"damage":1.0,"enemies":"Cultist","floor":1.0,"turns":3.0},{"damage":25.0,"enemies":"Lagavulin","floor":6.0,"turns":7.0},{"damage":0.0,"enemies":"Jaw Worm","floor":8.0,"turns":6.0},{"damage":0.0,"enemies":"2 Louse","floor":10.0,"turns":3.0},{"damage":16.0,"enemies":"Exordium Wildlife","floor":12.0,"turns":4.0},{"damage":3.0,"enemies":"2 Fungi Beasts","floor":13.0,"turns":4.0},{"damage":12.0,"enemies":"Gremlin Nob","floor":14.0,"turns":3.0},{"damage":0.0,"enemies":"Hexaghost","floor":16.0,"turns":9.0},{"damage":11.0,"enemies":"Spheric Guardian","floor":18.0,"turns":5.0},{"damage":46.0,"enemies":"Masked Bandits","floor":19.0,"turns":7.0},{"damage":3.0,"enemies":"Shell Parasite","floor":21.0,"turns":7.0},{"damage":8.0,"enemies":"Snake Plant","floor":22.0,"turns":4.0},{"damage":6.0,"enemies":"3 Cultists","floor":24.0,"turns":3.0},{"damage":12,"enemies":"Gremlin Leader","floor":28,"turns":8},{"damage":24,"enemies":"Cultist and Chosen","floor":29,"turns":3}],"seed_played":"5644128026947907193","potions_obtained":[{"floor":6.0,"key":"FearPotion"},{"floor":10.0,"key":"FocusPotion"},{"floor":12.0,"key":"Block Potion"}],"is_trial":false,"path_per_floor":["M","$","?","?","?","E","$","M","T","M","R","M","M","E","R","B",null,"M","?","?","M","M","R","M","R","T","R","E","M"],"character_chosen":"DEFECT","items_purchased":["Cold Snap","Self Repair"],"campfire_rested":0,"item_purchase_floors":[7,7],"current_hp_per_floor":[63,63,52,52,31,6,6,13,13,20,20,11,15,3,3,3,54,50,11,11,15,14,14,15,15,15,15,10,0],"gold":365,"neow_bonus":"ONE_RARE_RELIC","is_prod":false,"is_daily":false,"chose_seed":false,"campfire_upgraded":5,"win_rate":0,"timestamp":1558002100,"path_taken":["M","?","?","?","?","E","$","M","T","M","R","M","M","E","R","BOSS","M","?","?","M","M","R","M","R","T","R","E","M"],"build_version":"2019-01-23","purchased_purges":1,"victory":false,"max_hp_per_floor":[71,71,71,71,71,71,71,71,71,71,71,71,71,71,71,71,71,71,71,71,71,71,71,71,71,71,71,71,71],"card_choices":[{"not_picked":["Turbo","Leap"],"picked":"Loop","floor":1.0},{"not_picked":["Barrage","Static Discharge"],"picked":"Seek","floor":6.0},{"not_picked":["Double Energy","Gash"],"picked":"Capacitor","floor":8.0},{"not_picked":["BootSequence","Capacitor"],"picked":"Darkness","floor":10.0},{"not_picked":["Genetic Algorithm","Go for the Eyes"],"picked":"Loop","floor":12.0},{"not_picked":["Capacitor","Hello World"],"picked":"Coolheaded","floor":13.0},{"not_picked":["Melter","Hello World"],"picked":"White Noise","floor":14.0},{"not_picked":["Seek","Electrodynamics"],"picked":"Biased Cognition","floor":16.0},{"not_picked":["Streamline","Sweeping Beam","Conserve Battery"],"picked":"SKIP","floor":18.0},{"not_picked":["Loop","Hologram"],"picked":"Turbo","floor":19.0},{"not_picked":["Leap","Blizzard+1"],"picked":"Electrodynamics","floor":21.0},{"not_picked":["Turbo","Barrage","Ball Lightning"],"picked":"SKIP","floor":22.0},{"not_picked":["Rip and Tear","Static Discharge","Compile Driver"],"picked":"SKIP","floor":24.0},{"not_picked":["All For One","Barrage","Stack"],"picked":"SKIP","floor":28}],"player_experience":4797032,"relics_obtained":[{"floor":6.0,"key":"Oddly Smooth Stone"},{"floor":9.0,"key":"Ornamental Fan"},{"floor":14.0,"key":"Juzu Bracelet"},{"floor":19.0,"key":"Red Mask"},{"floor":26.0,"key":"Bag of Marbles"},{"floor":28,"key":"Art of War"}],"event_choices":[{"damage_healed":0.0,"max_hp_gain":0.0,"max_hp_loss":0.0,"gold_gain":75.0,"event_name":"World of Goop","player_choice":"Gather Gold","floor":3.0,"gold_loss":0.0,"damage_taken":11.0},{"damage_healed":0.0,"max_hp_gain":0.0,"max_hp_loss":0.0,"gold_gain":150.0,"event_name":"Liars Game","player_choice":"AGREE","floor":4.0,"gold_loss":0.0,"damage_taken":0.0,"cards_obtained":["Doubt"]},{"damage_healed":0.0,"max_hp_gain":0.0,"max_hp_loss":0.0,"gold_gain":0.0,"event_name":"Shining Light","player_choice":"Entered Light","floor":5.0,"gold_loss":0.0,"damage_taken":21.0,"cards_upgraded":["Strike_B","Loop"]},{"damage_healed":0.0,"max_hp_gain":0.0,"max_hp_loss":0.0,"gold_gain":0.0,"event_name":"Masked Bandits","player_choice":"Fought Bandits","floor":19.0,"gold_loss":0.0,"damage_taken":0.0},{"damage_healed":0.0,"max_hp_gain":0.0,"max_hp_loss":0.0,"gold_gain":0.0,"event_name":"The Mausoleum","player_choice":"Ignored","floor":20.0,"gold_loss":0.0,"damage_taken":0.0}],"is_beta":false,"boss_relics":[{"not_picked":["White Beast Statue","Inserter"],"picked":"Sozu"}],"items_purged_floors":[7],"is_endless":false,"potions_floor_spawned":[6,10,12,18,24,28],"killed_by":"Cultist and Chosen","ascension_level":20}