{"gold_per_floor":[363,538,5,30,54,100,112,124,160,202,214,246,258,285,297,309],"floor_reached":16,"playtime":389,"items_purged":["Doubt"],"score":157,"play_id":"d7005106-5bc7-433c-97e1-1890663d2f1e","local_time":"20180921160757","is_ascension_mode":true,"campfire_choices":[{"data":"Feel No Pain","floor":8.0,"key":"SMITH"},{"data":"Carnage","floor":11.0,"key":"SMITH"},{"data":"Thunderclap","floor":13.0,"key":"SMITH"},{"data":"Rampage","floor":15,"key":"SMITH"}],"neow_cost":"TEN_PERCENT_HP_LOSS","seed_source_timestamp":12871165703960,"circlet_count":0,"master_deck":["Strike_R","Strike_R","Strike_R","Strike_R","Strike_R","Defend_R","Defend_R","Defend_R","Defend_R","Bash","Thunderclap+1","Carnage+1","Shrug It Off","Feel No Pain+1","Rampage+1"],"special_seed":0,"relics":["Burning Blood","Potion Belt","MawBank","Dream Catcher","Blood Vial","Centennial Puzzle","Odd Mushroom"],"potions_floor_usage":[],"damage_taken":[{"damage":14.0,"enemies":"Jaw Worm","floor":1.0,"turns":5.0},{"damage":1.0,"enemies":"2 Louse","floor":4.0,"turns":3.0},{"damage":0.0,"enemies":"Cultist","floor":5.0,"turns":3.0},{"damage":29.0,"enemies":"Gremlin Nob","floor":6.0,"turns":4.0},{"damage":35.0,"enemies":"Lagavulin","floor":10.0,"turns":5.0},{"damage":17.0,"enemies":"The Mushroom Lair","floor":12.0,"turns":5.0},{"damage":7,"enemies":"Gremlin Gang","floor":14,"turns":5},{"damage":19,"enemies":"Hexaghost","floor":16,"turns":7}],"seed_played":"-366777617435050337","potions_obtained":[{"floor":1.0,"key":"Poison Potion"},{"floor":6.0,"key":"Strength Potion"},{"floor":10.0,"key":"SteroidPotion"}],"is_trial":false,"path_per_floor":["M","?","$","M","M","E","?","R","T","E","R","?","R","M","R"],"character_chosen":"IRONCLAD","items_purchased":["Carnage","Shrug It Off","Feel No Pain","Potion Belt","MawBank"],"campfire_rested":0,"item_purchase_floors":[3,3,3,3,3],"current_hp_per_floor":[64,64,64,69,72,49,54,54,54,27,27,18,18,19,19,2],"gold":309,"neow_bonus":"TWO_FIFTY_GOLD","is_prod":false,"is_daily":false,"chose_seed":false,"campfire_upgraded":4,"win_rate":0,"timestamp":1537517277,"path_taken":["M","?","$","?","M","E","?","R","T","E","R","?","R","M","R","BOSS"],"build_version":"2018-09-20","purchased_purges":1,"victory":false,"max_hp_per_floor":[72,72,72,72,72,72,77,77,77,77,77,77,77,77,77,77],"card_choices":[{"not_picked":["Uppercut","Clash"],"picked":"Thunderclap","floor":1.0},{"not_picked":["Perfected Strike","Pommel Strike","Heavy Blade"],"picked":"SKIP","floor":4.0},{"not_picked":["Sword Boomerang","Clash","Perfected Strike"],"picked":"SKIP","floor":5.0},{"not_picked":["Intimidate","Clothesline","Pummel"],"picked":"SKIP","floor":6.0},{"not_picked":["Immolate","Perfected Strike","Sword Boomerang"],"picked":"SKIP","floor":10.0},{"not_picked":["Heavy Blade","Infernal Blade"],"picked":"Rampage","floor":14}],"player_experience":70920,"relics_obtained":[{"floor":6.0,"key":"Dream Catcher"},{"floor":9.0,"key":"Blood Vial"},{"floor":10.0,"key":"Centennial Puzzle"},{"floor":12.0,"key":"Odd Mushroom"}],"event_choices":[{"event_name":"Liars Game","player_choice":"agreed","floor":2.0,"damage_taken":0.0},{"event_name":"Big Fish","player_choice":"Donut","floor":7.0,"damage_taken":0.0},{"event_name":"Mushrooms","player_choice":"Fought Mushrooms","floor":12.0,"damage_taken":0.0}],"is_beta":false,"boss_relics":[],"items_purged_floors":[3],"is_endless":false,"potions_floor_spawned":[1,6,10],"killed_by":"Hexaghost","ascension_level":9}