{"gold_per_floor":[364,364,381,399,414,414,441,460,485,485,179,179,192,202,202,273,273,286,298,12,23,43,43,43,55,55,55,55,55,55,84,84,162,162,180,197,53,53,0,29,29,44,90,27,27,27,79,97,97,97,97,97,97,22,49,49],"floor_reached":56,"playtime":3359,"items_purged":["Strike_B","Strike_B","Injury","Strike_B"],"score":1748,"play_id":"fd182f73-abd6-41a0-b4f9-5939a2965f6d","local_time":"20190223121235","is_ascension_mode":true,"campfire_choices":[{"data":"Zap","floor":6.0,"key":"SMITH"},{"data":"Defragment","floor":10.0,"key":"SMITH"},{"data":"Reinforced Body","floor":12.0,"key":"SMITH"},{"data":"Glacier","floor":15.0,"key":"SMITH"},{"data":"Capacitor","floor":23.0,"key":"SMITH"},{"data":"Hologram","floor":27.0,"key":"SMITH"},{"data":"Skim","floor":29.0,"key":"SMITH"},{"data":"Rainbow","floor":32.0,"key":"SMITH"},{"data":"Recycle","floor":41.0,"key":"SMITH"},{"floor":49.0,"key":"RECALL"},{"data":"Rainbow","floor":53.0,"key":"SMITH"}],"neow_cost":"TEN_PERCENT_HP_LOSS","seed_source_timestamp":0,"circlet_count":0,"master_deck":["AscendersBane","Strike_B","Defend_B","Defend_B","Defend_B","Defend_B","Zap+1","Dualcast+1","Ball Lightning","Reinforced Body+1","Defragment+1","Glacier+1","Echo Form","Cold Snap","Genetic Algorithm","Rainbow+1","Hologram+1","Self Repair+1","Capacitor+1","Skim+1","Rainbow+1","Echo Form","Recycle+1","Meteor Strike","HandOfGreed","Chrysalis","HandOfGreed","Coolheaded+1"],"special_seed":0,"relics":["Cracked Core","Regal Pillow","Lantern","Membership Card","Velvet Choker","Potion Belt","Medical Kit","Pocketwatch","Happy Flower","Cursed Key","Runic Capacitor","Red Mask","Ancient Tea Set","FaceOfCleric","DataDisk"],"potions_floor_usage":[56,56],"damage_taken":[{"damage":2.0,"enemies":"Jaw Worm","floor":1.0,"turns":4.0},{"damage":0.0,"enemies":"Cultist","floor":3.0,"turns":2.0},{"damage":0.0,"enemies":"Small Slimes","floor":4.0,"turns":2.0},{"damage":4.0,"enemies":"Blue Slaver","floor":5.0,"turns":3.0},{"damage":33.0,"enemies":"3 Sentries","floor":7.0,"turns":9.0},{"damage":0.0,"enemies":"3 Louse","floor":8.0,"turns":4.0},{"damage":7.0,"enemies":"Exordium Wildlife","floor":13.0,"turns":4.0},{"damage":0.0,"enemies":"2 Fungi Beasts","floor":14.0,"turns":4.0},{"damage":9.0,"enemies":"Hexaghost","floor":16.0,"turns":8.0},{"damage":3.0,"enemies":"3 Byrds","floor":18.0,"turns":5.0},{"damage":0.0,"enemies":"Spheric Guardian","floor":19.0,"turns":5.0},{"damage":11.0,"enemies":"Centurion and Healer","floor":21.0,"turns":15.0},{"damage":18.0,"enemies":"Cultist and Chosen","floor":22.0,"turns":7.0},{"damage":13.0,"enemies":"Snake Plant","floor":25.0,"turns":6.0},{"damage":27.0,"enemies":"Slavers","floor":31.0,"turns":10.0},{"damage":13.0,"enemies":"Champ","floor":33.0,"turns":12.0},{"damage":21.0,"enemies":"3 Darklings","floor":35.0,"turns":6.0},{"damage":3.0,"enemies":"3 Shapes","floor":36.0,"turns":5.0},{"damage":5.0,"enemies":"Nemesis","floor":40.0,"turns":11.0},{"damage":36.0,"enemies":"Transient","floor":42.0,"turns":6.0},{"damage":4.0,"enemies":"Sphere and 2 Shapes","floor":47.0,"turns":6.0},{"damage":0.0,"enemies":"Spire Growth","floor":48.0,"turns":7.0},{"damage":22.0,"enemies":"Donu and Deca","floor":50.0,"turns":13.0},{"damage":55.0,"enemies":"Time Eater","floor":51.0,"turns":9.0},{"damage":50.0,"enemies":"Shield and Spear","floor":55.0,"turns":14.0},{"damage":8,"enemies":"The Heart","floor":56,"turns":3}],"seed_played":"-3357050758464772926","potions_obtained":[{"floor":1.0,"key":"LiquidBronze"},{"floor":4.0,"key":"Block Potion"},{"floor":14.0,"key":"SpeedPotion"},{"floor":19.0,"key":"Swift Potion"},{"floor":22.0,"key":"GamblersBrew"},{"floor":24.0,"key":"Fruit Juice"},{"floor":24.0,"key":"Weak Potion"},{"floor":25.0,"key":"Swift Potion"},{"floor":35.0,"key":"Strength Potion"},{"floor":42.0,"key":"EssenceOfSteel"},{"floor":55.0,"key":"Block Potion"}],"is_trial":false,"path_per_floor":["M","?","M","M","M","R","E","M","T","R","$","R","M","M","R","B",null,"M","M","$","M","M","R","?","M","T","R","?","R","?","E","R","B",null,"M","M","$","?","?","E","R","M","T","$","?","$","M","M","R","B","B",null,"R","$","E","B"],"character_chosen":"DEFECT","items_purchased":["Membership Card","Echo Form","Capacitor","Potion Belt","Medical Kit","Runic Capacitor","Meteor Strike"],"campfire_rested":0,"item_purchase_floors":[11,11,20,20,20,37,37],"current_hp_per_floor":[62,62,62,62,58,58,25,25,25,25,25,25,18,18,18,9,50,47,47,47,46,48,48,48,60,60,60,60,60,41,34,34,31,63,62,74,74,64,64,74,74,58,58,58,58,58,55,76,76,75,41,69,69,69,40,32],"gold":49,"neow_bonus":"TWO_FIFTY_GOLD","is_prod":false,"is_daily":false,"chose_seed":false,"campfire_upgraded":10,"win_rate":0,"timestamp":1550895155,"path_taken":["M","?","?","M","M","R","E","M","T","R","$","R","?","M","R","BOSS","M","M","$","M","?","R","?","?","T","R","?","R","?","E","R","BOSS","M","M","$","?","?","E","R","M","T","?","?","$","M","M","R","BOSS","BOSS","R","$","E","BOSS"],"build_version":"2019-01-23","purchased_purges":4,"victory":false,"max_hp_per_floor":[64,64,64,64,64,64,64,64,64,64,64,64,64,64,64,64,64,64,64,64,64,64,64,64,69,69,69,69,69,74,74,74,74,74,74,74,74,74,74,74,74,74,74,74,74,74,75,76,76,77,78,78,78,78,79,79],"card_choices":[{"not_picked":["Chaos","Compile Driver"],"picked":"Ball Lightning","floor":1.0},{"not_picked":["Leap","Static Discharge","Lockon"],"picked":"SKIP","floor":3.0},{"not_picked":["Leap","Static Discharge","Lockon"],"picked":"SKIP","floor":3.0},{"not_picked":["Ball Lightning","Rip and Tear"],"picked":"Reinforced Body","floor":4.0},{"not_picked":["Scrape","Sweeping Beam","Auto Shields"],"picked":"SKIP","floor":5.0},{"not_picked":["Reboot","FTL"],"picked":"Defragment","floor":7.0},{"not_picked":["Gash","Barrage"],"picked":"Glacier","floor":8.0},{"not_picked":["Steam Power","Rebound"],"picked":"Cold Snap","floor":13.0},{"not_picked":["Coolheaded","Leap"],"picked":"Genetic Algorithm","floor":14.0},{"not_picked":["Amplify","Machine Learning"],"picked":"Rainbow","floor":16.0},{"not_picked":["Coolheaded","Static Discharge"],"picked":"Hologram","floor":18.0},{"not_picked":["Turbo+1","Redo"],"picked":"Self Repair+1","floor":19.0},{"not_picked":["Redo","Stack+1","Gash"],"picked":"SKIP","floor":21.0},{"not_picked":["Redo","Turbo","Storm"],"picked":"SKIP","floor":22.0},{"not_picked":["Double Energy","Reprogram"],"picked":"Skim","floor":25.0},{"not_picked":["Darkness","Force Field"],"picked":"Rainbow","floor":31.0},{"not_picked":["Multi-Cast","Buffer"],"picked":"Echo Form","floor":33.0},{"not_picked":["Rebound+1","Compile Driver"],"picked":"Recycle","floor":35.0},{"not_picked":["Compile Driver+1","Beam Cell","Ball Lightning"],"picked":"SKIP","floor":36.0},{"not_picked":["Blind","Flash of Steel"],"picked":"HandOfGreed","floor":38.0},{"not_picked":["Forethought","Enlightenment"],"picked":"Chrysalis","floor":38.0},{"not_picked":["Mind Blast","Discovery"],"picked":"HandOfGreed","floor":38.0},{"not_picked":["Melter","Steam Power","Hologram"],"picked":"SKIP","floor":40.0},{"not_picked":["Compile Driver","Leap+1","Turbo+1"],"picked":"SKIP","floor":42.0},{"not_picked":["Darkness+1","Static Discharge+1","Coolheaded"],"picked":"SKIP","floor":47.0},{"not_picked":["Steam","Ball Lightning"],"picked":"Coolheaded+1","floor":48.0},{"not_picked":["Compile Driver","Cold Snap","Heatsinks"],"picked":"SKIP","floor":55.0}],"player_experience":3065772,"relics_obtained":[{"floor":7.0,"key":"Regal Pillow"},{"floor":9.0,"key":"Lantern"},{"floor":26.0,"key":"Pocketwatch"},{"floor":31.0,"key":"Happy Flower"},{"floor":40.0,"key":"Ancient Tea Set"},{"floor":55.0,"key":"DataDisk"}],"event_choices":[{"damage_healed":0.0,"max_hp_gain":0.0,"max_hp_loss":0.0,"gold_gain":0.0,"event_name":"Upgrade Shrine","player_choice":"Upgraded","floor":2.0,"gold_loss":0.0,"damage_taken":0.0,"cards_upgraded":["Dualcast"]},{"damage_healed":0.0,"max_hp_gain":0.0,"max_hp_loss":0.0,"gold_gain":0.0,"event_name":"Lab","player_choice":"Got Potions","floor":24.0,"gold_loss":0.0,"damage_taken":0.0},{"damage_healed":0.0,"max_hp_gain":0.0,"max_hp_loss":0.0,"gold_gain":0.0,"event_name":"Ghosts","player_choice":"Ignored","floor":28.0,"gold_loss":0.0,"damage_taken":0.0},{"damage_healed":0.0,"max_hp_gain":5.0,"max_hp_loss":0.0,"gold_gain":0.0,"event_name":"Forgotten Altar","player_choice":"Shed Blood","floor":30.0,"gold_loss":0.0,"damage_taken":24.0},{"damage_healed":0.0,"max_hp_gain":0.0,"max_hp_loss":0.0,"gold_gain":0.0,"event_name":"SensoryStone","player_choice":"Memory 3","floor":38.0,"gold_loss":0.0,"damage_taken":10.0},{"damage_healed":0.0,"max_hp_gain":0.0,"max_hp_loss":0.0,"gold_gain":0.0,"event_name":"Tomb of Lord Red Mask","player_choice":"Paid","floor":39.0,"gold_loss":53.0,"damage_taken":0.0,"relics_obtained":["Red Mask"]},{"damage_healed":0.0,"max_hp_gain":0.0,"max_hp_loss":0.0,"gold_gain":0.0,"event_name":"FaceTrader","player_choice":"Trade","floor":45.0,"gold_loss":0.0,"damage_taken":0.0,"relics_obtained":["FaceOfCleric"]}],"is_beta":false,"boss_relics":[{"not_picked":["Lizard Tail","Tiny House"],"picked":"Velvet Choker"},{"not_picked":["Calling Bell","Fusion Hammer"],"picked":"Cursed Key"}],"items_purged_floors":[11,20,44,54],"is_endless":false,"potions_floor_spawned":[1,4,7,14,19,22,25,35,42,55],"killed_by":"The Heart","ascension_level":20}