{"gold_per_floor":[110,36,46,46,46,46,46,75,99,99,99,99,99,131,131,208,208,221,221,221,136,148,148,180,180,203,55,72,97,20,80,80,155,155,173,185,185,185,85,117,117,133,214,247,247,1,1,28,28,28],"floor_reached":51,"playtime":1537,"items_purged":["Strike_R","Strike_R"],"score":1420,"play_id":"86e3b232-94c6-4d07-99ed-03b32969546a","local_time":"20180923011127","is_ascension_mode":true,"campfire_choices":[{"data":"Juggernaut","floor":10.0,"key":"SMITH"},{"floor":12.0,"key":"REST"},{"data":"Metallicize","floor":15.0,"key":"SMITH"},{"floor":23,"key":"REST"},{"floor":25,"key":"REST"},{"data":"True Grit","floor":32,"key":"SMITH"},{"floor":41,"key":"REST"},{"floor":45,"key":"REST"},{"floor":49,"key":"REST"}],"neow_cost":"PERCENT_DAMAGE","seed_source_timestamp":130685676558499,"circlet_count":0,"master_deck":["Strike_R","Strike_R","Defend_R","Defend_R+1","Defend_R","Defend_R+1","Bash","AscendersBane","Heavy Blade+1","Whirlwind+1","Juggernaut+1","Metallicize+1","Limit Break","Juggernaut+1","Seeing Red+1","Inflame+1","Power Through","Body Slam","Evolve+1","Offering","Flame Barrier","True Grit+1","Juggernaut+1","Secret Technique"],"special_seed":0,"relics":["Burning Blood","Mango","Bag of Marbles","Anchor","Strawberry","Frozen Egg 2","Dream Catcher","Velvet Choker","War Paint","Blood Vial","Oddly Smooth Stone","Potion Belt","Tiny Chest","Fusion Hammer","Unceasing Top","Paper Frog","Singing Bowl","Ice Cream","Mummified Hand","WingedGreaves"],"potions_floor_usage":[16,28,29,33,44,50],"damage_taken":[{"damage":4.0,"enemies":"Jaw Worm","floor":1.0,"turns":4.0},{"damage":1.0,"enemies":"Cultist","floor":3.0,"turns":3.0},{"damage":29.0,"enemies":"Gremlin Nob","floor":8.0,"turns":4.0},{"damage":14.0,"enemies":"3 Sentries","floor":14.0,"turns":4.0},{"damage":44,"enemies":"Hexaghost","floor":16,"turns":12},{"damage":3,"enemies":"3 Byrds","floor":18,"turns":4},{"damage":16,"enemies":"Spheric Guardian","floor":22,"turns":4},{"damage":62,"enemies":"Book of Stabbing","floor":24,"turns":6},{"damage":8,"enemies":"Snake Plant","floor":28,"turns":3},{"damage":3,"enemies":"Slavers","floor":29,"turns":4},{"damage":6,"enemies":"Gremlin Leader","floor":31,"turns":5},{"damage":41,"enemies":"Automaton","floor":33,"turns":9},{"damage":14,"enemies":"3 Darklings","floor":35,"turns":4},{"damage":13,"enemies":"Orb Walker","floor":36,"turns":4},{"damage":12,"enemies":"Mind Bloom Boss Battle","floor":37,"turns":7},{"damage":63,"enemies":"Giant Head","floor":40,"turns":8},{"damage":6,"enemies":"Reptomancer","floor":42,"turns":3},{"damage":38,"enemies":"Nemesis","floor":44,"turns":7},{"damage":6,"enemies":"Giant Head","floor":48,"turns":5},{"damage":68,"enemies":"Time Eater","floor":50,"turns":8}],"seed_played":"-3640171356189268302","potions_obtained":[{"floor":8.0,"key":"SpeedPotion"},{"floor":24,"key":"AttackPotion"},{"floor":28,"key":"Block Potion"},{"floor":29,"key":"Dexterity Potion"},{"floor":36,"key":"Ancient Potion"},{"floor":40,"key":"Energy Potion"},{"floor":42,"key":"Weak Potion"}],"is_trial":false,"path_per_floor":["M","$","M","$","?","?","$","E","T","R","?","R","?","E","R","B",null,"M","?","?","?","M","R","E","R","T","$","M","E","$","E","R","B",null,"M","M","?","?","$","E","R","M","T","E","R","$","?","E","R","B"],"character_chosen":"IRONCLAD","items_purchased":["Whirlwind","Evolve+1","Flame Barrier","Mummified Hand"],"campfire_rested":6,"item_purchase_floors":[2,27,30,46],"current_hp_per_floor":[66,66,71,71,71,71,71,48,48,48,30,58,58,50,50,12,75,78,59,59,59,49,79,23,53,53,53,53,58,58,60,60,27,83,77,72,68,68,68,13,43,45,45,17,49,49,49,53,87,27],"gold":28,"neow_bonus":"ONE_RARE_RELIC","is_prod":false,"is_daily":false,"chose_seed":false,"campfire_upgraded":3,"win_rate":0,"timestamp":1537636287,"path_taken":["M","$","M","$","?","?","?","E","T","R","?","R","?","E","R","BOSS","M","?","?","?","?","R","E","R","T","$","?","E","$","E","R","BOSS","M","M","?","?","$","E","R","?","T","E","R","$","?","E","R","BOSS"],"build_version":"2018-09-20","purchased_purges":2,"victory":true,"max_hp_per_floor":[89,89,89,89,89,89,89,89,89,89,96,96,96,96,96,96,96,96,101,101,101,101,101,101,101,101,101,101,101,101,101,101,101,101,101,101,101,101,101,101,101,101,101,103,105,105,105,107,109,109],"card_choices":[{"not_picked":["Clothesline","Havoc"],"picked":"Heavy Blade","floor":1.0},{"not_picked":["Blood for Blood","Havoc","Twin Strike"],"picked":"SKIP","floor":3.0},{"not_picked":["Twin Strike","Searing Blow"],"picked":"Metallicize","floor":8.0},{"not_picked":["Perfected Strike","Ghostly Armor"],"picked":"Limit Break","floor":14.0},{"not_picked":["Feed","Limit Break"],"picked":"Juggernaut+1","floor":16},{"not_picked":["Disarm","Twin Strike"],"picked":"Seeing Red+1","floor":18},{"not_picked":["Second Wind+1","Reckless Charge"],"picked":"Inflame+1","floor":22},{"not_picked":["Infernal Blade","Heavy Blade+1"],"picked":"Power Through","floor":23},{"not_picked":["Clash","Offering"],"picked":"Body Slam","floor":24},{"not_picked":["Sever Soul","Sword Boomerang+1","Anger"],"picked":"SKIP","floor":28},{"not_picked":["Clash","Searing Blow"],"picked":"Offering","floor":29},{"not_picked":["Intimidate","Perfected Strike+1"],"picked":"True Grit","floor":31},{"not_picked":["Exhume","Offering"],"picked":"Juggernaut+1","floor":33},{"not_picked":["Wild Strike","Cleave+1","Ghostly Armor"],"picked":"SKIP","floor":35},{"not_picked":["Wild Strike","Sword Boomerang","Cleave"],"picked":"SKIP","floor":36},{"not_picked":["Swift Strike","PanicButton"],"picked":"Secret Technique","floor":38},{"not_picked":["Heavy Blade+1","Reckless Charge","Sword Boomerang"],"picked":"SKIP","floor":40},{"not_picked":["Fire Breathing+1","Iron Wave+1","Havoc"],"picked":"SKIP","floor":42},{"not_picked":["Iron Wave","Heavy Blade","Pummel"],"picked":"Singing Bowl","floor":44},{"not_picked":["Cleave","Twin Strike","Warcry"],"picked":"Singing Bowl","floor":45},{"not_picked":["Dark Embrace+1","Spot Weakness","Iron Wave"],"picked":"Singing Bowl","floor":48},{"not_picked":["Combust+1","Clothesline+1","Sever Soul"],"picked":"Singing Bowl","floor":49}],"player_experience":95498,"relics_obtained":[{"floor":8.0,"key":"Bag of Marbles"},{"floor":9.0,"key":"Anchor"},{"floor":14.0,"key":"Dream Catcher"},{"floor":24,"key":"Blood Vial"},{"floor":26,"key":"Oddly Smooth Stone"},{"floor":29,"key":"Potion Belt"},{"floor":31,"key":"Tiny Chest"},{"floor":37,"key":"Unceasing Top"},{"floor":40,"key":"Paper Frog"},{"floor":43,"key":"Singing Bowl"},{"floor":44,"key":"Ice Cream"},{"floor":48,"key":"WingedGreaves"}],"event_choices":[{"event_name":"Upgrade Shrine","player_choice":"Upgraded","floor":5.0,"damage_taken":0.0},{"event_name":"Living Wall","player_choice":"Change","floor":6.0,"damage_taken":0.0},{"event_name":"Scrap Ooze","player_choice":"success","floor":11.0,"damage_taken":25.0},{"event_name":"Dead Adventurer","player_choice":"Searched \u00273\u0027 times","floor":13.0,"damage_taken":0.0},{"event_name":"Forgotten Altar","player_choice":"Shed Blood","floor":19,"damage_taken":0},{"event_name":"Accursed Blacksmith","player_choice":"Forge","floor":20,"damage_taken":0},{"event_name":"Addict","player_choice":"Obtained Relic","floor":21,"damage_taken":0},{"event_name":"MindBloom","player_choice":"Fight","floor":37,"damage_taken":0},{"event_name":"SensoryStone","player_choice":"Memory 1","floor":38,"damage_taken":0},{"event_name":"SecretPortal","player_choice":"Rejected Portal.","floor":47,"damage_taken":0}],"is_beta":false,"boss_relics":[{"not_picked":["Sozu","Calling Bell"],"picked":"Velvet Choker"},{"not_picked":["Coffee Dripper","Snecko Eye"],"picked":"Fusion Hammer"}],"items_purged_floors":[27,39],"is_endless":false,"potions_floor_spawned":[8,24,28,29,36,40,42],"ascension_level":14}