{"gold_per_floor":[109,122,122,122,47,80,80,111,160,160,185,9,52,52,52,52],"floor_reached":16,"playtime":335,"items_purged":["Strike_G","Strike_G"],"score":282,"play_id":"c3d4328a-2d5e-4b43-b819-e3d7443e0458","local_time":"20190103185146","is_ascension_mode":true,"campfire_choices":[{"data":"Noxious Fumes","floor":7,"key":"SMITH"},{"data":"Deadly Poison","floor":10,"key":"SMITH"},{"floor":15,"key":"REST"}],"neow_cost":"NONE","seed_source_timestamp":24711152062649,"circlet_count":0,"master_deck":["AscendersBane","Defend_G+1","Defend_G+1","Defend_G","Defend_G","Defend_G","Strike_G","Strike_G","Survivor","Neutralize","Deadly Poison+1","Noxious Fumes+1","Leg Sweep","Footwork","Malaise"],"special_seed":0,"relics":["Ring of the Snake","NeowsBlessing","Golden Idol","Ancient Tea Set","Pear","War Paint","Potion Belt"],"potions_floor_usage":[],"damage_taken":[{"damage":0.0,"enemies":"Jaw Worm","floor":1.0,"turns":1.0},{"damage":0.0,"enemies":"Small Slimes","floor":2.0,"turns":1.0},{"damage":0,"enemies":"Gremlin Nob","floor":6,"turns":1},{"damage":24,"enemies":"Lagavulin","floor":8,"turns":9},{"damage":0,"enemies":"2 Louse","floor":11,"turns":4},{"damage":39,"enemies":"Gremlin Nob","floor":13,"turns":6},{"damage":8,"enemies":"Slime Boss","floor":16,"turns":6}],"seed_played":"8024648044418794505","potions_obtained":[{"floor":2.0,"key":"Energy Potion"},{"floor":8,"key":"Dexterity Potion"}],"is_trial":false,"path_per_floor":["M","M","?","?","$","E","R","E","T","R","M","$","E","$","R","B"],"character_chosen":"THE_SILENT","items_purchased":["Footwork"],"campfire_rested":1,"item_purchase_floors":[12],"current_hp_per_floor":[59,59,59,59,59,59,59,45,45,45,45,45,6,6,27,19],"gold":52,"neow_bonus":"THREE_ENEMY_KILL","is_prod":false,"is_daily":false,"chose_seed":false,"campfire_upgraded":2,"win_rate":0,"timestamp":1546512706,"path_taken":["M","M","?","?","$","E","R","E","T","R","M","$","E","?","R","BOSS"],"build_version":"2018-12-20","purchased_purges":2,"victory":false,"max_hp_per_floor":[66,66,60,60,60,60,60,70,70,70,70,70,70,70,70,70],"card_choices":[{"not_picked":["Dodge and Roll","Deflect"],"picked":"Deadly Poison","floor":1.0},{"not_picked":["Slice","Quick Slash"],"picked":"Noxious Fumes","floor":2.0},{"not_picked":["Cloak And Dagger","Bane","Infinite Blades"],"picked":"SKIP","floor":6},{"not_picked":["Concentrate","Dagger Throw"],"picked":"Leg Sweep","floor":8},{"not_picked":["Underhanded Strike","Dagger Spray","Flechettes"],"picked":"SKIP","floor":11},{"not_picked":["Bane","Flying Knee"],"picked":"Malaise","floor":13}],"player_experience":1700661,"relics_obtained":[{"floor":6,"key":"Ancient Tea Set"},{"floor":8,"key":"Pear"},{"floor":9,"key":"War Paint"},{"floor":13,"key":"Potion Belt"}],"event_choices":[{"damage_healed":0.0,"max_hp_gain":0.0,"max_hp_loss":6.0,"gold_gain":0.0,"event_name":"Golden Idol","player_choice":"Lose Max HP","floor":3.0,"gold_loss":0.0,"damage_taken":0.0,"relics_obtained":["Golden Idol"]},{"cards_removed":["Strike_G"],"damage_healed":0,"gold_gain":0,"player_choice":"Forget","damage_taken":0,"max_hp_gain":0,"max_hp_loss":0,"event_name":"Living Wall","floor":4,"gold_loss":0}],"is_beta":false,"boss_relics":[],"items_purged_floors":[5,12],"is_endless":false,"potions_floor_spawned":[2,8],"killed_by":"Slime Boss","ascension_level":20}