{"gold_per_floor":[118,43,43,63,76,76,92,92,92,105,115,133,133,153,153,255,255,269,194,210,225,237,237,182,182,207,241,241,241,141,154,154,259,259,275,150,167,167,167,167,195,195,195,210,220,220,220,239,239,239],"floor_reached":51,"playtime":1245,"items_purged":["Strike_B","Strike_B","Defend_B"],"score":768,"play_id":"4d2510f2-8b2c-4fd9-b6a5-427b9150d9b2","local_time":"20190611201723","is_ascension_mode":false,"campfire_choices":[{"data":"Dualcast","floor":6,"key":"SMITH"},{"data":"Doom and Gloom","floor":8,"key":"SMITH"},{"data":"Skim","floor":13,"key":"SMITH"},{"data":"Cold Snap","floor":15,"key":"SMITH"},{"data":"Redo","floor":23,"key":"SMITH"},{"data":"Buffer","floor":25,"key":"SMITH"},{"data":"Creative AI","floor":29,"key":"SMITH"},{"data":"Ball Lightning","floor":32,"key":"SMITH"},{"data":"Amplify","floor":40,"key":"SMITH"},{"data":"Ball Lightning","floor":42,"key":"SMITH"},{"data":"Defend_B","floor":46,"key":"SMITH"},{"data":"Core Surge","floor":49,"key":"SMITH"}],"neow_cost":"NONE","seed_source_timestamp":33882505933297,"circlet_count":0,"master_deck":["Defend_B+1","Zap+1","Dualcast+1","Ball Lightning+1","Doom and Gloom+1","Ball Lightning+1","Core Surge+1","Cold Snap+1","Skim+1","Buffer+1","Turbo+1","Redo+1","Chill","Creative AI+1","Skim+1","Amplify+1","Loop+1","Conserve Battery+1","Recycle+1"],"relics":["Cracked Core","Pantograph","Runic Pyramid","Tiny Chest","Strawberry","PreservedInsect","Nuclear Battery","Anchor","The Courier"],"potions_floor_usage":[3,38,50,50],"damage_taken":[{"damage":1,"enemies":"Cultist","floor":1,"turns":3},{"damage":0,"enemies":"Small Slimes","floor":4,"turns":2},{"damage":0,"enemies":"2 Louse","floor":5,"turns":1},{"damage":15,"enemies":"Gremlin Gang","floor":7,"turns":4},{"damage":1,"enemies":"2 Fungi Beasts","floor":10,"turns":2},{"damage":2,"enemies":"Exordium Thugs","floor":11,"turns":2},{"damage":0,"enemies":"Looter","floor":12,"turns":2},{"damage":4,"enemies":"Large Slime","floor":14,"turns":3},{"damage":0,"enemies":"Slime Boss","floor":16,"turns":5},{"damage":7,"enemies":"Shell Parasite","floor":18,"turns":6},{"damage":0,"enemies":"Chosen","floor":20,"turns":3},{"damage":0,"enemies":"Centurion and Healer","floor":21,"turns":5},{"damage":0,"enemies":"Snecko","floor":22,"turns":4},{"damage":13,"enemies":"Gremlin Leader","floor":27,"turns":6},{"damage":8,"enemies":"Cultist and Chosen","floor":31,"turns":4},{"damage":10,"enemies":"Collector","floor":33,"turns":9},{"damage":0,"enemies":"Orb Walker","floor":35,"turns":3},{"damage":0,"enemies":"3 Darklings","floor":37,"turns":3},{"damage":3,"enemies":"Writhing Mass","floor":38,"turns":2},{"damage":0,"enemies":"Giant Head","floor":41,"turns":5},{"damage":0,"enemies":"Transient","floor":44,"turns":5},{"damage":0,"enemies":"Jaw Worm Horde","floor":45,"turns":2},{"damage":2,"enemies":"Spire Growth","floor":48,"turns":3},{"damage":40,"enemies":"Donu and Deca","floor":50,"turns":6}],"seed_played":"459804596470171842","potions_obtained":[{"floor":3,"key":"Fruit Juice"},{"floor":3,"key":"SmokeBomb"},{"floor":3,"key":"SpeedPotion"},{"floor":4,"key":"Dexterity Potion"},{"floor":5,"key":"FocusPotion"},{"floor":10,"key":"GamblersBrew"},{"floor":41,"key":"PowerPotion"}],"is_trial":false,"path_per_floor":["M","$","?","M","M","R","M","R","T","M","M","M","R","M","R","B",null,"M","?","M","M","M","R","?","R","T","E","?","R","$","M","R","B",null,"M","$","M","M","?","R","E","R","T","M","M","R","?","M","R","B",null],"character_chosen":"DEFECT","items_purchased":[],"campfire_rested":0,"item_purchase_floors":[],"current_hp_per_floor":[74,74,79,79,79,79,64,64,64,63,61,61,61,57,57,80,80,73,73,73,73,73,73,73,73,80,67,67,67,67,59,59,74,87,87,87,87,84,84,84,84,84,84,84,84,84,84,82,82,47],"gold":239,"neow_bonus":"UPGRADE_CARD","is_prod":false,"is_daily":false,"chose_seed":false,"campfire_upgraded":12,"win_rate":0,"timestamp":1560255443,"path_taken":["M","?","?","?","M","R","M","R","T","M","M","M","R","M","R","BOSS","M","?","M","M","M","R","?","R","T","E","?","R","$","M","R","BOSS","M","$","M","M","?","R","E","R","T","M","?","R","?","M","R","BOSS"],"build_version":"2019-01-23","purchased_purges":3,"victory":true,"max_hp_per_floor":[75,75,80,80,80,80,80,80,80,80,80,80,80,80,80,80,80,80,80,80,80,80,80,80,80,87,87,87,87,87,87,87,87,87,87,87,87,87,87,87,87,87,87,87,87,87,87,87,87,87],"card_choices":[{"not_picked":["FTL","Sweeping Beam"],"picked":"Ball Lightning","floor":1},{"not_picked":["Leap","Force Field"],"picked":"Doom and Gloom","floor":4},{"not_picked":["Barrage","Rip and Tear","Redo"],"picked":"SKIP","floor":5},{"not_picked":["Conserve Battery","Streamline"],"picked":"Ball Lightning","floor":7},{"not_picked":["Scrape","Ball Lightning"],"picked":"Core Surge","floor":10},{"not_picked":["Gash","Hologram"],"picked":"Cold Snap","floor":11},{"not_picked":["Gash","Leap"],"picked":"Skim","floor":12},{"not_picked":["Ball Lightning","Hologram","Reprogram"],"picked":"SKIP","floor":14},{"not_picked":["All For One","Amplify"],"picked":"Buffer","floor":16},{"not_picked":["Steam Power","Sweeping Beam"],"picked":"Turbo+1","floor":18},{"not_picked":["Ball Lightning","Chaos"],"picked":"Redo","floor":20},{"not_picked":["Stack","Beam Cell","Leap+1"],"picked":"SKIP","floor":21},{"not_picked":["Streamline+1","Go for the Eyes"],"picked":"Chill","floor":22},{"not_picked":["Self Repair","Leap+1"],"picked":"Creative AI","floor":27},{"not_picked":["Hologram","Tempest"],"picked":"Skim+1","floor":31},{"not_picked":["Hyperbeam","Machine Learning"],"picked":"Amplify","floor":33},{"not_picked":["Lockon","Fusion"],"picked":"Loop+1","floor":35},{"not_picked":["Gash+1","Conserve Battery+1","Beam Cell"],"picked":"SKIP","floor":37},{"not_picked":["Gash+1","Beam Cell"],"picked":"Conserve Battery+1","floor":37},{"not_picked":["All For One","Undo","Beam Cell"],"picked":"SKIP","floor":41},{"not_picked":["Leap+1","Rebound+1","Conserve Battery"],"picked":"SKIP","floor":44},{"not_picked":["Rebound","Steam Power"],"picked":"Recycle+1","floor":45},{"not_picked":["Streamline+1","Sweeping Beam","Turbo"],"picked":"SKIP","floor":48}],"player_experience":5064640,"relics_obtained":[{"floor":9,"key":"Pantograph"},{"floor":26,"key":"Strawberry"},{"floor":27,"key":"PreservedInsect"},{"floor":41,"key":"Anchor"},{"floor":43,"key":"The Courier"}],"event_choices":[{"damage_healed":0,"gold_gain":0,"player_choice":"Got Potions","damage_taken":0,"max_hp_gain":0,"max_hp_loss":0,"event_name":"Lab","floor":3,"gold_loss":0},{"cards_removed":["Strike_B"],"damage_healed":0,"gold_gain":0,"player_choice":"Gave Gold","damage_taken":0,"max_hp_gain":0,"max_hp_loss":0,"event_name":"Beggar","floor":19,"gold_loss":75},{"damage_healed":0,"gold_gain":0,"player_choice":"Obtained Relic","damage_taken":0,"relics_obtained":["Tiny Chest"],"max_hp_gain":0,"max_hp_loss":0,"event_name":"Addict","floor":24,"gold_loss":85},{"cards_removed":["Strike_B"],"damage_healed":0,"gold_gain":0,"player_choice":"Elegance","damage_taken":0,"max_hp_gain":0,"max_hp_loss":0,"event_name":"Back to Basics","floor":28,"gold_loss":0},{"cards_removed":["Defend_B"],"damage_healed":0,"gold_gain":0,"player_choice":"Card Removal","damage_taken":0,"max_hp_gain":0,"max_hp_loss":0,"event_name":"Wheel of Change","floor":39,"gold_loss":0},{"cards_removed":["Defend_B"],"damage_healed":0,"gold_gain":0,"player_choice":"Purged","damage_taken":0,"max_hp_gain":0,"max_hp_loss":0,"event_name":"Purifier","floor":47,"gold_loss":0}],"is_beta":false,"boss_relics":[{"not_picked":["Velvet Choker","Coffee Dripper"],"picked":"Runic Pyramid"},{"not_picked":["Tiny House","Empty Cage"],"picked":"Nuclear Battery"}],"items_purged_floors":[2,30,36],"is_endless":false,"potions_floor_spawned":[4,5,10,16,20,22,27,38,41,44],"ascension_level":0}