{"gold_per_floor":[112,36,36,54,72,72,107,121,121,121,146,146,161,177,177,252,252,271,271,281,281],"floor_reached":21,"playtime":941,"items_purged":[],"score":482,"play_id":"9a07c777-cf7e-4a94-a48c-fc585cdcbc21","local_time":"20190321172633","is_ascension_mode":true,"campfire_choices":[{"data":"Doom and Gloom","floor":6.0,"key":"SMITH"},{"data":"Defragment","floor":10.0,"key":"SMITH"},{"data":"Capacitor","floor":12.0,"key":"SMITH"},{"data":"Recycle","floor":15.0,"key":"SMITH"}],"neow_cost":"PERCENT_DAMAGE","seed_source_timestamp":20013667374123,"circlet_count":0,"master_deck":["AscendersBane","Strike_B","Strike_B","Strike_B","Strike_B","Defend_B+1","Defend_B","Defend_B","Defend_B","Zap","Dualcast","Doom and Gloom+1","Chill+1","Recycle+1","Defragment+1","Skim","Capacitor+1","Double Energy","Fission"],"special_seed":0,"relics":["Cracked Core","Gambling Chip","War Paint","Blue Candle","Nunchaku","Cables","Cursed Key"],"potions_floor_usage":[20],"damage_taken":[{"damage":1.0,"enemies":"Cultist","floor":1.0,"turns":3.0},{"damage":4.0,"enemies":"Small Slimes","floor":4.0,"turns":3.0},{"damage":0.0,"enemies":"Jaw Worm","floor":5.0,"turns":3.0},{"damage":9.0,"enemies":"Gremlin Nob","floor":7.0,"turns":3.0},{"damage":4.0,"enemies":"Looter","floor":8.0,"turns":3.0},{"damage":2.0,"enemies":"3 Sentries","floor":11.0,"turns":6.0},{"damage":3.0,"enemies":"2 Fungi Beasts","floor":13.0,"turns":3.0},{"damage":8.0,"enemies":"Large Slime","floor":14.0,"turns":4.0},{"damage":0.0,"enemies":"Hexaghost","floor":16.0,"turns":6.0},{"damage":0.0,"enemies":"Chosen","floor":18.0,"turns":3.0},{"damage":12,"enemies":"3 Byrds","floor":20,"turns":3},{"damage":24,"enemies":"Centurion and Healer","floor":21,"turns":7}],"seed_played":"7333315879621914144","potions_obtained":[{"floor":1.0,"key":"SkillPotion"},{"floor":4.0,"key":"EntropicBrew"},{"floor":14.0,"key":"EssenceOfSteel"},{"floor":16.0,"key":"FearPotion"},{"floor":19.0,"key":"Swift Potion"}],"is_trial":false,"path_per_floor":["M","$","T","M","M","R","E","M","T","R","E","R","M","M","R","B",null,"M","?","M","M"],"character_chosen":"DEFECT","items_purchased":["Chill"],"campfire_rested":0,"item_purchase_floors":[2],"current_hp_per_floor":[45,45,45,41,41,41,32,28,28,28,26,26,23,15,15,15,57,57,57,45,21],"gold":281,"neow_bonus":"ONE_RARE_RELIC","is_prod":false,"is_daily":false,"chose_seed":false,"campfire_upgraded":4,"win_rate":0,"timestamp":1553160393,"path_taken":["M","$","?","M","M","R","E","M","T","R","E","R","M","M","R","BOSS","M","?","M","M"],"build_version":"2019-01-23","purchased_purges":0,"victory":false,"max_hp_per_floor":[71,71,71,71,71,71,71,71,71,71,71,71,71,71,71,71,71,71,71,71,71],"card_choices":[{"not_picked":["Rebound","Static Discharge"],"picked":"Doom and Gloom","floor":1.0},{"not_picked":["Sweeping Beam","Steam","Tempest"],"picked":"SKIP","floor":4.0},{"not_picked":["Leap","Turbo"],"picked":"Recycle","floor":5.0},{"not_picked":["Ball Lightning","Scrape"],"picked":"Defragment","floor":7.0},{"not_picked":["Storm","Leap"],"picked":"Skim","floor":8.0},{"not_picked":["Heatsinks","Reinforced Body"],"picked":"Capacitor","floor":11.0},{"not_picked":["Steam Power","Rebound","Gash"],"picked":"SKIP","floor":13.0},{"not_picked":["Go for the Eyes","Gash"],"picked":"Double Energy","floor":14.0},{"not_picked":["Electrodynamics","Reboot"],"picked":"Fission","floor":16.0},{"not_picked":["Beam Cell+1","Conserve Battery","Reprogram"],"picked":"SKIP","floor":18.0},{"not_picked":["Tempest","Ball Lightning","Conserve Battery"],"picked":"SKIP","floor":20}],"player_experience":3769966,"relics_obtained":[{"floor":3.0,"key":"War Paint"},{"floor":7.0,"key":"Blue Candle"},{"floor":9.0,"key":"Nunchaku"},{"floor":11.0,"key":"Cables"}],"event_choices":[{"damage_healed":0.0,"max_hp_gain":0.0,"max_hp_loss":0.0,"gold_gain":0.0,"event_name":"Lab","player_choice":"Got Potions","floor":19.0,"gold_loss":0.0,"damage_taken":0.0}],"is_beta":false,"boss_relics":[{"not_picked":["Empty Cage","Snecko Eye"],"picked":"Cursed Key"}],"items_purged_floors":[],"is_endless":false,"potions_floor_spawned":[1,4,14,16],"killed_by":"Centurion and Healer","ascension_level":20}