{"path_per_floor":["M","?","?","M","$","R","E","R","T","E","?"],"character_chosen":"THE_SILENT","items_purchased":[],"gold_per_floor":[119,119,119,134,134,134,166,166,166,192,192,192],"floor_reached":12,"campfire_rested":0,"playtime":320,"item_purchase_floors":[],"current_hp_per_floor":[63,63,63,63,63,63,41,41,41,31,14,0],"items_purged":[],"gold":192,"score":118,"play_id":"d929ccdb-d358-498d-93a0-4da5efc1e9e4","local_time":"20180528153800","is_prod":false,"is_daily":false,"chose_seed":false,"is_ascension_mode":true,"campfire_upgraded":2,"win_rate":0,"timestamp":1527493080,"campfire_choices":[{"data":"Neutralize","floor":6,"key":"SMITH"},{"data":"Terror","floor":8,"key":"SMITH"}],"path_taken":["M","?","?","M","$","R","E","R","T","E","?","E"],"build_version":"2018-05-25","seed_source_timestamp":19054017276427,"purchased_purges":0,"victory":false,"master_deck":["Defend_G","Defend_G","Defend_G","Defend_G","Defend_G","Strike_G","Strike_G","Strike_G","Strike_G","Strike_G","Survivor","Neutralize+1","Dagger Throw","Finesse","Burst+1","Terror+1","Endless Agony"],"max_hp_per_floor":[70,70,70,70,70,70,70,70,70,70,70,70],"relics":["Ring of the Snake","Pen Nib","Tough Bandages","Vajra","Golden Idol"],"card_choices":[{"not_picked":["Dodge and Roll","Bouncing Flask"],"picked":"Dagger Throw","floor":1},{"not_picked":["Sucker Punch","Dagger Spray"],"picked":"Terror","floor":4},{"not_picked":["Deadly Poison","Skewer","Dagger Throw"],"picked":"SKIP","floor":7},{"not_picked":["Dodge and Roll","Burst"],"picked":"Endless Agony","floor":10}],"player_experience":506025,"potions_floor_usage":[7,10],"damage_taken":[{"damage":0,"enemies":"Small Slimes","floor":1,"turns":4},{"damage":0,"enemies":"Cultist","floor":4,"turns":3},{"damage":22,"enemies":"Gremlin Nob","floor":7,"turns":4},{"damage":10,"enemies":"Lagavulin","floor":10,"turns":6},{"damage":17,"enemies":"3 Sentries","floor":12,"turns":4}],"relics_obtained":[{"floor":7,"key":"Pen Nib"},{"floor":9,"key":"Tough Bandages"},{"floor":10,"key":"Vajra"}],"event_choices":[{"event_name":"Match and Keep!","player_choice":"2 cards matched","floor":2,"damage_taken":0},{"event_name":"Living Wall","player_choice":"Grow","floor":3,"damage_taken":0},{"event_name":"Golden Idol","player_choice":"Take Damage","floor":11,"damage_taken":0}],"boss_relics":[],"items_purged_floors":[],"potions_floor_spawned":[4,7],"seed_played":"3408607271629789685","killed_by":"3 Sentries","ascension_level":8,"potions_obtained":[{"floor":4,"key":"SkillPotion"},{"floor":7,"key":"Swift Potion"}],"is_trial":false}