{"gold_per_floor":[116,132,132,57,69,97,97,113,113,113,132,90,90,140,140,217,217,217],"floor_reached":18,"playtime":389,"items_purged":["Strike_B"],"score":320,"play_id":"417be809-f4c0-4675-92ed-70ae960018d1","local_time":"20190222114318","is_ascension_mode":true,"campfire_choices":[{"data":"Dualcast","floor":7.0,"key":"SMITH"},{"data":"Zap","floor":10.0,"key":"SMITH"},{"data":"Streamline","floor":13.0,"key":"SMITH"},{"data":"Hologram","floor":15.0,"key":"SMITH"}],"neow_cost":"CURSE","seed_source_timestamp":5123189439121,"circlet_count":0,"master_deck":["AscendersBane","Strike_B","Strike_B","Defend_B","Defend_B","Defend_B","Zap+1","Dualcast+1","Streamline+1","Ball Lightning","All For One","Hologram+1","Reinforced Body","Self Repair","Biased Cognition"],"special_seed":0,"relics":["Cracked Core","Mango","Bird Faced Urn","Empty Cage"],"potions_floor_usage":[],"damage_taken":[{"damage":6.0,"enemies":"2 Louse","floor":1.0,"turns":2.0},{"damage":6.0,"enemies":"Cultist","floor":2.0,"turns":3.0},{"damage":7.0,"enemies":"Jaw Worm","floor":5.0,"turns":2.0},{"damage":14.0,"enemies":"Gremlin Nob","floor":6.0,"turns":3.0},{"damage":0.0,"enemies":"Red Slaver","floor":8.0,"turns":1.0},{"damage":7.0,"enemies":"Large Slime","floor":11.0,"turns":5.0},{"damage":16.0,"enemies":"The Guardian","floor":16.0,"turns":7.0},{"damage":0,"enemies":"2 Thieves","floor":18,"turns":1}],"seed_played":"2718801740172975300","potions_obtained":[{"floor":1.0,"key":"Weak Potion"},{"floor":5.0,"key":"Fire Potion"},{"floor":6.0,"key":"Energy Potion"},{"floor":11.0,"key":"FearPotion"}],"is_trial":false,"path_per_floor":["M","M","?","$","M","E","R","M","T","R","M","$","R","?","R","B",null,"M"],"character_chosen":"DEFECT","items_purchased":["Self Repair"],"campfire_rested":0,"item_purchase_floors":[12],"current_hp_per_floor":[72,66,66,66,59,45,45,45,45,45,38,38,38,38,38,31,72,72],"gold":217,"neow_bonus":"ONE_RARE_RELIC","is_prod":false,"is_daily":false,"chose_seed":false,"campfire_upgraded":4,"win_rate":0,"timestamp":1550806998,"path_taken":["M","M","?","$","M","E","R","M","T","R","?","$","R","?","R","BOSS","M"],"build_version":"2019-01-23","purchased_purges":1,"victory":false,"max_hp_per_floor":[85,85,85,85,85,85,85,85,85,85,85,85,85,85,85,85,85,85],"card_choices":[{"not_picked":["Hologram","Leap"],"picked":"Streamline","floor":1.0},{"not_picked":["Turbo","Tempest"],"picked":"Ball Lightning","floor":2.0},{"not_picked":["Stack","Steam","Turbo"],"picked":"SKIP","floor":5.0},{"not_picked":["Conserve Battery","Stack"],"picked":"All For One","floor":6.0},{"not_picked":["Fusion","Rebound"],"picked":"Hologram","floor":8.0},{"not_picked":["Compile Driver","Aggregate"],"picked":"Reinforced Body","floor":11.0},{"not_picked":["Hyperbeam","Reboot"],"picked":"Biased Cognition","floor":16.0}],"player_experience":3030017,"relics_obtained":[{"floor":6.0,"key":"Bird Faced Urn"}],"event_choices":[{"cards_removed":["Shame"],"damage_healed":0.0,"max_hp_gain":0.0,"max_hp_loss":0.0,"gold_gain":0.0,"event_name":"Fountain of Cleansing","player_choice":"Removed Curses","floor":3.0,"gold_loss":0.0,"damage_taken":0.0},{"damage_healed":0.0,"max_hp_gain":0.0,"max_hp_loss":0.0,"gold_gain":50.0,"event_name":"Golden Shrine","player_choice":"Pray","floor":14.0,"gold_loss":0.0,"damage_taken":0.0}],"is_beta":false,"boss_relics":[{"not_picked":["Tiny House","Eternal Feather"],"picked":"Empty Cage"}],"items_purged_floors":[4],"is_endless":false,"potions_floor_spawned":[1,5,6,11],"killed_by":"2 Thieves","ascension_level":20}