{"gold_per_floor":[11,11,27,27,27,59,59,76,76,76,111,39,39,74,74,172,172,157,257,60,80,95,95,370,370,453,473,473,473,485,485,485,582,582,597,613,386,438,41,41,59,59,138,164,25,25,37,56,56,56],"floor_reached":51,"playtime":3265,"items_purged":["Strike_G","Defend_G"],"score":766,"play_id":"0d49e383-452b-4db5-a002-f131054922e8","local_time":"20181018225733","is_ascension_mode":false,"campfire_choices":[{"data":"Noxious Fumes","floor":7.0,"key":"SMITH"},{"data":"Leg Sweep","floor":10.0,"key":"SMITH"},{"data":"Wraith Form v2","floor":15.0,"key":"SMITH"},{"data":"Well Laid Plans","floor":23.0,"key":"SMITH"},{"data":"Deadly Poison","floor":25.0,"key":"SMITH"},{"data":"Neutralize","floor":29.0,"key":"SMITH"},{"data":"Outmaneuver","floor":32.0,"key":"SMITH"},{"data":"Backflip","floor":40,"key":"SMITH"},{"data":"Backflip","floor":42,"key":"SMITH"},{"data":"Leg Sweep","floor":46,"key":"SMITH"},{"data":"Dodge and Roll","floor":49,"key":"SMITH"}],"neow_cost":"NO_GOLD","seed_source_timestamp":48786068201574,"circlet_count":0,"master_deck":["Defend_G+1","Strike_G","Survivor","Neutralize+1","Wraith Form v2+1","Noxious Fumes+1","Backflip+1","Leg Sweep+1","Deadly Poison+1","Well Laid Plans+1","After Image","Finisher+1","Footwork+1","Quick Slash+1","Backflip+1","Concentrate","Outmaneuver+1","Corpse Explosion+1","Outmaneuver+1","Dodge and Roll+1","Well Laid Plans+1","Leg Sweep+1","Concentrate+1","Footwork+1","Leg Sweep+1","Backflip","Dodge and Roll+1"],"special_seed":0,"relics":["Ring of the Snake","Ornamental Fan","Happy Flower","Omamori","Astrolabe","Ice Cream","Bottled Tornado","Lee\u0027s Waffle","Tiny Chest","Darkstone Periapt","Eternal Feather","War Paint","Torii","Frozen Egg 2","Question Card","Ginger"],"potions_floor_usage":[50,50],"damage_taken":[{"damage":0.0,"enemies":"2 Louse","floor":1.0,"turns":3.0},{"damage":0.0,"enemies":"Jaw Worm","floor":3.0,"turns":6.0},{"damage":17.0,"enemies":"3 Sentries","floor":6.0,"turns":10.0},{"damage":0.0,"enemies":"Cultist","floor":8.0,"turns":4.0},{"damage":4.0,"enemies":"Lagavulin","floor":11.0,"turns":11.0},{"damage":4.0,"enemies":"3 Sentries","floor":14.0,"turns":7.0},{"damage":16.0,"enemies":"Hexaghost","floor":16.0,"turns":10.0},{"damage":7.0,"enemies":"2 Thieves","floor":18.0,"turns":4.0},{"damage":6.0,"enemies":"Colosseum Slavers","floor":19.0,"turns":6.0},{"damage":20.0,"enemies":"Colosseum Nobs","floor":19.0,"turns":8.0},{"damage":0.0,"enemies":"Chosen","floor":21.0,"turns":6.0},{"damage":0.0,"enemies":"Centurion and Healer","floor":22.0,"turns":8.0},{"damage":0.0,"enemies":"Shelled Parasite and Fungi","floor":27.0,"turns":6.0},{"damage":0.0,"enemies":"Cultist and Chosen","floor":30.0,"turns":8.0},{"damage":8.0,"enemies":"Automaton","floor":33.0,"turns":11.0},{"damage":0.0,"enemies":"3 Shapes","floor":35.0,"turns":5.0},{"damage":0,"enemies":"Orb Walker","floor":36,"turns":7},{"damage":0,"enemies":"Mysterious Sphere","floor":38,"turns":6},{"damage":1,"enemies":"4 Shapes","floor":41,"turns":5},{"damage":6,"enemies":"Nemesis","floor":44,"turns":11},{"damage":2,"enemies":"Transient","floor":47,"turns":5},{"damage":2,"enemies":"3 Darklings","floor":48,"turns":5},{"damage":0,"enemies":"Awakened One","floor":50,"turns":28}],"seed_played":"-5738372296294729551","potions_obtained":[{"floor":3.0,"key":"Strength Potion"},{"floor":6.0,"key":"LiquidBronze"},{"floor":14.0,"key":"Block Potion"},{"floor":19.0,"key":"Fire Potion"},{"floor":27.0,"key":"Dexterity Potion"},{"floor":33.0,"key":"GhostInAJar"}],"is_trial":false,"path_per_floor":["M","?","M","?","$","E","R","M","T","R","E","$","?","E","R","B",null,"M","?","$","M","M","R","?","R","T","M","?","R","M","?","R","B",null,"M","M","$","?","$","R","M","R","T","E","$","R","M","M","R","B"],"character_chosen":"THE_SILENT","items_purchased":["Well Laid Plans","Lee\u0027s Waffle","War Paint","Frozen Egg 2","Well Laid Plans+1","Footwork+1","Leg Sweep"],"campfire_rested":0,"item_purchase_floors":[12,20,37,39,39,45,45],"current_hp_per_floor":[70,63,63,63,63,46,46,46,46,46,42,42,42,38,38,22,70,63,37,77,77,77,77,77,77,77,77,77,77,77,77,77,69,77,77,77,77,77,77,77,76,77,77,71,71,77,75,73,77,77],"gold":56,"neow_bonus":"THREE_RARE_CARDS","is_prod":false,"is_daily":false,"chose_seed":false,"campfire_upgraded":11,"win_rate":0,"timestamp":1539874653,"path_taken":["M","?","M","?","?","E","R","M","T","R","E","?","?","E","R","BOSS","M","?","$","M","?","R","?","R","T","M","?","R","M","?","R","BOSS","M","?","$","?","$","R","M","R","T","E","?","R","M","M","R","BOSS"],"build_version":"2018-10-11","purchased_purges":2,"victory":true,"max_hp_per_floor":[70,70,70,70,70,70,70,70,70,70,70,70,70,70,70,70,70,70,70,77,77,77,77,77,77,77,77,77,77,77,77,77,77,77,77,77,77,77,77,77,77,77,77,77,77,77,77,77,77,77],"card_choices":[{"not_picked":["Grand Finale","Envenom"],"picked":"Wraith Form v2","floor":0.0},{"not_picked":["Bane","Predator"],"picked":"Noxious Fumes","floor":1.0},{"not_picked":["Flying Knee","Predator"],"picked":"Backflip","floor":3.0},{"not_picked":["All Out Attack","Endless Agony","Acrobatics"],"picked":"SKIP","floor":6.0},{"not_picked":["Eviscerate","Concentrate"],"picked":"Leg Sweep","floor":8.0},{"not_picked":["Choke","Slice"],"picked":"Deadly Poison","floor":11.0},{"not_picked":["Slice","Quick Slash","Predator"],"picked":"SKIP","floor":14.0},{"not_picked":["Phantasmal Killer","Storm of Steel"],"picked":"After Image","floor":16.0},{"not_picked":["Concentrate+1","Bane","Prepared+1"],"picked":"SKIP","floor":18.0},{"not_picked":["Deadly Poison","Flying Knee","Sucker Punch"],"picked":"SKIP","floor":21.0},{"not_picked":["Eviscerate+1","Blur"],"picked":"Backflip","floor":22.0},{"not_picked":["Sucker Punch","Cloak And Dagger"],"picked":"Concentrate","floor":27.0},{"not_picked":["Underhanded Strike","Quick Slash"],"picked":"Outmaneuver","floor":30.0},{"not_picked":["Grand Finale","Bullet Time"],"picked":"Corpse Explosion","floor":33.0},{"not_picked":["PiercingWail","Expertise"],"picked":"Outmaneuver+1","floor":35.0},{"not_picked":["Deadly Poison+1","Dagger Spray+1"],"picked":"Dodge and Roll+1","floor":36},{"not_picked":["Setup","PiercingWail+1"],"picked":"Leg Sweep+1","floor":41},{"not_picked":["Sucker Punch+1","Choke","Slice"],"picked":"Concentrate+1","floor":44},{"not_picked":["Infinite Blades+1","Prepared+1","Distraction"],"picked":"Backflip","floor":47},{"not_picked":["Prepared+1","Accuracy+1","Caltrops+1"],"picked":"Dodge and Roll","floor":48}],"player_experience":355883,"relics_obtained":[{"floor":6.0,"key":"Ornamental Fan"},{"floor":11.0,"key":"Happy Flower"},{"floor":14.0,"key":"Omamori"},{"floor":19.0,"key":"Ice Cream"},{"floor":19.0,"key":"Bottled Tornado"},{"floor":26.0,"key":"Tiny Chest"},{"floor":38,"key":"Torii"},{"floor":43,"key":"Question Card"},{"floor":44,"key":"Ginger"}],"event_choices":[{"event_name":"Golden Wing","player_choice":"Card Removal","floor":2.0,"damage_taken":0.0},{"event_name":"The Cleric","player_choice":"Leave","floor":4.0,"damage_taken":0.0},{"event_name":"Purifier","player_choice":"One Purge","floor":13.0,"damage_taken":0.0},{"event_name":"Colosseum","player_choice":"Fight","floor":19.0,"damage_taken":0.0},{"event_name":"Colosseum","player_choice":"Fought Nobs","floor":19.0,"damage_taken":0.0},{"event_name":"Golden Shrine","player_choice":"Desecrate","floor":24.0,"damage_taken":0.0},{"event_name":"The Mausoleum","player_choice":"Yes","floor":28.0,"damage_taken":0.0},{"event_name":"Back to Basics","player_choice":"Elegance","floor":31.0,"damage_taken":0.0},{"event_name":"Mysterious Sphere","player_choice":"Fight","floor":38,"damage_taken":0}],"is_beta":false,"boss_relics":[{"not_picked":["Fusion Hammer","Empty Cage"],"picked":"Astrolabe"},{"not_picked":["WristBlade","Snecko Eye"],"picked":"Eternal Feather"}],"items_purged_floors":[37,39],"is_endless":false,"potions_floor_spawned":[3,6,14,19,21,27,30,33,35,41,48],"ascension_level":0}