{"gold_per_floor":[114,114,144,154,236,236,271,271,271,281,281,296,371,399,399,473,473,473],"floor_reached":18,"playtime":361,"items_purged":[],"score":386,"play_id":"63b9872d-cf76-4900-bf13-fd7e9ef6bd01","local_time":"20190130231418","is_ascension_mode":true,"campfire_choices":[{"data":"Flex","floor":6,"key":"SMITH"},{"data":"True Grit","floor":8,"key":"SMITH"},{"data":"Pummel","floor":15,"key":"SMITH"}],"neow_cost":"NONE","seed_source_timestamp":41744840125788,"circlet_count":0,"master_deck":["AscendersBane","Strike_R","Strike_R","Defend_R","Defend_R","Defend_R","Defend_R","Bash+1","True Grit+1","Flex+1","Sword Boomerang+1","Pummel+1","Battle Trance","Double Tap"],"relics":["Burning Blood","NeowsBlessing","Tiny Chest","Gremlin Horn","Question Card","Frozen Egg 2","Empty Cage"],"potions_floor_usage":[10,10,14],"damage_taken":[{"damage":0,"enemies":"Cultist","floor":1,"turns":1},{"damage":0,"enemies":"Small Slimes","floor":4,"turns":1},{"damage":0,"enemies":"Lagavulin","floor":7,"turns":1},{"damage":7,"enemies":"Jaw Worm","floor":10,"turns":3},{"damage":6,"enemies":"2 Fungi Beasts","floor":12,"turns":4},{"damage":11,"enemies":"Gremlin Nob","floor":14,"turns":3},{"damage":38,"enemies":"Slime Boss","floor":16,"turns":6},{"damage":0,"enemies":"theJungle:5_Spyders","floor":18,"turns":2}],"seed_played":"795192079303913953","potions_obtained":[{"floor":1,"key":"FearPotion"},{"floor":4,"key":"SteroidPotion"},{"floor":7,"key":"SteroidPotion"},{"floor":14,"key":"Fruit Juice"},{"floor":16,"key":"EssenceOfSteel"}],"is_trial":false,"path_per_floor":["M","?","?","M","T","R","E","R","T","M","?","M","?","E","R","B",null,"M"],"character_chosen":"IRONCLAD","items_purchased":[],"campfire_rested":0,"item_purchase_floors":[],"current_hp_per_floor":[74,74,74,75,75,75,75,75,75,74,51,51,40,40,40,8,62,62],"gold":473,"neow_bonus":"THREE_ENEMY_KILL","is_prod":false,"is_daily":false,"chose_seed":false,"campfire_upgraded":3,"win_rate":0,"timestamp":1548861258,"path_taken":["M","?","?","?","?","R","E","R","T","M","?","M","?","E","R","BOSS","M"],"build_version":"2019-01-23","purchased_purges":0,"victory":false,"max_hp_per_floor":[75,75,75,75,75,75,75,75,75,75,75,75,75,80,80,80,80,80],"card_choices":[{"not_picked":["Seeing Red","Flame Barrier"],"picked":"True Grit","floor":1},{"not_picked":["Wild Strike","Disarm"],"picked":"Sword Boomerang","floor":4},{"not_picked":["Clash","Pommel Strike","Armaments"],"picked":"SKIP","floor":7},{"not_picked":["Twin Strike","Rage","Flex","True Grit"],"picked":"SKIP","floor":10},{"not_picked":["Perfected Strike","Pummel","Carnage","Flex"],"picked":"SKIP","floor":12},{"not_picked":["Perfected Strike","Carnage","Flex"],"picked":"Pummel","floor":12},{"not_picked":["Flame Barrier","Flex","Sword Boomerang"],"picked":"Battle Trance","floor":14},{"not_picked":["Feed","Juggernaut+1","Berserk+1"],"picked":"Double Tap","floor":16}],"player_experience":2417484,"relics_obtained":[{"floor":5,"key":"Gremlin Horn"},{"floor":7,"key":"Question Card"},{"floor":14,"key":"Frozen Egg 2"}],"event_choices":[{"damage_healed":0,"gold_gain":0,"cards_transformed":["Strike_R"],"player_choice":"Change","damage_taken":0,"max_hp_gain":0,"max_hp_loss":0,"event_name":"Living Wall","floor":2,"gold_loss":0,"cards_obtained":["Flex"]},{"damage_healed":0,"gold_gain":0,"player_choice":"Gave Potion","damage_taken":0,"relics_obtained":["Tiny Chest"],"max_hp_gain":0,"max_hp_loss":0,"event_name":"WeMeetAgain","floor":3,"gold_loss":0},{"damage_healed":0,"gold_gain":0,"player_choice":"Entered Light","damage_taken":23,"max_hp_gain":0,"max_hp_loss":0,"event_name":"Shining Light","floor":11,"gold_loss":0,"cards_upgraded":["Sword Boomerang","Bash"]},{"damage_healed":0,"gold_gain":75,"player_choice":"Gather Gold","damage_taken":11,"max_hp_gain":0,"max_hp_loss":0,"event_name":"World of Goop","floor":13,"gold_loss":0}],"is_beta":false,"boss_relics":[{"not_picked":["Snecko Eye","Eternal Feather"],"picked":"Empty Cage"}],"items_purged_floors":[],"is_endless":false,"potions_floor_spawned":[1,4,7,14,16],"killed_by":"theJungle:5_Spyders","ascension_level":20}