{"gold_per_floor":[117,292,48,48,61,95,95,126,126,144,155,184,197,215,215,314,314,331,331,345,345,46,76,76,93,116,116,134,160,174,205,205,307,307,321,6,19,119,119,144,144,161,461,472,472,486,486,486,486,486],"floor_reached":51,"playtime":3603,"items_purged":["Doubt","Writhe"],"score":792,"play_id":"5de9093a-30e4-4643-9b25-2410048b1a30","local_time":"20190805010544","is_ascension_mode":true,"campfire_choices":[{"data":"Zap","floor":7,"key":"SMITH"},{"data":"Streamline","floor":15,"key":"SMITH"},{"data":"Undo","floor":24,"key":"SMITH"},{"floor":27,"key":"REST"},{"data":"Rainbow","floor":32,"key":"SMITH"},{"data":"Armaments","floor":45,"key":"SMITH"},{"data":"Machine Learning","floor":47,"key":"SMITH"},{"data":"1","floor":49,"key":"LIFT"}],"neow_cost":"NONE","seed_source_timestamp":2238683550518101,"circlet_count":0,"master_deck":["Strike_B","Strike_B","Strike_B","Strike_B","Defend_B","Defend_B","Defend_B+1","Defend_B","Zap+1","Dualcast","Sweeping Beam","Rebound","Undo+1","Steam+1","Compile Driver","Go for the Eyes","Cold Snap","Doom and Gloom","Streamline+1","Echo Form","Self Repair","Streamline+1","Conserve Battery","Turbo+1","Streamline","Capacitor","Rainbow+1","Stack","Consume","Machine Learning+1","Coolheaded+1","Capacitor","Conserve Battery+1","Armaments+1","Panacea","Rebound+1","Combust+1","Warcry"],"relics":["Cracked Core","Vajra","Bottled Flame","Bottled Lightning","Ancient Tea Set","War Paint","Snecko Eye","Happy Flower","Orichalcum","Bag of Preparation","Dream Catcher","Lantern","Letter Opener","Coffee Dripper","PrismaticShard","Girya","Pen Nib","Thread and Needle","Old Coin"],"potions_floor_usage":[8,13,14,16,20,23,29,33,40,44,50,50],"damage_taken":[{"damage":0,"enemies":"Cultist","floor":1,"turns":3},{"damage":8,"enemies":"Small Slimes","floor":5,"turns":3},{"damage":23,"enemies":"Gremlin Nob","floor":6,"turns":4},{"damage":7,"enemies":"Lagavulin","floor":8,"turns":7},{"damage":6,"enemies":"Jaw Worm","floor":10,"turns":2},{"damage":5,"enemies":"2 Fungi Beasts","floor":11,"turns":2},{"damage":12,"enemies":"3 Sentries","floor":12,"turns":6},{"damage":0,"enemies":"Exordium Wildlife","floor":13,"turns":3},{"damage":0,"enemies":"3 Louse","floor":14,"turns":1},{"damage":12,"enemies":"Slime Boss","floor":16,"turns":6},{"damage":18,"enemies":"3 Byrds","floor":18,"turns":4},{"damage":15,"enemies":"2 Thieves","floor":20,"turns":3},{"damage":31,"enemies":"Slavers","floor":23,"turns":4},{"damage":5,"enemies":"Cultist and Chosen","floor":25,"turns":5},{"damage":6,"enemies":"Centurion and Healer","floor":28,"turns":5},{"damage":21,"enemies":"Book of Stabbing","floor":29,"turns":6},{"damage":13,"enemies":"3 Cultists","floor":30,"turns":4},{"damage":12,"enemies":"Slavers","floor":31,"turns":7},{"damage":11,"enemies":"Champ","floor":33,"turns":8},{"damage":10,"enemies":"3 Shapes","floor":35,"turns":3},{"damage":20,"enemies":"Orb Walker","floor":37,"turns":4},{"damage":6,"enemies":"Mind Bloom Boss Battle","floor":38,"turns":7},{"damage":31,"enemies":"Reptomancer","floor":40,"turns":5},{"damage":15,"enemies":"4 Shapes","floor":42,"turns":11},{"damage":13,"enemies":"Sphere and 2 Shapes","floor":44,"turns":5},{"damage":6,"enemies":"Writhing Mass","floor":46,"turns":6},{"damage":28,"enemies":"Awakened One","floor":50,"turns":16}],"seed_played":"-4669619942286127003","potions_obtained":[{"floor":5,"key":"Dexterity Potion"},{"floor":8,"key":"Block Potion"},{"floor":12,"key":"Block Potion"},{"floor":13,"key":"Explosive Potion"},{"floor":14,"key":"GamblersBrew"},{"floor":20,"key":"Dexterity Potion"},{"floor":25,"key":"Block Potion"},{"floor":31,"key":"Strength Potion"},{"floor":33,"key":"AttackPotion"},{"floor":35,"key":"Fire Potion"},{"floor":46,"key":"Energy Potion"}],"is_trial":false,"path_per_floor":["M","?","$","?","M","E","R","E","T","M","M","E","M","M","R","B",null,"M","?","M","?","$","E","R","M","T","R","M","E","M","E","R","B",null,"M","$","M","?","?","E","T","M","T","M","R","M","R","?","R","B",null],"character_chosen":"DEFECT","items_purchased":["Rebound","Vajra","Orichalcum","Conserve Battery","PrismaticShard","Capacitor","GamblersBrew"],"campfire_rested":1,"item_purchase_floors":[3,3,22,22,36,36,36],"current_hp_per_floor":[82,82,82,82,74,51,51,44,44,38,33,21,21,21,21,9,82,64,64,56,56,56,25,25,27,27,51,52,45,46,48,48,37,82,79,79,66,74,74,50,50,49,49,43,43,44,44,44,44,26],"gold":486,"neow_bonus":"TEN_PERCENT_HP_BONUS","is_prod":false,"is_daily":false,"chose_seed":false,"campfire_upgraded":6,"win_rate":0,"timestamp":1564956344,"path_taken":["M","?","$","?","M","E","R","E","T","M","M","E","M","M","R","BOSS","M","?","M","?","$","E","R","?","T","R","M","E","M","E","R","BOSS","M","$","M","?","?","E","?","M","T","M","R","M","R","?","R","BOSS"],"build_version":"2019-07-17","purchased_purges":2,"victory":true,"max_hp_per_floor":[82,82,82,82,82,82,82,82,82,82,82,82,82,82,82,82,82,82,82,82,82,82,82,82,82,82,82,82,82,82,82,82,82,82,82,82,82,82,82,82,82,82,82,82,82,82,82,82,82,82],"card_choices":[{"not_picked":["Hologram","Turbo"],"picked":"Sweeping Beam","floor":1},{"not_picked":["Go for the Eyes","Streamline"],"picked":"Undo","floor":5},{"not_picked":["Redo","Go for the Eyes"],"picked":"Steam","floor":6},{"not_picked":["Rebound","Multi-Cast"],"picked":"Compile Driver","floor":8},{"not_picked":["Lockon","Rebound"],"picked":"Chaos","floor":10},{"not_picked":["Rebound","Sweeping Beam"],"picked":"Go for the Eyes","floor":11},{"not_picked":["Heatsinks","Storm"],"picked":"Cold Snap","floor":12},{"not_picked":["Gash","Coolheaded"],"picked":"Doom and Gloom","floor":13},{"not_picked":["Cold Snap","Redo"],"picked":"Streamline","floor":14},{"not_picked":["Biased Cognition","Creative AI"],"picked":"Echo Form","floor":16},{"not_picked":["Stack","Tempest+1"],"picked":"Self Repair","floor":18},{"not_picked":["Redo","Sweeping Beam"],"picked":"Streamline+1","floor":20},{"not_picked":["Go for the Eyes+1","Chill+1","Cold Snap"],"picked":"SKIP","floor":23},{"not_picked":["Go for the Eyes","Cold Snap"],"picked":"Turbo+1","floor":25},{"not_picked":["Hello World","Chill"],"picked":"Streamline","floor":27},{"not_picked":["Reinforced Body","Redo+1"],"picked":"Capacitor","floor":28},{"not_picked":["Static Discharge","Skim+1"],"picked":"Rainbow","floor":29},{"not_picked":["Capacitor","Steam"],"picked":"Stack","floor":30},{"not_picked":["Coolheaded+1","Leap"],"picked":"Consume","floor":31},{"not_picked":["Core Surge","Multi-Cast"],"picked":"Machine Learning","floor":33},{"not_picked":["Melter","Cold Snap"],"picked":"Coolheaded+1","floor":35},{"not_picked":["Conserve Battery+1","Clash","Quick Slash+1"],"picked":"SKIP","floor":37},{"not_picked":["Clash","Quick Slash+1"],"picked":"Conserve Battery+1","floor":37},{"not_picked":["Melter","Tactician"],"picked":"Armaments","floor":38},{"not_picked":["Streamline+1","Masterful Stab"],"picked":"Panacea","floor":40},{"not_picked":["Steam","Poisoned Stab+1"],"picked":"Rebound+1","floor":42},{"not_picked":["Sweeping Beam","Dodge and Roll+1"],"picked":"Combust+1","floor":44},{"not_picked":["Iron Wave+1","Loop"],"picked":"Warcry","floor":46}],"player_experience":122307,"relics_obtained":[{"floor":6,"key":"Bottled Flame"},{"floor":8,"key":"Bottled Lightning"},{"floor":9,"key":"Ancient Tea Set"},{"floor":12,"key":"War Paint"},{"floor":23,"key":"Bag of Preparation"},{"floor":26,"key":"Dream Catcher"},{"floor":29,"key":"Lantern"},{"floor":31,"key":"Letter Opener"},{"floor":38,"key":"Girya"},{"floor":40,"key":"Pen Nib"},{"floor":41,"key":"Thread and Needle"},{"floor":43,"key":"Old Coin"}],"event_choices":[{"damage_healed":0,"gold_gain":175,"player_choice":"AGREE","damage_taken":0,"max_hp_gain":0,"max_hp_loss":0,"event_name":"Liars Game","floor":2,"gold_loss":0,"cards_obtained":["Doubt"]},{"damage_healed":0,"gold_gain":0,"player_choice":"Leave","damage_taken":0,"max_hp_gain":0,"max_hp_loss":0,"event_name":"The Cleric","floor":4,"gold_loss":0},{"cards_removed":["Chaos"],"damage_healed":0,"gold_gain":0,"player_choice":"Elegance","damage_taken":0,"max_hp_gain":0,"max_hp_loss":0,"event_name":"Back to Basics","floor":19,"gold_loss":0},{"damage_healed":0,"gold_gain":0,"player_choice":"Opened","damage_taken":0,"relics_obtained":["Happy Flower"],"max_hp_gain":0,"max_hp_loss":0,"event_name":"The Mausoleum","floor":21,"gold_loss":0,"cards_obtained":["Writhe"]},{"damage_healed":0,"gold_gain":0,"player_choice":"Fight","damage_taken":0,"max_hp_gain":0,"max_hp_loss":0,"event_name":"MindBloom","floor":38,"gold_loss":0},{"damage_healed":0,"gold_gain":0,"player_choice":"Ignored","damage_taken":0,"max_hp_gain":0,"max_hp_loss":0,"event_name":"Tomb of Lord Red Mask","floor":39,"gold_loss":0},{"damage_healed":0,"gold_gain":0,"player_choice":"Ignored","damage_taken":0,"max_hp_gain":0,"max_hp_loss":0,"event_name":"Mysterious Sphere","floor":48,"gold_loss":0}],"is_beta":false,"boss_relics":[{"not_picked":["Runic Dome","White Beast Statue"],"picked":"Snecko Eye"},{"not_picked":["Calling Bell","Sozu"],"picked":"Coffee Dripper"}],"items_purged_floors":[3,22],"is_endless":false,"potions_floor_spawned":[5,8,12,13,14,20,25,31,33,35,46],"ascension_level":1}