{"gold_per_floor":[116,37,37,37,56,56,76,104,127,146,146,146],"floor_reached":12,"playtime":347,"items_purged":[],"score":136,"play_id":"adcd46fd-a156-4257-b2ea-b17db94fed31","local_time":"20190116222826","is_ascension_mode":true,"campfire_choices":[{"data":"Neutralize","floor":6,"key":"SMITH"},{"data":"Caltrops","floor":11,"key":"SMITH"}],"neow_cost":"NONE","seed_source_timestamp":41459933797534,"circlet_count":0,"master_deck":["AscendersBane","Defend_G","Defend_G","Defend_G","Defend_G","Defend_G+1","Strike_G","Strike_G","Strike_G","Strike_G","Survivor","Neutralize+1","Well Laid Plans+1","Caltrops+1","Footwork"],"relics":["Ring of the Snake","Odd Mushroom"],"potions_floor_usage":[8],"damage_taken":[{"damage":3,"enemies":"Jaw Worm","floor":1,"turns":9},{"damage":0,"enemies":"2 Louse","floor":5,"turns":4},{"damage":0,"enemies":"Cultist","floor":7,"turns":5},{"damage":12,"enemies":"The Mushroom Lair","floor":8,"turns":6},{"damage":19,"enemies":"Large Slime","floor":10,"turns":7},{"damage":9,"enemies":"Exordium Wildlife","floor":12,"turns":2}],"seed_played":"-836275805480019169","potions_obtained":[{"floor":1,"key":"Ancient Potion"},{"floor":7,"key":"Block Potion"}],"is_trial":false,"path_per_floor":["M","$","?","?","M","R","M","?","T","M","R","M"],"character_chosen":"THE_SILENT","items_purchased":["Well Laid Plans"],"campfire_rested":0,"item_purchase_floors":[2],"current_hp_per_floor":[56,56,36,36,36,36,36,24,24,5,5,0],"gold":146,"neow_bonus":"REMOVE_CARD","is_prod":false,"is_daily":false,"chose_seed":false,"campfire_upgraded":2,"win_rate":0,"timestamp":1547648906,"path_taken":["M","$","?","?","M","R","M","?","T","M","R","?"],"build_version":"2019-01-10","purchased_purges":0,"victory":false,"max_hp_per_floor":[66,66,66,66,66,66,66,66,66,66,66,66],"card_choices":[{"not_picked":["All Out Attack","Choke","Cloak And Dagger"],"picked":"SKIP","floor":1},{"not_picked":["All Out Attack","Outmaneuver","Predator"],"picked":"SKIP","floor":5},{"not_picked":["Backstab","Acrobatics"],"picked":"Caltrops","floor":7},{"not_picked":["Deflect","Terror"],"picked":"Footwork","floor":8},{"not_picked":["Bane","Underhanded Strike","Quick Slash"],"picked":"SKIP","floor":10}],"player_experience":1964035,"relics_obtained":[{"floor":8,"key":"Odd Mushroom"}],"event_choices":[{"damage_healed":0,"gold_gain":0,"player_choice":"Entered Light","damage_taken":20,"max_hp_gain":0,"max_hp_loss":0,"event_name":"Shining Light","floor":3,"gold_loss":0,"cards_upgraded":["Defend_G","Well Laid Plans"]},{"damage_healed":0,"gold_gain":0,"player_choice":"Leave","damage_taken":0,"max_hp_gain":0,"max_hp_loss":0,"event_name":"The Cleric","floor":4,"gold_loss":0},{"damage_healed":0,"gold_gain":0,"player_choice":"Fought Mushrooms","damage_taken":0,"max_hp_gain":0,"max_hp_loss":0,"event_name":"Mushrooms","floor":8,"gold_loss":0}],"is_beta":false,"boss_relics":[],"items_purged_floors":[],"is_endless":false,"potions_floor_spawned":[1,7],"killed_by":"Exordium Wildlife","ascension_level":20}