{"gold_per_floor":[113,188,43,62,77,77,2,2,2,2,12,41,41,61,61,160,160,177,159,172,189,203,203,218,218,218,232,244,244,258,293,293,389,389,401,427,175,185,185,185,210,210,261,287,287,287,306,49,49,49],"floor_reached":51,"playtime":2522,"items_purged":["Strike_B","Zap"],"score":879,"play_id":"04804766-e3c9-4980-898d-11ea588ad0a6","local_time":"20190616113058","is_ascension_mode":false,"campfire_choices":[{"data":"Sunder","floor":6.0,"key":"SMITH"},{"data":"Beam Cell","floor":8.0,"key":"SMITH"},{"data":"Recycle","floor":10.0,"key":"SMITH"},{"data":"Coolheaded","floor":15.0,"key":"SMITH"},{"data":"Coolheaded","floor":23.0,"key":"SMITH"},{"data":"Biased Cognition","floor":25.0,"key":"SMITH"},{"data":"Blizzard","floor":29.0,"key":"SMITH"},{"data":"Dualcast","floor":32.0,"key":"SMITH"},{"data":"Glacier","floor":40.0,"key":"SMITH"},{"data":"Glacier","floor":42.0,"key":"SMITH"},{"data":"Coolheaded","floor":49.0,"key":"SMITH"}],"neow_cost":"PERCENT_DAMAGE","seed_source_timestamp":11216009674199,"circlet_count":0,"master_deck":["Defend_B","Defend_B","Defend_B","Dualcast+1","Genetic Algorithm","Blizzard+1","Sunder+1","Recycle+1","Darkness","Glacier+1","Coolheaded+1","Biased Cognition+1","Redo+1","Coolheaded+1","Auto Shields+1","Glacier+1","Chill","Hologram+1","Coolheaded+1"],"special_seed":0,"relics":["FrozenCore","Dodecahedron","Empty Cage","Bag of Marbles","Bag of Preparation","Thread and Needle","Vajra","Strawberry","Nunchaku","Sundial"],"potions_floor_usage":[50,50,50],"damage_taken":[{"damage":0.0,"enemies":"2 Louse","floor":1.0,"turns":2.0},{"damage":0.0,"enemies":"Cultist","floor":4.0,"turns":2.0},{"damage":0.0,"enemies":"Small Slimes","floor":5.0,"turns":2.0},{"damage":8.0,"enemies":"Gremlin Gang","floor":11.0,"turns":4.0},{"damage":16.0,"enemies":"Lagavulin","floor":12.0,"turns":4.0},{"damage":9.0,"enemies":"Red Slaver","floor":14.0,"turns":3.0},{"damage":11.0,"enemies":"Slime Boss","floor":16.0,"turns":10.0},{"damage":0.0,"enemies":"Chosen","floor":18.0,"turns":4.0},{"damage":0.0,"enemies":"2 Thieves","floor":19.0,"turns":4.0},{"damage":5.0,"enemies":"Cultist and Chosen","floor":20.0,"turns":4.0},{"damage":0.0,"enemies":"Snecko","floor":21.0,"turns":4.0},{"damage":11.0,"enemies":"Snake Plant","floor":22.0,"turns":3.0},{"damage":0.0,"enemies":"Shelled Parasite and Fungi","floor":24.0,"turns":6.0},{"damage":0.0,"enemies":"Centurion and Healer","floor":27.0,"turns":8.0},{"damage":0.0,"enemies":"Snake Plant","floor":28.0,"turns":4.0},{"damage":8.0,"enemies":"Snecko","floor":30.0,"turns":7.0},{"damage":14.0,"enemies":"Slavers","floor":31.0,"turns":8.0},{"damage":15.0,"enemies":"Collector","floor":33.0,"turns":10.0},{"damage":0.0,"enemies":"Orb Walker","floor":35.0,"turns":5.0},{"damage":0.0,"enemies":"3 Darklings","floor":38.0,"turns":5.0},{"damage":0.0,"enemies":"Giant Head","floor":41.0,"turns":8.0},{"damage":0.0,"enemies":"Reptomancer","floor":44.0,"turns":10.0},{"damage":0.0,"enemies":"Maw","floor":47.0,"turns":9.0},{"damage":0,"enemies":"Awakened One","floor":50,"turns":9}],"seed_played":"-3995460992626376205","potions_obtained":[{"floor":1.0,"key":"Swift Potion"},{"floor":19.0,"key":"FearPotion"},{"floor":20.0,"key":"LiquidBronze"},{"floor":27.0,"key":"LiquidBronze"},{"floor":33.0,"key":"Fire Potion"},{"floor":47.0,"key":"AttackPotion"}],"is_trial":false,"path_per_floor":["M","?","$","M","M","R","$","R","T","R","M","E","?","M","R","B",null,"M","M","M","M","M","R","M","R","T","M","M","R","M","E","R","B",null,"M","T","$","M","?","R","E","R","T","E","T","?","M","$","R","B",null],"character_chosen":"DEFECT","items_purchased":["Blizzard","Sunder","Bag of Preparation","Sundial"],"campfire_rested":0,"item_purchase_floors":[3,3,37,48],"current_hp_per_floor":[54,47,47,47,47,47,47,47,47,47,39,23,23,14,14,3,75,75,75,70,70,59,59,59,59,59,59,59,59,51,37,37,22,75,75,75,75,75,75,75,75,75,75,82,82,82,82,82,82,82],"gold":49,"neow_bonus":"REMOVE_TWO","is_prod":false,"is_daily":false,"chose_seed":false,"campfire_upgraded":11,"win_rate":0,"timestamp":1560655858,"path_taken":["M","?","$","?","M","R","?","R","T","R","M","E","?","M","R","BOSS","M","M","?","M","M","R","M","R","T","M","M","R","M","E","R","BOSS","M","?","$","?","?","R","E","R","T","E","?","?","M","$","R","BOSS"],"build_version":"2019-01-23","purchased_purges":2,"victory":true,"max_hp_per_floor":[75,75,75,75,75,75,75,75,75,75,75,75,75,75,75,75,75,75,75,75,75,75,75,75,75,75,75,75,75,75,75,75,75,75,75,75,75,75,75,75,75,75,75,82,82,82,82,82,82,82],"card_choices":[{"not_picked":["FTL","Redo"],"picked":"Genetic Algorithm","floor":1.0},{"not_picked":["Redo","FTL"],"picked":"Beam Cell","floor":4.0},{"not_picked":["Coolheaded","Barrage"],"picked":"Recycle","floor":5.0},{"not_picked":["Consume","Reprogram","Amplify"],"picked":"SKIP","floor":11.0},{"not_picked":["Rebound","Self Repair"],"picked":"Darkness","floor":12.0},{"not_picked":["Compile Driver","Conserve Battery"],"picked":"Coolheaded","floor":14.0},{"not_picked":["Core Surge","Reboot"],"picked":"Biased Cognition","floor":16.0},{"not_picked":["Aggregate","Lockon"],"picked":"Redo+1","floor":18.0},{"not_picked":["Doom and Gloom","Compile Driver+1"],"picked":"Coolheaded","floor":19.0},{"not_picked":["Ball Lightning","Conserve Battery","Heatsinks"],"picked":"SKIP","floor":20.0},{"not_picked":["Streamline+1","Rip and Tear","Gash"],"picked":"SKIP","floor":21.0},{"not_picked":["Darkness","Go for the Eyes","Beam Cell+1"],"picked":"SKIP","floor":22.0},{"not_picked":["Tempest+1","Gash"],"picked":"Auto Shields+1","floor":24.0},{"not_picked":["Redo+1","Ball Lightning+1"],"picked":"Glacier","floor":27.0},{"not_picked":["Barrage+1","Rebound+1","Meteor Strike"],"picked":"SKIP","floor":28.0},{"not_picked":["Sweeping Beam","Compile Driver","Recycle"],"picked":"SKIP","floor":30.0},{"not_picked":["Sweeping Beam","Compile Driver","Recycle"],"picked":"SKIP","floor":30.0},{"not_picked":["Rip and Tear","Self Repair"],"picked":"Chill","floor":31.0},{"not_picked":["Ball Lightning","Rebound"],"picked":"Hologram+1","floor":35.0},{"not_picked":["Fusion+1","Gash+1","Rebound"],"picked":"SKIP","floor":38.0},{"not_picked":["Sweeping Beam","Core Surge","Stack+1"],"picked":"SKIP","floor":41.0},{"not_picked":["Core Surge","Turbo","White Noise"],"picked":"SKIP","floor":44.0},{"not_picked":["Auto Shields+1","White Noise+1"],"picked":"Coolheaded","floor":47.0}],"player_experience":5292863,"relics_obtained":[{"floor":12.0,"key":"Dodecahedron"},{"floor":36.0,"key":"Bag of Marbles"},{"floor":41.0,"key":"Thread and Needle"},{"floor":43.0,"key":"Vajra"},{"floor":44.0,"key":"Strawberry"},{"floor":45.0,"key":"Nunchaku"}],"event_choices":[{"damage_healed":0.0,"max_hp_gain":0.0,"max_hp_loss":0.0,"gold_gain":75.0,"event_name":"FaceTrader","player_choice":"Touch","floor":2.0,"gold_loss":0.0,"damage_taken":7.0},{"damage_healed":0.0,"max_hp_gain":0.0,"max_hp_loss":0.0,"gold_gain":0.0,"event_name":"Match and Keep!","player_choice":"1 cards matched","floor":13.0,"gold_loss":0.0,"damage_taken":0.0,"cards_obtained":["Glacier"]},{"cards_removed":["Beam Cell"],"damage_healed":0.0,"max_hp_gain":0.0,"max_hp_loss":0.0,"gold_gain":0.0,"event_name":"Falling","player_choice":"Removed Attack","floor":39.0,"gold_loss":0.0,"damage_taken":0.0},{"damage_healed":0.0,"max_hp_gain":0.0,"max_hp_loss":0.0,"gold_gain":0.0,"event_name":"Mysterious Sphere","player_choice":"Ignored","floor":46.0,"gold_loss":0.0,"damage_taken":0.0}],"is_beta":false,"boss_relics":[{"not_picked":["Snecko Eye","Sozu"],"picked":"Empty Cage"},{"not_picked":["Cursed Key","Calling Bell"],"picked":"FrozenCore"}],"items_purged_floors":[7,37],"is_endless":false,"potions_floor_spawned":[1,19,20,27,28,30,33,35,38,47],"ascension_level":0}