{"gold_per_floor":[111,123,143,160,4,36,36,63,86,86,101,133,149,149,149,223,223,236,161,161,188,8,8,34,34,61,72,88,68,68,97,97,171,171,182,199,199,99,99,99,99],"floor_reached":41,"playtime":2561,"items_purged":["Strike_R","Strike_R"],"score":894,"play_id":"2e2f166e-0da4-4479-bd2e-f9e6c9eab6f4","local_time":"20190715215805","is_ascension_mode":true,"campfire_choices":[{"data":"Fiend Fire","floor":7,"key":"SMITH"},{"floor":10,"key":"REST"},{"data":"Bash","floor":15,"key":"SMITH"},{"floor":23,"key":"REST"},{"data":"Sword Boomerang","floor":30,"key":"SMITH"},{"data":"Pommel Strike","floor":32,"key":"SMITH"},{"data":"Secret Technique","floor":40,"key":"SMITH"}],"neow_cost":"NONE","seed_source_timestamp":177723571469,"circlet_count":0,"master_deck":["AscendersBane","Strike_R","Strike_R","Defend_R","Defend_R+1","Defend_R","Defend_R","Bash+1","Intimidate+1","Second Wind","Blood for Blood","Pommel Strike+1","Feel No Pain","Fiend Fire+1","Combust","Demon Form+1","Shrug It Off","Exhume","Armaments+1","Reaper","Sword Boomerang+1","Dual Wield","Shrug It Off","Secret Technique+1"],"relics":["Burning Blood","Question Card","Happy Flower","War Paint","Bronze Scales","Busted Crown","Enchiridion","Vajra","Dream Catcher","Juzu Bracelet","Mark of Pain"],"potions_floor_usage":[6,6,8,12,16,24,31,41,41],"damage_taken":[{"damage":11,"enemies":"Cultist","floor":1,"turns":4},{"damage":7,"enemies":"Jaw Worm","floor":2,"turns":3},{"damage":3,"enemies":"2 Louse","floor":3,"turns":5},{"damage":13,"enemies":"2 Fungi Beasts","floor":4,"turns":5},{"damage":27,"enemies":"Lagavulin","floor":6,"turns":7},{"damage":24,"enemies":"3 Sentries","floor":8,"turns":8},{"damage":9,"enemies":"Blue Slaver","floor":11,"turns":3},{"damage":16,"enemies":"Lagavulin","floor":12,"turns":5},{"damage":6,"enemies":"Exordium Thugs","floor":13,"turns":2},{"damage":16,"enemies":"Hexaghost","floor":16,"turns":7},{"damage":17,"enemies":"2 Thieves","floor":18,"turns":4},{"damage":15,"enemies":"Book of Stabbing","floor":24,"turns":5},{"damage":6,"enemies":"Spheric Guardian","floor":27,"turns":3},{"damage":7,"enemies":"Cultist and Chosen","floor":28,"turns":7},{"damage":21,"enemies":"Slavers","floor":31,"turns":5},{"damage":30,"enemies":"Champ","floor":33,"turns":10},{"damage":45,"enemies":"3 Darklings","floor":35,"turns":5},{"damage":6,"enemies":"Orb Walker","floor":36,"turns":3},{"damage":83,"enemies":"Reptomancer","floor":41,"turns":2}],"seed_played":"3716256836188213674","potions_obtained":[{"floor":1,"key":"Energy Potion"},{"floor":2,"key":"EntropicBrew"},{"floor":11,"key":"EssenceOfSteel"},{"floor":13,"key":"Weak Potion"},{"floor":16,"key":"Strength Potion"},{"floor":27,"key":"LiquidBronze"},{"floor":31,"key":"SpeedPotion"},{"floor":36,"key":"BloodPotion"}],"is_trial":false,"path_per_floor":["M","M","M","M","$","E","R","E","T","R","M","E","M","?","R","B",null,"M","?","?","T","$","R","E","?","T","M","M","?","R","E","R","B",null,"M","M","?","$","?","R","E"],"character_chosen":"IRONCLAD","items_purchased":["Feel No Pain","Reaper","Sword Boomerang"],"campfire_rested":2,"item_purchase_floors":[5,22,22],"current_hp_per_floor":[70,69,72,65,65,44,44,26,26,50,47,37,37,37,37,27,68,57,57,36,36,36,60,62,62,62,62,82,82,82,81,81,81,82,81,82,72,72,72,72,0],"gold":99,"neow_bonus":"TEN_PERCENT_HP_BONUS","is_prod":false,"is_daily":false,"chose_seed":false,"campfire_upgraded":5,"win_rate":0,"timestamp":1563220685,"path_taken":["M","M","?","M","$","E","R","E","T","R","M","E","M","?","R","BOSS","M","?","?","?","$","R","E","?","T","M","?","?","R","E","R","BOSS","M","M","?","$","?","R","E"],"build_version":"2019-07-05","purchased_purges":2,"victory":false,"max_hp_per_floor":[82,82,82,82,82,82,82,82,82,82,82,82,82,82,82,82,82,82,82,82,82,82,82,82,82,82,82,82,82,82,82,82,82,82,82,82,82,82,82,82,82],"card_choices":[{"not_picked":["Fire Breathing","Anger"],"picked":"Intimidate","floor":1},{"not_picked":["Blood for Blood","Intimidate"],"picked":"Second Wind","floor":2},{"not_picked":["Warcry","Flex"],"picked":"Blood for Blood","floor":3},{"not_picked":["Twin Strike","Havoc"],"picked":"Pommel Strike","floor":4},{"not_picked":["Body Slam","Evolve"],"picked":"Fiend Fire","floor":6},{"not_picked":["Clothesline","Armaments","Reckless Charge"],"picked":"Combust","floor":8},{"not_picked":["Cleave","Perfected Strike","Wild Strike","Headbutt"],"picked":"SKIP","floor":11},{"not_picked":["Wild Strike","Limit Break","Clothesline"],"picked":"Demon Form","floor":12},{"not_picked":["Pommel Strike","Heavy Blade","True Grit"],"picked":"Shrug It Off","floor":13},{"not_picked":["Bludgeon","Offering","Berserk"],"picked":"Exhume","floor":16},{"not_picked":["Wild Strike"],"picked":"Armaments+1","floor":18},{"not_picked":["Dark Embrace"],"picked":"Dual Wield","floor":24},{"not_picked":["Warcry"],"picked":"Shrug It Off","floor":27},{"not_picked":["Clash+1","Armaments"],"picked":"SKIP","floor":28},{"not_picked":["Rampage","Evolve"],"picked":"SKIP","floor":31},{"not_picked":["Dark Embrace"],"picked":"Exhume","floor":33},{"not_picked":["Havoc","Headbutt"],"picked":"SKIP","floor":35},{"not_picked":["Spot Weakness","Thunderclap"],"picked":"SKIP","floor":36},{"not_picked":["Purity"],"picked":"Secret Technique","floor":37}],"player_experience":703516,"relics_obtained":[{"floor":6,"key":"Question Card"},{"floor":8,"key":"Happy Flower"},{"floor":9,"key":"War Paint"},{"floor":12,"key":"Bronze Scales"},{"floor":20,"key":"Enchiridion"},{"floor":21,"key":"Vajra"},{"floor":24,"key":"Dream Catcher"},{"floor":31,"key":"Juzu Bracelet"}],"event_choices":[{"damage_healed":0,"gold_gain":0,"player_choice":"Grow","damage_taken":0,"max_hp_gain":0,"max_hp_loss":0,"event_name":"Living Wall","floor":14,"gold_loss":0,"cards_upgraded":["Demon Form"]},{"cards_removed":["Strike_R"],"damage_healed":0,"gold_gain":0,"player_choice":"Gave Gold","damage_taken":0,"max_hp_gain":0,"max_hp_loss":0,"event_name":"Beggar","floor":19,"gold_loss":75},{"damage_healed":0,"gold_gain":0,"player_choice":"Obtained Book","damage_taken":21,"max_hp_gain":0,"max_hp_loss":0,"event_name":"Cursed Tome","floor":20,"gold_loss":0},{"damage_healed":0,"gold_gain":0,"player_choice":"0 cards matched","damage_taken":0,"max_hp_gain":0,"max_hp_loss":0,"event_name":"Match and Keep!","floor":25,"gold_loss":0,"cards_obtained":[]},{"damage_healed":0,"gold_gain":0,"player_choice":"Bought 1 Potion","damage_taken":0,"max_hp_gain":0,"max_hp_loss":0,"event_name":"The Woman in Blue","floor":29,"gold_loss":0},{"damage_healed":0,"gold_gain":0,"player_choice":"Memory 3","damage_taken":10,"max_hp_gain":0,"max_hp_loss":0,"event_name":"SensoryStone","floor":37,"gold_loss":0},{"cards_removed":["Exhume"],"damage_healed":0,"gold_gain":0,"player_choice":"Removed Skill","damage_taken":0,"max_hp_gain":0,"max_hp_loss":0,"event_name":"Falling","floor":39,"gold_loss":0}],"is_beta":false,"boss_relics":[{"not_picked":["Lizard Tail","Runic Dome"],"picked":"Busted Crown"},{"not_picked":["Black Star","Calling Bell"],"picked":"Mark of Pain"}],"items_purged_floors":[5,38],"is_endless":false,"potions_floor_spawned":[1,2,11,13,16,27,31,36],"killed_by":"Reptomancer","ascension_level":20}