{"gold_per_floor":[118,136,153,169,169,169,204,204,204,204,233,233],"floor_reached":12,"playtime":417,"items_purged":[],"score":176,"play_id":"f78fda26-6619-453a-9b58-c5938ad7423c","local_time":"20190720021820","is_ascension_mode":true,"campfire_choices":[{"data":"Bouncing Flask","floor":6,"key":"SMITH"},{"floor":8,"key":"REST"},{"data":"Neutralize","floor":10,"key":"SMITH"}],"neow_cost":"NONE","seed_source_timestamp":22206947598414,"circlet_count":0,"master_deck":["AscendersBane","Strike_G","Strike_G","Strike_G","Strike_G","Defend_G","Defend_G","Defend_G","Defend_G","Defend_G","Survivor","Neutralize+1","Bouncing Flask+1","Dagger Spray","Deadly Poison","Poisoned Stab","Footwork","Bouncing Flask"],"relics":["Ring of the Snake","Boot","Pear","Paper Crane","Juzu Bracelet"],"potions_floor_usage":[2,7,12],"damage_taken":[{"damage":5,"enemies":"Cultist","floor":1,"turns":5},{"damage":0,"enemies":"Small Slimes","floor":2,"turns":4},{"damage":4,"enemies":"Jaw Worm","floor":3,"turns":3},{"damage":2,"enemies":"Red Slaver","floor":4,"turns":3},{"damage":32,"enemies":"3 Sentries","floor":7,"turns":5},{"damage":25,"enemies":"Gremlin Nob","floor":11,"turns":4},{"damage":17,"enemies":"The Mushroom Lair","floor":12,"turns":2}],"seed_played":"3711611636713845170","potions_obtained":[{"floor":1,"key":"Energy Potion"},{"floor":2,"key":"EssenceOfSteel"},{"floor":3,"key":"SteroidPotion"}],"is_trial":false,"path_per_floor":["M","M","M","M","?","R","E","R","T","R","E","?"],"character_chosen":"THE_SILENT","items_purchased":[],"campfire_rested":1,"item_purchase_floors":[],"current_hp_per_floor":[54,54,50,48,41,41,19,41,41,41,16,0],"gold":233,"neow_bonus":"RANDOM_COMMON_RELIC","is_prod":false,"is_daily":false,"chose_seed":false,"campfire_upgraded":2,"win_rate":0,"timestamp":1563581900,"path_taken":["M","M","M","?","?","R","E","R","T","R","E","?"],"build_version":"2019-07-17","purchased_purges":0,"victory":false,"max_hp_per_floor":[66,66,66,66,66,66,76,76,76,76,76,76],"card_choices":[{"not_picked":["Setup","Underhanded Strike"],"picked":"Bouncing Flask","floor":1},{"not_picked":["Prepared","Flechettes"],"picked":"Dagger Spray","floor":2},{"not_picked":["Cloak And Dagger","Dagger Throw"],"picked":"Deadly Poison","floor":3},{"not_picked":["Expertise","PiercingWail"],"picked":"Poisoned Stab","floor":4},{"not_picked":["Unload","Acrobatics"],"picked":"Footwork","floor":7},{"not_picked":["Setup","Acrobatics"],"picked":"Bouncing Flask","floor":11}],"player_experience":721199,"relics_obtained":[{"floor":7,"key":"Pear"},{"floor":9,"key":"Paper Crane"},{"floor":11,"key":"Juzu Bracelet"}],"event_choices":[{"cards_removed":["Strike_G"],"damage_healed":0,"gold_gain":0,"player_choice":"Card Removal","damage_taken":7,"max_hp_gain":0,"max_hp_loss":0,"event_name":"Golden Wing","floor":5,"gold_loss":0},{"damage_healed":0,"gold_gain":0,"player_choice":"Fought Mushrooms","damage_taken":0,"max_hp_gain":0,"max_hp_loss":0,"event_name":"Mushrooms","floor":12,"gold_loss":0}],"is_beta":false,"boss_relics":[],"items_purged_floors":[],"is_endless":false,"potions_floor_spawned":[1,2,3],"killed_by":"The Mushroom Lair","ascension_level":20}