{"gold_per_floor":[109,126,51,61,61,61,61,75,127,143,143,187,187,202,202,300,300,313,329,329],"floor_reached":20,"playtime":809,"items_purged":[],"score":452,"play_id":"2998722d-082c-41e1-8993-7c8daed279a4","local_time":"20190120143250","is_ascension_mode":true,"campfire_choices":[{"data":"Darkness","floor":6,"key":"SMITH"},{"data":"Redo","floor":13,"key":"SMITH"},{"data":"Capacitor","floor":15,"key":"SMITH"}],"neow_cost":"PERCENT_DAMAGE","seed_source_timestamp":18395554129954,"circlet_count":0,"master_deck":["AscendersBane","Strike_B","Strike_B","Defend_B","Defend_B","Defend_B","Zap","Dualcast","Undo","Lockon","Darkness+1","Capacitor+1","Glacier","Redo+1","Core Surge","Biased Cognition"],"relics":["Cracked Core","PreservedInsect","DataDisk","Golden Idol","Kunai","Inserter"],"potions_floor_usage":[4,10,14,19],"damage_taken":[{"damage":1,"enemies":"Cultist","floor":1,"turns":4},{"damage":0,"enemies":"2 Louse","floor":2,"turns":3},{"damage":0,"enemies":"Small Slimes","floor":4,"turns":3},{"damage":10,"enemies":"3 Louse","floor":8,"turns":5},{"damage":0,"enemies":"Large Slime","floor":10,"turns":6},{"damage":5,"enemies":"3 Sentries","floor":12,"turns":9},{"damage":0,"enemies":"2 Fungi Beasts","floor":14,"turns":2},{"damage":0,"enemies":"Hexaghost","floor":16,"turns":8},{"damage":18,"enemies":"Shell Parasite","floor":18,"turns":7},{"damage":18,"enemies":"3 Byrds","floor":19,"turns":5},{"damage":0,"enemies":"Cultist and Chosen","floor":20,"turns":1}],"seed_played":"-4302283512124627846","potions_obtained":[{"floor":1,"key":"Weak Potion"},{"floor":2,"key":"Block Potion"},{"floor":12,"key":"AttackPotion"},{"floor":18,"key":"AttackPotion"}],"is_trial":false,"path_per_floor":["M","M","?","M","$","R","?","M","T","M","?","E","R","M","R","B",null,"M","M","M"],"character_chosen":"DEFECT","items_purchased":[],"campfire_rested":0,"item_purchase_floors":[],"current_hp_per_floor":[45,45,45,45,45,45,27,17,17,17,17,12,12,12,12,12,51,33,15,15],"gold":329,"neow_bonus":"TRANSFORM_TWO_CARDS","is_prod":false,"is_daily":false,"chose_seed":false,"campfire_upgraded":3,"win_rate":0,"timestamp":1547965970,"path_taken":["M","?","?","M","$","R","?","M","T","M","?","E","R","M","R","BOSS","M","M","M"],"build_version":"2019-01-17v2","purchased_purges":0,"victory":false,"max_hp_per_floor":[71,71,71,71,71,71,71,71,71,71,64,64,64,64,64,64,64,64,64,64],"card_choices":[{"not_picked":["Ball Lightning","Sweeping Beam"],"picked":"Darkness","floor":1},{"not_picked":["Rebound","White Noise"],"picked":"Capacitor","floor":2},{"not_picked":["Go for the Eyes","Coolheaded"],"picked":"Glacier","floor":4},{"not_picked":["Ball Lightning","Rebound","Go for the Eyes"],"picked":"SKIP","floor":8},{"not_picked":["Redo","Rip and Tear","Go for the Eyes"],"picked":"SKIP","floor":10},{"not_picked":["Rip and Tear","Go for the Eyes"],"picked":"Redo","floor":10},{"not_picked":["Redo","Sunder"],"picked":"Core Surge","floor":12},{"not_picked":["Auto Shields","Sweeping Beam","Conserve Battery"],"picked":"SKIP","floor":14},{"not_picked":["Core Surge","Buffer"],"picked":"Biased Cognition","floor":16},{"not_picked":["Heatsinks","Go for the Eyes","Redo"],"picked":"SKIP","floor":18},{"not_picked":["Redo","Blizzard","Rebound+1"],"picked":"SKIP","floor":19}],"player_experience":2067333,"relics_obtained":[{"floor":9,"key":"DataDisk"},{"floor":12,"key":"Kunai"}],"event_choices":[{"cards_removed":["Strike_B"],"damage_healed":0,"gold_gain":0,"player_choice":"Card Removal","damage_taken":0,"max_hp_gain":0,"max_hp_loss":0,"event_name":"The Cleric","floor":3,"gold_loss":75},{"damage_healed":0,"gold_gain":0,"player_choice":"Success","damage_taken":18,"relics_obtained":["PreservedInsect"],"max_hp_gain":0,"max_hp_loss":0,"event_name":"Scrap Ooze","floor":7,"gold_loss":0},{"damage_healed":0,"gold_gain":0,"player_choice":"Lose Max HP","damage_taken":0,"relics_obtained":["Golden Idol"],"max_hp_gain":0,"max_hp_loss":7,"event_name":"Golden Idol","floor":11,"gold_loss":0}],"is_beta":false,"boss_relics":[{"not_picked":["Ectoplasm","Black Star"],"picked":"Inserter"}],"items_purged_floors":[],"is_endless":false,"potions_floor_spawned":[1,2,12,18],"killed_by":"Cultist and Chosen","ascension_level":20}