{"gold_per_floor":[112,128,128,139,159,159,84,94,120,120,137,137,137,152,152,256,256,275,275,190,90,90,122,122,141,141,169,188,200,75,87,87,184,184,203,222,72,72,0,20,20,46,46,65,65,85,98,115,115,115],"floor_reached":51,"playtime":1557,"items_purged":["Strike_R","Strike_R","Writhe","Defend_R"],"score":763,"play_id":"9589d51b-7678-4891-8005-256f08507c32","local_time":"20180921020112","is_ascension_mode":false,"campfire_choices":[{"data":"Heavy Blade","floor":6.0,"key":"SMITH"},{"data":"Flex","floor":12.0,"key":"SMITH"},{"data":"Sword Boomerang","floor":15.0,"key":"SMITH"},{"data":"J.A.X.","floor":24.0,"key":"SMITH"},{"data":"Armaments","floor":32.0,"key":"SMITH"},{"data":"Perfected Strike","floor":41.0,"key":"SMITH"},{"floor":49,"key":"REST"}],"neow_cost":"NONE","seed_source_timestamp":0,"circlet_count":0,"master_deck":["Strike_R","Strike_R","Defend_R","Defend_R","Defend_R","Bash+1","Pommel Strike+1","Heavy Blade+1","Thunderclap+1","Flex+1","Sword Boomerang+1","Clothesline+1","J.A.X.+1","Shrug It Off","Armaments+1","Perfected Strike+1","Perfected Strike+1","Cleave+1","Shrug It Off+1","Twin Strike","Flex"],"special_seed":0,"relics":["Burning Blood","Centennial Puzzle","Anchor","Orichalcum","Snecko Eye","Strawberry","Omamori","Letter Opener","Charon\u0027s Ashes","Whetstone","Orrery","Incense Burner","Red Mask","Bottled Flame","Girya"],"potions_floor_usage":[47,47,50],"damage_taken":[{"damage":11.0,"enemies":"Jaw Worm","floor":1.0,"turns":5.0},{"damage":1.0,"enemies":"Cultist","floor":2.0,"turns":3.0},{"damage":7.0,"enemies":"Small Slimes","floor":4.0,"turns":3.0},{"damage":11.0,"enemies":"Exordium Wildlife","floor":5.0,"turns":3.0},{"damage":0.0,"enemies":"Large Slime","floor":8.0,"turns":4.0},{"damage":3.0,"enemies":"Lots of Slimes","floor":11.0,"turns":3.0},{"damage":2.0,"enemies":"Blue Slaver","floor":14.0,"turns":2.0},{"damage":10.0,"enemies":"Slime Boss","floor":16.0,"turns":7.0},{"damage":5.0,"enemies":"Spheric Guardian","floor":18.0,"turns":3.0},{"damage":16.0,"enemies":"Slavers","floor":23.0,"turns":4.0},{"damage":3.0,"enemies":"Chosen","floor":25.0,"turns":3.0},{"damage":25.0,"enemies":"Gremlin Leader","floor":27.0,"turns":4.0},{"damage":4.0,"enemies":"Shelled Parasite and Fungi","floor":28.0,"turns":3.0},{"damage":12.0,"enemies":"Centurion and Healer","floor":29.0,"turns":5.0},{"damage":6.0,"enemies":"Snecko","floor":31.0,"turns":2.0},{"damage":29.0,"enemies":"Champ","floor":33.0,"turns":7.0},{"damage":7.0,"enemies":"Orb Walker","floor":35.0,"turns":3.0},{"damage":3.0,"enemies":"3 Shapes","floor":36.0,"turns":2.0},{"damage":43.0,"enemies":"Mind Bloom Boss Battle","floor":38.0,"turns":6.0},{"damage":3.0,"enemies":"3 Darklings","floor":40.0,"turns":1.0},{"damage":42.0,"enemies":"Nemesis","floor":42.0,"turns":5.0},{"damage":12.0,"enemies":"Spire Growth","floor":44.0,"turns":3.0},{"damage":3.0,"enemies":"4 Shapes","floor":46.0,"turns":3.0},{"damage":3,"enemies":"Reptomancer","floor":47,"turns":3},{"damage":12,"enemies":"Maw","floor":48,"turns":5},{"damage":28,"enemies":"Time Eater","floor":50,"turns":9}],"seed_played":"-4250467905157769534","potions_obtained":[{"floor":5.0,"key":"Poison Potion"},{"floor":11.0,"key":"BloodPotion"},{"floor":14.0,"key":"Ancient Potion"},{"floor":16.0,"key":"EssenceOfSteel"},{"floor":23.0,"key":"SkillPotion"},{"floor":27.0,"key":"GamblersBrew"},{"floor":28.0,"key":"Regen Potion"},{"floor":36.0,"key":"Energy Potion"},{"floor":38.0,"key":"AttackPotion"},{"floor":44.0,"key":"SteroidPotion"},{"floor":46.0,"key":"Energy Potion"}],"is_trial":false,"path_per_floor":["M","M","?","M","M","R","$","M","T","?","M","R","?","M","R","B",null,"M","?","?","$","?","E","R","M","T","E","M","M","$","M","R","B",null,"M","M","$","?","?","M","R","E","T","M","$","M","M","M","R","B"],"character_chosen":"IRONCLAD","items_purchased":[],"campfire_rested":1,"item_purchase_floors":[],"current_hp_per_floor":[75,80,80,79,74,74,74,80,80,80,80,80,77,80,80,76,80,80,80,87,87,87,77,77,80,80,61,71,65,65,65,65,42,87,86,87,87,62,62,65,65,29,29,23,23,26,29,23,49,27],"gold":115,"neow_bonus":"RANDOM_COMMON_RELIC","is_prod":false,"is_daily":false,"chose_seed":false,"campfire_upgraded":6,"win_rate":0,"timestamp":1537466472,"path_taken":["M","M","?","M","M","R","$","M","T","?","?","R","?","?","R","BOSS","M","?","?","$","?","E","R","?","T","E","?","M","$","?","R","BOSS","M","M","$","?","?","M","R","E","T","M","$","M","M","M","R","BOSS"],"build_version":"2018-09-06","purchased_purges":4,"victory":true,"max_hp_per_floor":[80,80,80,80,80,80,80,80,80,80,80,80,80,80,80,80,80,80,80,87,87,87,87,87,87,87,87,87,87,87,87,87,87,87,87,87,87,87,87,87,87,87,87,87,87,87,87,87,87,87],"card_choices":[{"not_picked":["Wild Strike","Twin Strike","Uppercut"],"picked":"SKIP","floor":1.0},{"not_picked":["Warcry","True Grit"],"picked":"Pommel Strike","floor":2.0},{"not_picked":["Anger","Clothesline","Iron Wave"],"picked":"SKIP","floor":4.0},{"not_picked":["Body Slam","Hemokinesis"],"picked":"Heavy Blade","floor":5.0},{"not_picked":["Metallicize","Sever Soul"],"picked":"Thunderclap","floor":8.0},{"not_picked":["Iron Wave","Pummel"],"picked":"Flex","floor":11.0},{"not_picked":["Reckless Charge","Cleave"],"picked":"Sword Boomerang","floor":14.0},{"not_picked":["True Grit+1","Warcry"],"picked":"Clothesline+1","floor":18.0},{"not_picked":["Body Slam","Sword Boomerang"],"picked":"Shrug It Off","floor":23.0},{"not_picked":["Intimidate","Clothesline+1"],"picked":"Armaments","floor":25.0},{"not_picked":["Wild Strike","Thunderclap+1","Body Slam"],"picked":"SKIP","floor":27.0},{"not_picked":["Carnage","Warcry","Brutality"],"picked":"SKIP","floor":28.0},{"not_picked":["Iron Wave","Burning Pact","Havoc"],"picked":"SKIP","floor":29.0},{"not_picked":["Burning Pact+1","Seeing Red","Clash"],"picked":"SKIP","floor":31.0},{"not_picked":["Searing Blow+1","Corruption+1"],"picked":"Perfected Strike+1","floor":34.0},{"not_picked":["Rampage+1","Iron Wave"],"picked":"Perfected Strike","floor":34.0},{"not_picked":["Sever Soul","Armaments+1"],"picked":"Cleave+1","floor":34.0},{"not_picked":["Pommel Strike","Seeing Red"],"picked":"Shrug It Off+1","floor":34.0},{"not_picked":["Anger+1","Iron Wave"],"picked":"Twin Strike","floor":34.0},{"not_picked":["Clothesline+1","Headbutt+1","Corruption+1"],"picked":"SKIP","floor":35.0},{"not_picked":["Battle Trance","Thunderclap+1","Whirlwind+1"],"picked":"SKIP","floor":36.0},{"not_picked":["Havoc+1","Battle Trance+1","Rupture"],"picked":"SKIP","floor":40.0},{"not_picked":["Barricade","Battle Trance+1","Seeing Red+1"],"picked":"SKIP","floor":42.0},{"not_picked":["Power Through+1","Pummel","Shrug It Off+1"],"picked":"SKIP","floor":44.0},{"not_picked":["Headbutt+1","Infernal Blade+1","Fire Breathing"],"picked":"SKIP","floor":46.0},{"not_picked":["Body Slam","Iron Wave+1","Headbutt"],"picked":"SKIP","floor":47},{"not_picked":["Shrug It Off","Bloodletting"],"picked":"Flex","floor":48}],"player_experience":58908,"relics_obtained":[{"floor":9.0,"key":"Anchor"},{"floor":23.0,"key":"Letter Opener"},{"floor":26.0,"key":"Charon\u0027s Ashes"},{"floor":27.0,"key":"Whetstone"},{"floor":38.0,"key":"Incense Burner"},{"floor":42.0,"key":"Bottled Flame"},{"floor":43.0,"key":"Girya"}],"event_choices":[{"event_name":"Upgrade Shrine","player_choice":"Upgraded","floor":3.0,"damage_taken":0.0},{"event_name":"Living Wall","player_choice":"Forget","floor":10.0,"damage_taken":0.0},{"event_name":"Scrap Ooze","player_choice":"success","floor":13.0,"damage_taken":3.0},{"event_name":"Drug Dealer","player_choice":"Got JAX","floor":19.0,"damage_taken":0.0},{"event_name":"Addict","player_choice":"Obtained Relic","floor":20.0,"damage_taken":0.0},{"event_name":"The Mausoleum","player_choice":"Yes","floor":22.0,"damage_taken":0.0},{"event_name":"MindBloom","player_choice":"Fight","floor":38.0,"damage_taken":0.0},{"event_name":"Tomb of Lord Red Mask","player_choice":"Paid","floor":39.0,"damage_taken":0.0}],"is_beta":false,"boss_relics":[{"not_picked":["Tiny House","Calling Bell"],"picked":"Snecko Eye"},{"not_picked":["Pandora\u0027s Box","Runic Cube"],"picked":"Orrery"}],"items_purged_floors":[7,21,30,37],"is_endless":false,"potions_floor_spawned":[5,11,14,16,23,27,28,29,36,38,44,46],"ascension_level":0}