{"gold_per_floor":[109,109,121,140,290,290,321,321,321,321,321,340,33,48,48,141,141,154,79,103,103,103,134,150,184,184,84,84,84,119,44,44,137,137,160,179,512,53,104,139,139,174,251,251,282,52,52,66,66,66,66,66,66,66,96,96],"floor_reached":57,"playtime":2786,"items_purged":["Glass Knife","Doubt","Cloak And Dagger+1","Night Terror+1"],"score":3559,"play_id":"220b1d12-c6f0-445b-9111-0c6897cd7c00","local_time":"20190707142255","is_ascension_mode":true,"campfire_choices":[{"data":"Bouncing Flask","floor":6.0,"key":"SMITH"},{"data":"Acrobatics","floor":8.0,"key":"SMITH"},{"data":"Grand Finale","floor":15.0,"key":"SMITH"},{"data":"Neutralize","floor":28.0,"key":"SMITH"},{"floor":32.0,"key":"RECALL"},{"data":"Bouncing Flask+1","floor":44,"key":"PURGE"},{"data":"Survivor","floor":47,"key":"PURGE"},{"data":"Burst+1","floor":49,"key":"PURGE"},{"data":"Escape Plan+1","floor":53,"key":"PURGE"}],"neow_cost":"NONE","seed_source_timestamp":16154913912237,"circlet_count":0,"master_deck":["AscendersBane","Acrobatics+1","Grand Finale+1","Doppelganger+1","Tactician+1","Deflect+1","Reflex+1","Concentrate+1","Prepared+1"],"special_seed":0,"relics":["Ring of the Snake","NeowsBlessing","Toxic Egg 2","Chemical X","Pandora\u0027s Box","Singing Bowl","Regal Pillow","Letter Opener","Mercury Hourglass","Empty Cage","Incense Burner","Thread and Needle","Peace Pipe","Question Card","Sundial","Whetstone","Mummified Hand"],"potions_floor_usage":[40,56,56],"damage_taken":[{"damage":0.0,"enemies":"2 Louse","floor":1.0,"turns":1.0},{"damage":0.0,"enemies":"Cultist","floor":3.0,"turns":1.0},{"damage":0.0,"enemies":"Jaw Worm","floor":4.0,"turns":1.0},{"damage":47.0,"enemies":"3 Sentries","floor":7.0,"turns":14.0},{"damage":1.0,"enemies":"2 Fungi Beasts","floor":12.0,"turns":3.0},{"damage":0.0,"enemies":"Large Slime","floor":14.0,"turns":2.0},{"damage":0.0,"enemies":"Slime Boss","floor":16.0,"turns":4.0},{"damage":12.0,"enemies":"2 Thieves","floor":18.0,"turns":2.0},{"damage":3.0,"enemies":"3 Byrds","floor":20.0,"turns":3.0},{"damage":0.0,"enemies":"Gremlin Leader","floor":23.0,"turns":5.0},{"damage":0.0,"enemies":"3 Cultists","floor":24.0,"turns":2.0},{"damage":7.0,"enemies":"Book of Stabbing","floor":25.0,"turns":3.0},{"damage":0.0,"enemies":"Slavers","floor":30.0,"turns":1.0},{"damage":0.0,"enemies":"Champ","floor":33.0,"turns":2.0},{"damage":0.0,"enemies":"3 Darklings","floor":35.0,"turns":2.0},{"damage":7.0,"enemies":"3 Shapes","floor":36.0,"turns":1.0},{"damage":4.0,"enemies":"2 Orb Walkers","floor":39.0,"turns":2.0},{"damage":1,"enemies":"Nemesis","floor":40,"turns":3},{"damage":0,"enemies":"Giant Head","floor":42,"turns":2},{"damage":0,"enemies":"Reptomancer","floor":45,"turns":2},{"damage":0,"enemies":"Jaw Worm Horde","floor":48,"turns":1},{"damage":0,"enemies":"Donu and Deca","floor":50,"turns":1},{"damage":0,"enemies":"Awakened One","floor":51,"turns":2},{"damage":0,"enemies":"Shield and Spear","floor":55,"turns":2},{"damage":0,"enemies":"The Heart","floor":56,"turns":4}],"seed_played":"-215599605689684173","potions_obtained":[{"floor":1.0,"key":"Swift Potion"},{"floor":14.0,"key":"GamblersBrew"},{"floor":18.0,"key":"SkillPotion"},{"floor":20.0,"key":"Poison Potion"},{"floor":25.0,"key":"SkillPotion"},{"floor":35.0,"key":"LiquidBronze"},{"floor":39.0,"key":"Explosive Potion"},{"floor":45,"key":"Regen Potion"}],"is_trial":false,"path_per_floor":["M","?","M","M","?","R","E","R","T","?","?","M","$","M","R","B",null,"M","$","M","?","?","E","M","E","T","$","R","?","E","?","R","B",null,"M","M","?","$","?","E","?","E","T","R","E","$","R","M","R","B","B",null,"R","$","E","B",null],"character_chosen":"THE_SILENT","items_purchased":["Chemical X","Doppelganger+1","Incense Burner","GhostInAJar"],"campfire_rested":0,"item_purchase_floors":[13,13,38,46],"current_hp_per_floor":[59,59,59,59,59,59,12,12,12,12,12,11,11,11,11,11,48,36,36,33,33,33,35,35,28,28,28,28,28,30,30,30,32,58,60,55,55,55,53,54,54,56,56,56,58,58,58,60,60,60,60,75,75,75,77,77],"gold":96,"neow_bonus":"THREE_ENEMY_KILL","is_prod":false,"is_daily":false,"chose_seed":false,"campfire_upgraded":4,"win_rate":0,"timestamp":1562480575,"path_taken":["M","?","M","?","?","R","E","R","T","?","?","M","$","M","R","BOSS","M","$","M","?","?","E","?","E","T","?","R","?","E","?","R","BOSS","M","M","?","$","?","E","?","E","T","R","E","?","R","M","R","BOSS","BOSS","R","$","E","BOSS"],"build_version":"2019-07-05","purchased_purges":4,"victory":true,"max_hp_per_floor":[66,66,66,66,66,66,66,66,66,60,60,60,60,60,60,60,60,60,60,60,60,60,62,62,62,62,62,62,62,64,64,64,66,66,68,70,70,70,72,74,74,76,76,76,78,78,78,80,80,80,80,80,80,80,82,82],"card_choices":[{"not_picked":["PiercingWail","Outmaneuver"],"picked":"Bouncing Flask","floor":1.0},{"not_picked":["Dodge and Roll","Escape Plan"],"picked":"Acrobatics","floor":3.0},{"not_picked":["Eviscerate","Poisoned Stab","Dagger Spray"],"picked":"SKIP","floor":4.0},{"not_picked":["Infinite Blades","Cloak And Dagger","Underhanded Strike"],"picked":"SKIP","floor":7.0},{"not_picked":["PiercingWail+1","Slice"],"picked":"Escape Plan+1","floor":12.0},{"not_picked":["Caltrops","Flechettes","Acrobatics+1"],"picked":"SKIP","floor":14.0},{"not_picked":["Wraith Form v2","Unload"],"picked":"Burst+1","floor":16.0},{"not_picked":["Slice","Sucker Punch","Expertise+1"],"picked":"SKIP","floor":18.0},{"not_picked":["Eviscerate","All Out Attack","Flying Knee"],"picked":"SKIP","floor":20.0},{"not_picked":["Crippling Poison+1","Slice","Cloak And Dagger+1"],"picked":"Singing Bowl","floor":23.0},{"not_picked":["Flying Knee","PiercingWail+1"],"picked":"Concentrate+1","floor":24.0},{"not_picked":["Choke","Leg Sweep+1"],"picked":"Prepared+1","floor":25.0},{"not_picked":["Prepared+1","Underhanded Strike","Deflect+1"],"picked":"Singing Bowl","floor":30.0},{"not_picked":["Envenom","Corpse Explosion+1","Tools of the Trade"],"picked":"Singing Bowl","floor":33.0},{"not_picked":["Acrobatics+1","Dagger Spray","Leg Sweep+1"],"picked":"Singing Bowl","floor":35.0},{"not_picked":["Acrobatics+1","Prepared+1","Reflex+1"],"picked":"Singing Bowl","floor":36.0},{"not_picked":["Poisoned Stab+1","Reflex+1","Prepared+1"],"picked":"Singing Bowl","floor":39.0},{"not_picked":["PiercingWail+1","Underhanded Strike","Eviscerate"],"picked":"Singing Bowl","floor":40},{"not_picked":["Dodge and Roll+1","Reflex+1","Calculated Gamble+1"],"picked":"Singing Bowl","floor":42},{"not_picked":["Skewer","Masterful Stab","Slice","Crippling Poison+1"],"picked":"Singing Bowl","floor":45},{"not_picked":["Cloak And Dagger+1","Phantasmal Killer+1","Poisoned Stab","PiercingWail+1"],"picked":"Singing Bowl","floor":48},{"not_picked":["Noxious Fumes","Tactician+1","Acrobatics+1","Dash"],"picked":"Singing Bowl","floor":55}],"player_experience":1563925,"relics_obtained":[{"floor":7.0,"key":"Toxic Egg 2"},{"floor":23.0,"key":"Singing Bowl"},{"floor":25.0,"key":"Regal Pillow"},{"floor":26.0,"key":"Letter Opener"},{"floor":30.0,"key":"Mercury Hourglass"},{"floor":39.0,"key":"Thread and Needle"},{"floor":40,"key":"Peace Pipe"},{"floor":42,"key":"Question Card"},{"floor":43,"key":"Sundial"},{"floor":45,"key":"Whetstone"},{"floor":55,"key":"Mummified Hand"}],"event_choices":[{"cards_removed":["Strike_G"],"damage_healed":0.0,"max_hp_gain":0.0,"max_hp_loss":0.0,"gold_gain":0.0,"event_name":"Purifier","player_choice":"Purged","floor":2.0,"gold_loss":0.0,"damage_taken":0.0},{"damage_healed":0.0,"max_hp_gain":0.0,"max_hp_loss":0.0,"gold_gain":150.0,"event_name":"Liars Game","player_choice":"AGREE","floor":5.0,"gold_loss":0.0,"damage_taken":0.0,"cards_obtained":["Doubt"]},{"damage_healed":0.0,"max_hp_gain":0.0,"max_hp_loss":6.0,"gold_gain":0.0,"event_name":"Golden Idol","player_choice":"Lose Max HP","floor":10.0,"gold_loss":0.0,"damage_taken":0.0,"relics_obtained":["Golden Idol"]},{"damage_healed":0.0,"max_hp_gain":0.0,"max_hp_loss":0.0,"gold_gain":0.0,"cards_transformed":["Strike_G"],"event_name":"Transmorgrifier","player_choice":"Transformed","floor":11.0,"gold_loss":0.0,"damage_taken":0.0,"cards_obtained":["Grand Finale"]},{"damage_healed":0.0,"max_hp_gain":0.0,"max_hp_loss":0.0,"gold_gain":0.0,"event_name":"The Mausoleum","player_choice":"Ignored","floor":21.0,"gold_loss":0.0,"damage_taken":0.0},{"damage_healed":0.0,"max_hp_gain":0.0,"max_hp_loss":0.0,"gold_gain":0.0,"event_name":"Match and Keep!","player_choice":"1 cards matched","floor":22.0,"gold_loss":0.0,"damage_taken":0.0,"cards_obtained":["Night Terror"]},{"damage_healed":0.0,"max_hp_gain":0.0,"max_hp_loss":0.0,"gold_gain":0.0,"event_name":"Vampires","player_choice":"Ignored","floor":29.0,"gold_loss":0.0,"damage_taken":0.0},{"cards_removed":["Choke"],"damage_healed":0.0,"max_hp_gain":0.0,"max_hp_loss":0.0,"gold_gain":0.0,"event_name":"Beggar","player_choice":"Gave Gold","floor":31.0,"gold_loss":75.0,"damage_taken":0.0},{"damage_healed":0.0,"max_hp_gain":0.0,"max_hp_loss":0.0,"gold_gain":333.0,"event_name":"The Moai Head","player_choice":"Gave Idol","floor":37.0,"relics_lost":["Golden Idol"],"gold_loss":0.0,"damage_taken":0.0},{"damage_healed":0.0,"max_hp_gain":0.0,"max_hp_loss":0.0,"gold_gain":0.0,"event_name":"Mysterious Sphere","player_choice":"Fight","floor":39.0,"gold_loss":0.0,"damage_taken":0.0},{"cards_removed":["Neutralize"],"damage_healed":0,"gold_gain":0,"player_choice":"Removed Attack","damage_taken":0,"max_hp_gain":0,"max_hp_loss":0,"event_name":"Falling","floor":41,"gold_loss":0}],"is_beta":false,"boss_relics":[{"not_picked":["White Beast Statue","Calling Bell"],"picked":"Pandora\u0027s Box"},{"not_picked":["Orrery","Cursed Key"],"picked":"Empty Cage"}],"items_purged_floors":[19,27,38,46],"is_endless":false,"potions_floor_spawned":[1,14,18,20,25,35,39,45,48],"ascension_level":20}