{"gold_per_floor":[111,125,50,50,61,61,92,92,92,92,110,110,144,164,164,263,263,280,280,34,47,63,63,77,77,122,122,141,141,141,16,16,118,118,137,157,157,176,194,194,213,213,236,236,265,115,115,115,115,115],"floor_reached":51,"playtime":1537,"items_purged":["Strike_B","Strike_B","Writhe","Strike_B"],"score":835,"play_id":"017c56eb-a528-4025-bb9a-86b34bf2f943","local_time":"20190613040714","is_ascension_mode":false,"campfire_choices":[{"data":"Darkness","floor":6.0,"key":"SMITH"},{"floor":8.0,"key":"REST"},{"floor":10.0,"key":"REST"},{"data":"Loop","floor":12.0,"key":"SMITH"},{"data":"Defragment","floor":15.0,"key":"SMITH"},{"data":"Multi-Cast","floor":23.0,"key":"SMITH"},{"data":"Skim","floor":25.0,"key":"SMITH"},{"data":"Dualcast","floor":27.0,"key":"SMITH"},{"data":"Reboot","floor":32.0,"key":"SMITH"},{"data":"Zap","floor":40,"key":"SMITH"},{"data":"Ghostly","floor":44,"key":"SMITH"},{"data":"Ghostly","floor":47,"key":"SMITH"},{"data":"Ghostly","floor":49,"key":"SMITH"}],"neow_cost":"PERCENT_DAMAGE","seed_source_timestamp":62511045360548,"circlet_count":0,"master_deck":["Defend_B","Defend_B","Defend_B","Defend_B","Zap+1","Dualcast+1","Defragment+1","Darkness+1","Loop+1","Glacier","Reboot+1","Skim+1","Multi-Cast+1","Ghostly+1","Ghostly+1","Ghostly","Ghostly","Ghostly+1"],"special_seed":0,"relics":["Cracked Core","Du-Vu Doll","Lantern","Cables","Dodecahedron","Prayer Wheel","Busted Crown","DataDisk","Anchor","Pear","Mercury Hourglass","Runic Pyramid","Regal Pillow","Vajra"],"potions_floor_usage":[50,50],"damage_taken":[{"damage":6.0,"enemies":"Jaw Worm","floor":1.0,"turns":3.0},{"damage":1.0,"enemies":"2 Louse","floor":2.0,"turns":2.0},{"damage":6.0,"enemies":"Cultist","floor":5.0,"turns":4.0},{"damage":35.0,"enemies":"3 Sentries","floor":7.0,"turns":8.0},{"damage":7.0,"enemies":"2 Fungi Beasts","floor":11.0,"turns":3.0},{"damage":0.0,"enemies":"Lagavulin","floor":13.0,"turns":6.0},{"damage":0.0,"enemies":"Exordium Wildlife","floor":14.0,"turns":3.0},{"damage":0.0,"enemies":"The Guardian","floor":16.0,"turns":9.0},{"damage":0.0,"enemies":"2 Thieves","floor":18.0,"turns":4.0},{"damage":0.0,"enemies":"3 Byrds","floor":21.0,"turns":5.0},{"damage":10.0,"enemies":"Cultist and Chosen","floor":22.0,"turns":5.0},{"damage":0.0,"enemies":"Shelled Parasite and Fungi","floor":24.0,"turns":4.0},{"damage":4.0,"enemies":"Centurion and Healer","floor":28.0,"turns":4.0},{"damage":23,"enemies":"Automaton","floor":33,"turns":7},{"damage":0,"enemies":"3 Darklings","floor":35,"turns":4},{"damage":0,"enemies":"3 Shapes","floor":36,"turns":3},{"damage":0,"enemies":"Transient","floor":38,"turns":5},{"damage":0,"enemies":"Jaw Worm Horde","floor":39,"turns":4},{"damage":0,"enemies":"Maw","floor":41,"turns":4},{"damage":0,"enemies":"Reptomancer","floor":45,"turns":5},{"damage":10,"enemies":"Awakened One","floor":50,"turns":7}],"seed_played":"3253279868976690086","potions_obtained":[{"floor":1.0,"key":"Fruit Juice"},{"floor":11.0,"key":"SpeedPotion"},{"floor":13.0,"key":"EssenceOfSteel"},{"floor":14.0,"key":"Strength Potion"},{"floor":16.0,"key":"Fire Potion"},{"floor":18.0,"key":"Poison Potion"},{"floor":35,"key":"Ancient Potion"},{"floor":37,"key":"Block Potion"}],"is_trial":false,"path_per_floor":["M","M","$","?","M","R","E","R","T","R","M","R","E","M","R","B",null,"M","?","$","M","M","R","M","R","T","R","M","?","T","$","R","B",null,"M","M","?","M","M","R","M","?","T","R","E","$","R","?","R","B",null],"character_chosen":"DEFECT","items_purchased":["DataDisk"],"campfire_rested":2,"item_purchase_floors":[20],"current_hp_per_floor":[53,52,52,49,43,43,8,32,32,56,49,49,49,49,49,49,80,80,40,40,40,30,30,30,30,30,30,26,36,36,36,36,13,50,50,50,50,50,50,50,50,50,50,50,50,50,50,50,50,40],"gold":115,"neow_bonus":"ONE_RARE_RELIC","is_prod":false,"is_daily":false,"chose_seed":false,"campfire_upgraded":11,"win_rate":0,"timestamp":1560370034,"path_taken":["M","M","$","?","M","R","E","R","T","R","M","R","E","M","R","BOSS","M","?","$","M","M","R","M","R","T","R","M","?","?","$","R","BOSS","M","M","?","M","?","R","M","?","T","R","E","?","R","?","R","BOSS"],"build_version":"2019-01-23","purchased_purges":4,"victory":true,"max_hp_per_floor":[80,80,80,80,80,80,80,80,80,80,80,80,80,80,80,80,80,80,40,40,40,40,40,40,40,40,40,40,50,50,50,50,50,50,50,50,50,50,50,50,50,50,50,50,50,50,50,50,50,50],"card_choices":[{"not_picked":["Cold Snap","Leap"],"picked":"Defragment","floor":1.0},{"not_picked":["Sunder","Redo"],"picked":"Darkness","floor":2.0},{"not_picked":["Force Field","Streamline"],"picked":"Loop","floor":5.0},{"not_picked":["Stack","Hello World","Static Discharge"],"picked":"SKIP","floor":7.0},{"not_picked":["Sweeping Beam","Capacitor"],"picked":"Glacier","floor":11.0},{"not_picked":["Storm","Turbo"],"picked":"Reboot","floor":13.0},{"not_picked":["Beam Cell","White Noise"],"picked":"Skim","floor":14.0},{"not_picked":["Stack","Gash","Streamline"],"picked":"SKIP","floor":14.0},{"not_picked":["All For One","Core Surge"],"picked":"Multi-Cast","floor":16.0},{"not_picked":["Cold Snap"],"picked":"SKIP","floor":18.0},{"not_picked":["Sweeping Beam"],"picked":"SKIP","floor":18.0},{"not_picked":["Conserve Battery+1"],"picked":"SKIP","floor":21.0},{"not_picked":["Sweeping Beam+1"],"picked":"SKIP","floor":21.0},{"not_picked":["Stack"],"picked":"SKIP","floor":22.0},{"not_picked":["Rebound"],"picked":"SKIP","floor":22.0},{"not_picked":["Cold Snap"],"picked":"SKIP","floor":24.0},{"not_picked":["Redo"],"picked":"SKIP","floor":24.0},{"not_picked":["Cold Snap"],"picked":"SKIP","floor":24.0},{"not_picked":["Redo"],"picked":"SKIP","floor":24.0},{"not_picked":["Fusion"],"picked":"SKIP","floor":28.0},{"not_picked":["Beam Cell+1"],"picked":"SKIP","floor":28.0},{"not_picked":["Gash+1"],"picked":"SKIP","floor":35},{"not_picked":["Beam Cell"],"picked":"SKIP","floor":35},{"not_picked":["Leap+1"],"picked":"SKIP","floor":36},{"not_picked":["Chaos+1"],"picked":"SKIP","floor":36},{"not_picked":["Stack+1"],"picked":"SKIP","floor":38},{"not_picked":["Steam+1"],"picked":"SKIP","floor":38},{"not_picked":["Redo"],"picked":"SKIP","floor":39},{"not_picked":["Barrage"],"picked":"SKIP","floor":39},{"not_picked":["Redo+1"],"picked":"SKIP","floor":41},{"not_picked":["Sweeping Beam"],"picked":"SKIP","floor":41},{"not_picked":["Hologram+1"],"picked":"SKIP","floor":45}],"player_experience":5131642,"relics_obtained":[{"floor":7.0,"key":"Cables"},{"floor":9.0,"key":"Dodecahedron"},{"floor":13.0,"key":"Prayer Wheel"},{"floor":26.0,"key":"Anchor"},{"floor":30.0,"key":"Mercury Hourglass"},{"floor":43,"key":"Regal Pillow"},{"floor":45,"key":"Vajra"}],"event_choices":[{"damage_healed":0.0,"max_hp_gain":0.0,"max_hp_loss":0.0,"gold_gain":0.0,"event_name":"Scrap Ooze","player_choice":"Success","floor":4.0,"gold_loss":0.0,"damage_taken":3.0,"relics_obtained":["Lantern"]},{"damage_healed":0.0,"max_hp_gain":0.0,"max_hp_loss":40.0,"gold_gain":0.0,"event_name":"Ghosts","player_choice":"Became a Ghost","floor":19.0,"gold_loss":0.0,"damage_taken":0.0,"cards_obtained":["Ghostly","Ghostly","Ghostly","Ghostly","Ghostly"]},{"damage_healed":0.0,"max_hp_gain":0.0,"max_hp_loss":0.0,"gold_gain":0.0,"event_name":"The Mausoleum","player_choice":"Opened","floor":29.0,"gold_loss":0.0,"damage_taken":0.0,"relics_obtained":["Pear"],"cards_obtained":["Writhe"]},{"damage_healed":0,"gold_gain":0,"player_choice":"Got Potions","damage_taken":0,"max_hp_gain":0,"max_hp_loss":0,"event_name":"Lab","floor":37,"gold_loss":0},{"damage_healed":0,"gold_gain":0,"player_choice":"Memory 1","damage_taken":0,"max_hp_gain":0,"max_hp_loss":0,"event_name":"SensoryStone","floor":42,"gold_loss":0},{"cards_removed":["Strike_B"],"damage_healed":0,"gold_gain":0,"player_choice":"Removed Attack","damage_taken":0,"max_hp_gain":0,"max_hp_loss":0,"event_name":"Falling","floor":48,"gold_loss":0}],"is_beta":false,"boss_relics":[{"not_picked":["White Beast Statue","Inserter"],"picked":"Busted Crown"},{"not_picked":["Fusion Hammer","Orrery"],"picked":"Runic Pyramid"}],"items_purged_floors":[3,20,31,46],"is_endless":false,"potions_floor_spawned":[1,11,13,14,16,18,24,28,35,39,41],"ascension_level":0}