{"gold_per_floor":[116,132,151,164,164,198,198,224,224,234,234,268,268,268,268,268],"floor_reached":16,"playtime":505,"items_purged":[],"score":210,"play_id":"1bd9b347-b977-4574-b24a-c688d6c55bf4","local_time":"20180722233232","is_ascension_mode":true,"campfire_choices":[{"floor":7,"key":"REST"},{"floor":11,"key":"REST"},{"data":"Neutralize","floor":13,"key":"SMITH"},{"data":"Predator","floor":15,"key":"SMITH"}],"neow_cost":"","seed_source_timestamp":23436567631402,"circlet_count":0,"master_deck":["Defend_G","Defend_G","Defend_G","Defend_G","Defend_G","Strike_G","Strike_G","Strike_G","Strike_G","Strike_G","Survivor","Neutralize+1","AscendersBane","Predator+1","Dagger Spray","Dash","Corpse Explosion"],"relics":["Ring of the Snake","Centennial Puzzle","Smiling Mask","Darkstone Periapt","Mercury Hourglass"],"potions_floor_usage":[8],"damage_taken":[{"damage":10,"enemies":"Cultist","floor":1,"turns":5},{"damage":4,"enemies":"2 Louse","floor":2,"turns":3},{"damage":12,"enemies":"Jaw Worm","floor":3,"turns":6},{"damage":11,"enemies":"Looter","floor":4,"turns":3},{"damage":31,"enemies":"3 Sentries","floor":6,"turns":8},{"damage":17,"enemies":"Gremlin Nob","floor":8,"turns":5},{"damage":5,"enemies":"3 Louse","floor":10,"turns":4},{"damage":5,"enemies":"3 Sentries","floor":12,"turns":7},{"damage":43,"enemies":"The Guardian","floor":16,"turns":11}],"seed_played":"1078706810469801986","potions_obtained":[{"floor":3,"key":"Ancient Potion"},{"floor":6,"key":"AttackPotion"}],"is_trial":false,"path_per_floor":["M","M","M","M","?","E","R","E","T","M","R","E","R","?","R"],"character_chosen":"THE_SILENT","items_purchased":[],"campfire_rested":2,"item_purchase_floors":[],"current_hp_per_floor":[49,45,33,22,44,13,32,15,15,10,29,24,24,24,24,0],"gold":268,"neow_bonus":"","is_prod":false,"is_daily":false,"chose_seed":false,"campfire_upgraded":2,"win_rate":0,"timestamp":1532273552,"path_taken":["M","M","M","M","?","E","R","E","T","M","R","E","R","?","R","BOSS"],"build_version":"2018-07-19","purchased_purges":0,"victory":false,"max_hp_per_floor":[66,66,66,66,66,66,66,66,66,66,66,66,66,66,66,66],"card_choices":[{"not_picked":["Acrobatics","Noxious Fumes"],"picked":"Predator","floor":1},{"not_picked":["Masterful Stab","Well Laid Plans"],"picked":"Dagger Spray","floor":2},{"not_picked":["PiercingWail","Dodge and Roll","Quick Slash"],"picked":"SKIP","floor":3},{"not_picked":["Riddle With Holes","Outmaneuver","Dodge and Roll"],"picked":"SKIP","floor":4},{"not_picked":["Dagger Spray","Accuracy"],"picked":"Dash","floor":6},{"not_picked":["Bouncing Flask","Underhanded Strike"],"picked":"Corpse Explosion","floor":8},{"not_picked":["Cloak And Dagger","Finisher","Underhanded Strike"],"picked":"SKIP","floor":10},{"not_picked":["Cloak And Dagger","Sucker Punch","Dagger Throw"],"picked":"SKIP","floor":12}],"player_experience":772581,"relics_obtained":[{"floor":6,"key":"Centennial Puzzle"},{"floor":8,"key":"Smiling Mask"},{"floor":9,"key":"Darkstone Periapt"},{"floor":12,"key":"Mercury Hourglass"}],"event_choices":[{"event_name":"Big Fish","player_choice":"Banana","floor":5,"damage_taken":0},{"event_name":"Liars Game","player_choice":"disagreed","floor":14,"damage_taken":0}],"is_beta":true,"boss_relics":[],"items_purged_floors":[],"is_endless":false,"potions_floor_spawned":[3,6],"killed_by":"The Guardian","ascension_level":15}