{"gold_per_floor":[113,113,188,32,48,77,77,102,102,172,197,197,210,222,222,320,320,332,332,0,19,19,19,32,48,48,48,48,48,60,60,60,159,209,219,219,265,265,265,265,185,205,229,243,20,32,51,62,62,62],"floor_reached":51,"playtime":8830,"items_purged":["Decay","Strike_B","Defend_B"],"score":665,"play_id":"6fe441ef-6fb6-424b-bb8e-65723ed7964d","local_time":"20190619155410","is_ascension_mode":false,"campfire_choices":[{"data":"Dualcast","floor":7,"key":"SMITH"},{"data":"Zap","floor":12,"key":"SMITH"},{"data":"Hologram","floor":15,"key":"SMITH"},{"data":"Multi-Cast","floor":23,"key":"SMITH"},{"data":"Capacitor","floor":27,"key":"SMITH"},{"data":"Auto Shields","floor":32,"key":"SMITH"},{"data":"Self Repair","floor":40,"key":"SMITH"},{"data":"Meteor Strike","floor":49,"key":"SMITH"}],"neow_cost":"NONE","seed_source_timestamp":13290984706119,"circlet_count":0,"master_deck":["Strike_B+1","Defend_B+1","Defend_B+1","Defend_B","Zap+1","Dualcast+1","Undo+1","Melter+1","Gash","Auto Shields+1","Gash","Multi-Cast+1","Capacitor+1","Hologram+1","Meteor Strike+1","Double Energy+1","Panacea+1","BootSequence+1","Self Repair+1","Ghostly+1","Ghostly+1","Ghostly+1","Ghostly+1","Ghostly+1","Core Surge","Recycle+1","Multi-Cast+1","Skim+1","Hologram+1","Coolheaded+1","Secret Technique+1","Finesse+1","Turbo+1","Skim+1"],"relics":["Cracked Core","Whetstone","Ice Cream","Nunchaku","The Courier","Meat on the Bone","Boot","Philosopher\u0027s Stone","Toxic Egg 2","War Paint","Tiny House","Calipers","Lantern","DataDisk"],"potions_floor_usage":[50,50,50,50],"damage_taken":[{"damage":2,"enemies":"2 Louse","floor":1,"turns":3},{"damage":1,"enemies":"Jaw Worm","floor":5,"turns":3},{"damage":8,"enemies":"Lagavulin","floor":6,"turns":7},{"damage":21,"enemies":"Gremlin Nob","floor":8,"turns":5},{"damage":10,"enemies":"3 Sentries","floor":11,"turns":7},{"damage":0,"enemies":"Cultist","floor":13,"turns":3},{"damage":7,"enemies":"Blue Slaver","floor":14,"turns":2},{"damage":5,"enemies":"Hexaghost","floor":16,"turns":9},{"damage":25,"enemies":"3 Byrds","floor":18,"turns":3},{"damage":0,"enemies":"Spheric Guardian","floor":21,"turns":1},{"damage":6,"enemies":"Centurion and Healer","floor":24,"turns":5},{"damage":9,"enemies":"Chosen and Byrds","floor":25,"turns":5},{"damage":0,"enemies":"3 Cultists","floor":30,"turns":4},{"damage":20,"enemies":"Collector","floor":33,"turns":11},{"damage":0,"enemies":"3 Shapes","floor":35,"turns":4},{"damage":22,"enemies":"2 Orb Walkers","floor":37,"turns":5},{"damage":4,"enemies":"Orb Walker","floor":42,"turns":5},{"damage":0,"enemies":"Jaw Worm Horde","floor":44,"turns":3},{"damage":1,"enemies":"Sphere and 2 Shapes","floor":46,"turns":3},{"damage":4,"enemies":"4 Shapes","floor":47,"turns":7},{"damage":0,"enemies":"Transient","floor":48,"turns":5},{"damage":1,"enemies":"Donu and Deca","floor":50,"turns":8}],"seed_played":"8887031741468806370","potions_obtained":[{"floor":8,"key":"PowerPotion"},{"floor":11,"key":"GamblersBrew"},{"floor":13,"key":"Dexterity Potion"},{"floor":30,"key":"EntropicBrew"},{"floor":42,"key":"Swift Potion"}],"is_trial":false,"path_per_floor":["M","?","?","$","M","E","R","E","T","T","E","R","M","M","R","B",null,"M","?","$","M","$","R","M","M","T","R","?","?","M","?","R","B",null,"M","?","?","?","?","R","$","M","T","M","$","M","M","M","R","B",null],"character_chosen":"DEFECT","items_purchased":["Whetstone","Toxic Egg 2","Panacea+1","DataDisk"],"campfire_rested":0,"item_purchase_floors":[4,20,20,45],"current_hp_per_floor":[73,78,67,67,66,58,58,37,37,37,39,39,51,44,44,51,80,55,55,55,55,55,55,49,52,52,52,40,40,40,40,40,39,45,45,43,40,30,30,30,30,36,36,36,36,35,41,43,43,43],"gold":62,"neow_bonus":"THREE_CARDS","is_prod":false,"is_daily":false,"chose_seed":false,"campfire_upgraded":8,"win_rate":0,"timestamp":1560930850,"path_taken":["M","?","?","$","M","E","R","E","T","?","E","R","M","?","R","BOSS","M","?","?","M","$","R","M","M","T","R","?","?","?","?","R","BOSS","M","?","?","?","?","R","$","M","T","M","$","M","?","M","R","BOSS"],"build_version":"2019-01-23","purchased_purges":3,"victory":true,"max_hp_per_floor":[75,80,80,80,80,80,80,80,80,80,80,80,80,80,80,80,80,80,80,80,80,80,80,80,80,80,80,40,40,40,40,40,40,45,45,43,43,43,43,43,43,43,43,43,43,43,43,43,43,43],"card_choices":[{"not_picked":["Sweeping Beam","Steam"],"picked":"Undo","floor":0},{"not_picked":["Compile Driver","Fusion"],"picked":"Melter","floor":1},{"not_picked":["Stack","BootSequence"],"picked":"Gash","floor":5},{"not_picked":["Conserve Battery","Reboot"],"picked":"Auto Shields","floor":6},{"not_picked":["Leap","Blizzard"],"picked":"Gash","floor":8},{"not_picked":["Coolheaded","Go for the Eyes"],"picked":"Multi-Cast","floor":11},{"not_picked":["Conserve Battery","Turbo"],"picked":"Capacitor","floor":13},{"not_picked":["Rebound","Go for the Eyes"],"picked":"Hologram","floor":14},{"not_picked":["Buffer","All For One"],"picked":"Meteor Strike","floor":16},{"not_picked":["Beam Cell","Gash"],"picked":"Double Energy+1","floor":18},{"not_picked":["FTL+1","Streamline+1"],"picked":"BootSequence+1","floor":21},{"not_picked":["Leap+1","Compile Driver","Steam+1"],"picked":"SKIP","floor":24},{"not_picked":["Stack+1","Compile Driver"],"picked":"Self Repair","floor":25},{"not_picked":["Stack+1","Blizzard"],"picked":"Recycle+1","floor":30},{"not_picked":["Fission+1","Electrodynamics"],"picked":"Multi-Cast+1","floor":33},{"not_picked":["Compile Driver","Streamline+1"],"picked":"Skim+1","floor":34},{"not_picked":["Hologram+1","White Noise+1","Stack+1"],"picked":"SKIP","floor":35},{"not_picked":["White Noise+1","Stack+1"],"picked":"Hologram+1","floor":35},{"not_picked":["Sweeping Beam+1","Barrage"],"picked":"Coolheaded+1","floor":37},{"not_picked":["Secret Weapon+1","Dark Shackles+1"],"picked":"Secret Technique+1","floor":38},{"not_picked":["Good Instincts+1","Enlightenment+1"],"picked":"Finesse+1","floor":38},{"not_picked":["Sweeping Beam","Scrape+1"],"picked":"Turbo+1","floor":42},{"not_picked":["Hologram+1","Machine Learning"],"picked":"Skim+1","floor":44},{"not_picked":["Ball Lightning+1","Steam+1","Stack+1"],"picked":"SKIP","floor":46},{"not_picked":["Coolheaded+1","Conserve Battery+1","Sunder"],"picked":"SKIP","floor":47},{"not_picked":["Storm","Steam+1","Rebound+1"],"picked":"SKIP","floor":48}],"player_experience":5448941,"relics_obtained":[{"floor":6,"key":"Ice Cream"},{"floor":8,"key":"Nunchaku"},{"floor":9,"key":"The Courier"},{"floor":10,"key":"Meat on the Bone"},{"floor":11,"key":"Boot"},{"floor":26,"key":"War Paint"},{"floor":37,"key":"Calipers"},{"floor":43,"key":"Lantern"}],"event_choices":[{"damage_healed":0,"gold_gain":0,"player_choice":"Donut","damage_taken":0,"max_hp_gain":5,"max_hp_loss":0,"event_name":"Big Fish","floor":2,"gold_loss":0},{"damage_healed":0,"gold_gain":75,"player_choice":"Gather Gold","damage_taken":11,"max_hp_gain":0,"max_hp_loss":0,"event_name":"World of Goop","floor":3,"gold_loss":0},{"damage_healed":0,"gold_gain":0,"player_choice":"Cursed","damage_taken":0,"max_hp_gain":0,"max_hp_loss":0,"event_name":"Wheel of Change","floor":19,"gold_loss":0,"cards_obtained":["Decay"]},{"damage_healed":0,"gold_gain":0,"player_choice":"Became a Ghost","damage_taken":0,"max_hp_gain":0,"max_hp_loss":40,"event_name":"Ghosts","floor":28,"gold_loss":0,"cards_obtained":["Ghostly","Ghostly","Ghostly","Ghostly","Ghostly"]},{"damage_healed":0,"gold_gain":0,"cards_transformed":["Strike_B"],"player_choice":"Transformed","damage_taken":0,"max_hp_gain":0,"max_hp_loss":0,"event_name":"Transmorgrifier","floor":29,"gold_loss":0,"cards_obtained":["Core Surge"]},{"damage_healed":0,"gold_gain":0,"player_choice":"Ignored","damage_taken":0,"max_hp_gain":0,"max_hp_loss":0,"event_name":"Vampires","floor":31,"gold_loss":0},{"damage_healed":0,"gold_gain":0,"player_choice":"Max HP","damage_taken":0,"max_hp_gain":0,"max_hp_loss":2,"event_name":"Winding Halls","floor":36,"gold_loss":0},{"damage_healed":0,"gold_gain":0,"player_choice":"Fight","damage_taken":0,"max_hp_gain":0,"max_hp_loss":0,"event_name":"Mysterious Sphere","floor":37,"gold_loss":0},{"damage_healed":0,"gold_gain":0,"player_choice":"Memory 3","damage_taken":10,"max_hp_gain":0,"max_hp_loss":0,"event_name":"SensoryStone","floor":38,"gold_loss":0},{"cards_removed":["Strike_B"],"damage_healed":0,"gold_gain":0,"player_choice":"Purged","damage_taken":0,"max_hp_gain":0,"max_hp_loss":0,"event_name":"Purifier","floor":39,"gold_loss":0}],"is_beta":false,"boss_relics":[{"not_picked":["FrozenCore","Calling Bell"],"picked":"Philosopher\u0027s Stone"},{"not_picked":["White Beast Statue","Lizard Tail"],"picked":"Tiny House"}],"items_purged_floors":[20,41,45],"is_endless":false,"potions_floor_spawned":[8,11,13,16,25,30,35,42,47],"ascension_level":0}