{"gold_per_floor":[118,118,129,141,159,159,172,206,206,206,206,217,217,230,230,301,301,316,316],"floor_reached":19,"playtime":777,"items_purged":[],"score":358,"play_id":"1f5e1e08-cca6-4682-b08d-3257b87b463c","local_time":"20181215211100","is_ascension_mode":true,"campfire_choices":[{"floor":6.0,"key":"REST"},{"floor":10,"key":"REST"},{"data":"Chaos","floor":13,"key":"SMITH"},{"data":"Chaos","floor":15,"key":"SMITH"}],"neow_cost":"NONE","seed_source_timestamp":4107389600166,"circlet_count":0,"master_deck":["AscendersBane","Zap","Dualcast","Rip and Tear","Chaos","Creative AI+1","Machine Learning","Hello World","Chaos+1","Hologram","Recycle","Leap","Machine Learning","Capacitor","Turbo","Ball Lightning","Chaos+1","Hello World","Chaos","Core Surge","Consume+1"],"special_seed":0,"relics":["Pandora\u0027s Box","Bag of Preparation","Sozu"],"potions_floor_usage":[8,8,12],"damage_taken":[{"damage":14.0,"enemies":"Jaw Worm","floor":1.0,"turns":3.0},{"damage":0.0,"enemies":"2 Louse","floor":3.0,"turns":2.0},{"damage":9.0,"enemies":"Cultist","floor":4.0,"turns":5.0},{"damage":20.0,"enemies":"Exordium Thugs","floor":5.0,"turns":4.0},{"damage":39.0,"enemies":"Lots of Slimes","floor":7.0,"turns":6.0},{"damage":0,"enemies":"Gremlin Nob","floor":8,"turns":2},{"damage":6,"enemies":"3 Louse","floor":12,"turns":3},{"damage":14,"enemies":"Red Slaver","floor":14,"turns":3},{"damage":3,"enemies":"Hexaghost","floor":16,"turns":9},{"damage":3,"enemies":"Chosen","floor":18,"turns":4},{"damage":66,"enemies":"Masked Bandits","floor":19,"turns":3}],"seed_played":"1718732589665800020","potions_obtained":[{"floor":1.0,"key":"Fire Potion"},{"floor":5.0,"key":"Fire Potion"},{"floor":11,"key":"Fire Potion"},{"floor":11,"key":"Ancient Potion"},{"floor":12,"key":"Poison Potion"},{"floor":14,"key":"FocusPotion"}],"is_trial":false,"path_per_floor":["M","?","M","M","M","R","M","E","T","R","?","M","R","M","R","B",null,"M","?"],"character_chosen":"DEFECT","items_purchased":[],"campfire_rested":2,"item_purchase_floors":[],"current_hp_per_floor":[50,50,50,41,21,42,3,3,3,24,24,18,18,4,4,1,54,51,0],"gold":316,"neow_bonus":"BOSS_RELIC","is_prod":false,"is_daily":false,"chose_seed":false,"campfire_upgraded":2,"win_rate":0,"timestamp":1544879460,"path_taken":["M","?","M","M","M","R","M","E","T","R","?","M","R","?","R","BOSS","M","?"],"build_version":"2018-12-13","purchased_purges":0,"victory":false,"max_hp_per_floor":[71,71,71,71,71,71,71,71,71,71,71,71,71,71,71,71,71,71,71],"card_choices":[{"not_picked":["Turbo","Stack"],"picked":"Leap","floor":1.0},{"not_picked":["Conserve Battery","Genetic Algorithm"],"picked":"Machine Learning","floor":3.0},{"not_picked":["Gash","Sweeping Beam"],"picked":"Capacitor","floor":4.0},{"not_picked":["Heatsinks","Go for the Eyes"],"picked":"Turbo","floor":5.0},{"not_picked":["Turbo","Steam"],"picked":"Ball Lightning","floor":7.0},{"not_picked":["Streamline","Blizzard"],"picked":"Chaos","floor":8},{"not_picked":["Steam","Redo"],"picked":"Hello World","floor":12},{"not_picked":["Ball Lightning","Rebound"],"picked":"Chaos","floor":14},{"not_picked":["All For One","Biased Cognition"],"picked":"Core Surge","floor":16},{"not_picked":["Sweeping Beam","Cold Snap"],"picked":"Consume+1","floor":18}],"player_experience":1271926,"relics_obtained":[{"floor":8,"key":"Bag of Preparation"}],"event_choices":[{"damage_healed":0.0,"max_hp_gain":0.0,"max_hp_loss":0.0,"gold_gain":0.0,"event_name":"Living Wall","player_choice":"Grow","floor":2.0,"gold_loss":0.0,"damage_taken":0.0,"cards_upgraded":["Creative AI"]},{"damage_healed":0,"gold_gain":0,"player_choice":"Got Potions","damage_taken":0,"max_hp_gain":0,"max_hp_loss":0,"event_name":"Lab","floor":11,"gold_loss":0},{"damage_healed":0,"gold_gain":0,"player_choice":"Fought Bandits","damage_taken":0,"max_hp_gain":0,"max_hp_loss":0,"event_name":"Masked Bandits","floor":19,"gold_loss":0}],"is_beta":false,"boss_relics":[{"not_picked":["Astrolabe","Velvet Choker"],"picked":"Sozu"}],"items_purged_floors":[],"is_endless":false,"potions_floor_spawned":[1,5,12,14,16],"killed_by":"Masked Bandits","ascension_level":14}