{"gold_per_floor":[118,134,144,144,161,161,189,189,266,278,278,278,50,50],"floor_reached":14,"playtime":255,"items_purged":[],"score":180,"play_id":"26b9a602-5046-4d79-994b-b6d97ecaa22f","local_time":"20190302171313","is_ascension_mode":true,"campfire_choices":[{"data":"Defragment","floor":6,"key":"SMITH"},{"data":"Dualcast","floor":8,"key":"SMITH"},{"data":"Barrage","floor":11,"key":"SMITH"}],"neow_cost":"NONE","seed_source_timestamp":179024856053949,"circlet_count":0,"master_deck":["AscendersBane","Strike_B","Strike_B","Strike_B","Defend_B","Defend_B","Defend_B","Defend_B","Zap+1","Dualcast+1","Defragment+1","Turbo","Barrage+1","Leap","Chill","Compile Driver"],"relics":["Cracked Core","NeowsBlessing","Tiny Chest","OrangePellets"],"potions_floor_usage":[7,14],"damage_taken":[{"damage":0,"enemies":"Jaw Worm","floor":1,"turns":1},{"damage":0,"enemies":"Cultist","floor":2,"turns":1},{"damage":0,"enemies":"Small Slimes","floor":3,"turns":1},{"damage":8,"enemies":"Red Slaver","floor":5,"turns":3},{"damage":35,"enemies":"Lagavulin","floor":7,"turns":8},{"damage":2,"enemies":"2 Fungi Beasts","floor":10,"turns":2},{"damage":20,"enemies":"Gremlin Gang","floor":14,"turns":4}],"seed_played":"6148906350518287864","potions_obtained":[{"floor":1,"key":"FearPotion"},{"floor":3,"key":"Weak Potion"},{"floor":10,"key":"GamblersBrew"}],"is_trial":false,"path_per_floor":["M","M","M","?","M","R","E","R","T","M","R","?","$","M"],"character_chosen":"DEFECT","items_purchased":["OrangePellets"],"campfire_rested":0,"item_purchase_floors":[13],"current_hp_per_floor":[64,64,64,64,56,56,21,21,21,19,19,19,19,0],"gold":50,"neow_bonus":"THREE_ENEMY_KILL","is_prod":false,"is_daily":false,"chose_seed":false,"campfire_upgraded":3,"win_rate":0,"timestamp":1551517993,"path_taken":["M","M","M","?","M","R","E","R","T","?","R","?","$","?"],"build_version":"2019-01-23","purchased_purges":0,"victory":false,"max_hp_per_floor":[71,71,71,71,71,71,71,71,71,71,71,71,71,71],"card_choices":[{"not_picked":["Rip and Tear","Steam"],"picked":"Defragment","floor":1},{"not_picked":["Fusion","Gash"],"picked":"Turbo","floor":2},{"not_picked":["Doom and Gloom","Stack"],"picked":"Barrage","floor":3},{"not_picked":["Static Discharge","Rebound"],"picked":"Leap","floor":5},{"not_picked":["Undo","Turbo"],"picked":"Chill","floor":7},{"not_picked":["Go for the Eyes","Hologram"],"picked":"Compile Driver","floor":10}],"player_experience":1074175,"relics_obtained":[{"floor":9,"key":"Tiny Chest"}],"event_choices":[{"damage_healed":0,"gold_gain":0,"player_choice":"Upgraded","damage_taken":0,"max_hp_gain":0,"max_hp_loss":0,"event_name":"Upgrade Shrine","floor":4,"gold_loss":0,"cards_upgraded":["Zap"]},{"cards_removed":["Strike_B"],"damage_healed":0,"gold_gain":0,"player_choice":"Purged","damage_taken":0,"max_hp_gain":0,"max_hp_loss":0,"event_name":"Purifier","floor":12,"gold_loss":0}],"is_beta":false,"boss_relics":[],"items_purged_floors":[],"is_endless":false,"potions_floor_spawned":[1,3,10],"killed_by":"Gremlin Gang","ascension_level":20}