{"path_per_floor":["M","?","?","M","M","M","?","E","T","$","R","M","E","$","R","B",null,"M","M","M","$","M","E","M","M","T","?","R","?"],"character_chosen":"THE_SILENT","items_purchased":["Toxic Egg 2","Cloak And Dagger"],"gold_per_floor":[144,144,144,189,234,279,229,319,369,44,44,89,179,27,27,327,327,372,417,462,337,382,472,517,562,587,512,512,512,512],"floor_reached":30,"campfire_rested":3,"playtime":1225,"current_hp_per_floor":[70,56,56,56,52,51,51,35,35,35,65,62,58,58,60,37,60,60,56,44,44,35,22,15,3,3,3,55,46,0],"items_purged":["Strike_G","Defend_G","Chaos"],"gold":512,"score":287,"play_id":"c7e16602-390f-48b0-a61e-f255f8db64fa","local_time":"20180518211938","daily_mods":["Diverse","Midas","Night Terrors"],"is_prod":false,"is_daily":true,"chose_seed":false,"is_ascension_mode":false,"campfire_upgraded":0,"timestamp":1526649578,"campfire_choices":[{"floor":11,"key":"REST"},{"floor":15,"key":"REST"},{"floor":28,"key":"REST"}],"path_taken":["M","?","?","M","M","M","?","E","T","$","R","?","E","$","R","BOSS","M","?","M","$","M","E","M","M","T","?","R","?","E"],"build_version":"2018-05-17","seed_source_timestamp":0,"purchased_purges":3,"victory":false,"master_deck":["Defend_G","Defend_G","Strike_G","Strike_G","Strike_G+1","Strike_G","Survivor+1","Neutralize","Rebound","Dagger Throw","Clash","All Out Attack","Headbutt","Recycle+1","Cloak And Dagger+1","Echo Form","Skim+1","Clash+1","Terror+1"],"max_hp_per_floor":[70,70,70,70,70,70,70,70,70,70,65,65,65,65,60,60,60,60,60,60,60,60,60,60,60,60,60,55,60,60],"relics":["Ring of the Snake","Paper Crane","Bag of Preparation","Toxic Egg 2","Calipers","Sozu","Regal Pillow","Omamori"],"card_choices":[{"not_picked":["Ball Lightning","Pommel Strike"],"picked":"Rebound","floor":1},{"not_picked":["Leg Sweep","Sucker Punch"],"picked":"Dagger Throw","floor":4},{"not_picked":["Clothesline","Deadly Poison"],"picked":"Clash","floor":5},{"not_picked":["Coolheaded","Spot Weakness","Perfected Strike"],"picked":"SKIP","floor":6},{"not_picked":["Quick Slash","Malaise"],"picked":"All Out Attack","floor":8},{"not_picked":["Tools of the Trade","Whirlwind"],"picked":"Headbutt","floor":12},{"not_picked":["Poisoned Stab","Sunder"],"picked":"Recycle+1","floor":13},{"not_picked":["Envenom","Thunder Strike"],"picked":"Echo Form","floor":16},{"not_picked":["True Grit+1","Flex+1"],"picked":"Skim+1","floor":18},{"not_picked":["Intimidate+1","Turbo+1"],"picked":"Chaos+1","floor":19},{"not_picked":["Cloak And Dagger+1","Slice+1"],"picked":"Clash+1","floor":20},{"not_picked":["Quick Slash","Melter","Leap+1"],"picked":"SKIP","floor":22},{"not_picked":["Infernal Blade+1","Endless Agony","Conserve Battery+1"],"picked":"SKIP","floor":23},{"not_picked":["Anger+1","Beam Cell","Inflame"],"picked":"SKIP","floor":24},{"not_picked":["Reprogram+1","Flechettes+1"],"picked":"Terror+1","floor":25}],"player_experience":480717,"potions_floor_usage":[16],"damage_taken":[{"damage":0,"enemies":"Cultist","floor":1,"turns":4},{"damage":0,"enemies":"2 Louse","floor":4,"turns":2},{"damage":4,"enemies":"Small Slimes","floor":5,"turns":4},{"damage":1,"enemies":"3 Louse","floor":6,"turns":2},{"damage":16,"enemies":"3 Sentries","floor":8,"turns":6},{"damage":3,"enemies":"Lots of Slimes","floor":12,"turns":2},{"damage":4,"enemies":"Lagavulin","floor":13,"turns":6},{"damage":23,"enemies":"Hexaghost","floor":16,"turns":9},{"damage":0,"enemies":"Shell Parasite","floor":18,"turns":4},{"damage":4,"enemies":"2 Thieves","floor":19,"turns":2},{"damage":12,"enemies":"Centurion and Healer","floor":20,"turns":6},{"damage":9,"enemies":"3 Cultists","floor":22,"turns":4},{"damage":13,"enemies":"Slavers","floor":23,"turns":4},{"damage":7,"enemies":"Snake Plant","floor":24,"turns":4},{"damage":12,"enemies":"Snecko","floor":25,"turns":4},{"damage":48,"enemies":"Gremlin Leader","floor":30,"turns":4}],"relics_obtained":[{"floor":8,"key":"Paper Crane"},{"floor":9,"key":"Bag of Preparation"},{"floor":13,"key":"Calipers"},{"floor":23,"key":"Regal Pillow"},{"floor":26,"key":"Omamori"}],"event_choices":[{"event_name":"Shining Light","player_choice":"Entered Light","floor":2,"damage_taken":0},{"event_name":"Liars Game","player_choice":"disagreed","floor":3,"damage_taken":0},{"event_name":"The Cleric","player_choice":"Card Removal","floor":7,"damage_taken":0},{"event_name":"Beggar","player_choice":"Gave Gold","floor":27,"damage_taken":0},{"event_name":"Forgotten Altar","player_choice":"Shed Blood","floor":29,"damage_taken":0}],"boss_relics":[{"not_picked":["Lizard Tail","White Beast Statue"],"picked":"Sozu"}],"potions_floor_spawned":[4,5,12,13,18,23,25],"seed_played":"-1719172220029587943","killed_by":"Gremlin Leader","ascension_level":0,"potions_obtained":[{"floor":4,"key":"Strength Potion"},{"floor":5,"key":"Poison Potion"},{"floor":12,"key":"AttackPotion"}],"is_trial":false}