{"gold_per_floor":[367,367,385,230,230,230,246,246,246,270,195,195,195,214,214,308,308,324,324,82,122,117,117,142,142,142,142,183,183,183,203,203,296,296,317,342,675,897,274,274,302,302,383,400,400,428,428,440,440,440,440,440,2,27,27],"floor_reached":55,"playtime":2770,"items_purged":["Strike_R","Defend_R","Bash+1"],"score":1304,"play_id":"eb5cf0bc-ce2a-4ee9-95e9-f9346425e6c8","local_time":"20190303164002","is_ascension_mode":true,"campfire_choices":[{"data":"Rampage","floor":6.0,"key":"SMITH"},{"data":"True Grit","floor":8.0,"key":"SMITH"},{"data":"True Grit","floor":13.0,"key":"SMITH"},{"data":"Bash","floor":15.0,"key":"SMITH"},{"data":"Immolate","floor":23.0,"key":"SMITH"},{"data":"Feel No Pain","floor":25.0,"key":"SMITH"},{"data":"Shrug It Off","floor":27.0,"key":"SMITH"},{"data":"Shrug It Off","floor":30.0,"key":"SMITH"},{"data":"Clash","floor":32.0,"key":"SMITH"},{"data":"Seeing Red","floor":40.0,"key":"SMITH"},{"data":"Clash","floor":42.0,"key":"SMITH"},{"floor":45.0,"key":"RECALL"},{"data":"Fiend Fire","floor":49.0,"key":"SMITH"},{"floor":52.0,"key":"REST"}],"neow_cost":"TEN_PERCENT_HP_LOSS","seed_source_timestamp":16769904596679,"circlet_count":0,"master_deck":["AscendersBane","True Grit+1","True Grit+1","Rampage+1","Shrug It Off+1","Clash+1","Immolate+1","Clothesline+1","Metallicize+1","Carnage+1","Warcry+1","Feel No Pain+1","Shrug It Off+1","Clash+1","Burning Pact+1","Seeing Red+1","Shrug It Off+1","Dual Wield+1","Sentinel+1","Fiend Fire+1","Rage","Corruption","Deep Breath","Chrysalis","Berserk"],"special_seed":0,"relics":["Burning Blood","Letter Opener","Astrolabe","Red Mask","Pocketwatch","Meat on the Bone","Kunai","Empty Cage","Ornamental Fan","Dodecahedron","Bottled Lightning","Pantograph","Charon\u0027s Ashes"],"potions_floor_usage":[],"damage_taken":[{"damage":9.0,"enemies":"2 Louse","floor":1.0,"turns":3.0},{"damage":2.0,"enemies":"Small Slimes","floor":3.0,"turns":4.0},{"damage":3.0,"enemies":"Jaw Worm","floor":7.0,"turns":5.0},{"damage":3.0,"enemies":"Blue Slaver","floor":10.0,"turns":4.0},{"damage":17.0,"enemies":"Exordium Wildlife","floor":14.0,"turns":11.0},{"damage":24.0,"enemies":"The Guardian","floor":16.0,"turns":9.0},{"damage":20.0,"enemies":"3 Byrds","floor":18.0,"turns":7.0},{"damage":0.0,"enemies":"Masked Bandits","floor":21.0,"turns":2.0},{"damage":8.0,"enemies":"2 Thieves","floor":22.0,"turns":4.0},{"damage":14.0,"enemies":"Shelled Parasite and Fungi","floor":24.0,"turns":8.0},{"damage":13.0,"enemies":"Book of Stabbing","floor":28.0,"turns":6.0},{"damage":2.0,"enemies":"3 Cultists","floor":31.0,"turns":6.0},{"damage":29.0,"enemies":"Automaton","floor":33.0,"turns":10.0},{"damage":0.0,"enemies":"Orb Walker","floor":35.0,"turns":6.0},{"damage":15.0,"enemies":"3 Darklings","floor":36.0,"turns":6.0},{"damage":34.0,"enemies":"Reptomancer","floor":41.0,"turns":7.0},{"damage":11.0,"enemies":"Sphere and 2 Shapes","floor":44.0,"turns":3.0},{"damage":42.0,"enemies":"Giant Head","floor":46.0,"turns":8.0},{"damage":0.0,"enemies":"4 Shapes","floor":48.0,"turns":5.0},{"damage":71.0,"enemies":"Donu and Deca","floor":50.0,"turns":11.0},{"damage":36.0,"enemies":"Shield and Spear","floor":54.0,"turns":6.0},{"damage":67,"enemies":"The Heart","floor":55,"turns":5}],"seed_played":"1465057252943567948","potions_obtained":[{"floor":14.0,"key":"Swift Potion"},{"floor":16.0,"key":"Strength Potion"},{"floor":22.0,"key":"LiquidBronze"},{"floor":31.0,"key":"AttackPotion"},{"floor":35.0,"key":"FearPotion"},{"floor":48.0,"key":"Regen Potion"}],"is_trial":false,"path_per_floor":["M","?","M","$","?","R","M","R","T","M","?","?","R","M","R","B",null,"M","?","$","?","M","R","M","R","T","R","E","T","R","M","R","B",null,"M","M","?","?","$","R","E","R","T","M","R","E","?","M","R","B",null,"R","$","E","B"],"character_chosen":"IRONCLAD","items_purchased":["Rampage","Feel No Pain","Shrug It Off","AttackPotion","Ornamental Fan","Dodecahedron","Rage","Corruption","Deep Breath","Chrysalis","Swift Potion"],"campfire_rested":1,"item_purchase_floors":[4,20,20,20,39,39,53,53,53,53,53],"current_hp_per_floor":[65,58,62,62,62,62,62,62,62,62,62,67,67,56,56,38,60,46,46,46,52,50,50,42,42,42,42,35,35,35,51,51,40,60,66,57,57,57,57,57,41,41,41,48,48,24,24,42,42,26,57,67,67,49,0],"gold":27,"neow_bonus":"TWO_FIFTY_GOLD","is_prod":false,"is_daily":false,"chose_seed":false,"campfire_upgraded":12,"win_rate":0,"timestamp":1551602402,"path_taken":["M","?","M","$","?","R","M","R","T","M","?","?","R","M","R","BOSS","M","?","$","?","M","R","M","R","T","R","E","?","R","?","R","BOSS","M","?","?","?","$","R","E","R","T","M","R","E","?","M","R","BOSS","R","$","E","BOSS"],"build_version":"2019-01-23","purchased_purges":3,"victory":false,"max_hp_per_floor":[68,68,68,68,62,62,62,62,62,62,62,67,67,67,67,67,67,67,67,67,67,67,67,67,67,67,67,67,67,67,67,67,67,67,67,67,67,67,67,67,67,67,67,67,67,67,67,67,67,67,67,67,67,67,67],"card_choices":[{"not_picked":["Havoc","Wild Strike"],"picked":"True Grit","floor":1.0},{"not_picked":["Clothesline","Pommel Strike"],"picked":"True Grit","floor":3.0},{"not_picked":["Heavy Blade","Wild Strike"],"picked":"Shrug It Off","floor":7.0},{"not_picked":["Clothesline","Sword Boomerang","Corruption"],"picked":"SKIP","floor":10.0},{"not_picked":["Searing Blow","Warcry"],"picked":"Clash","floor":14.0},{"not_picked":["Impervious","Reaper"],"picked":"Immolate","floor":16.0},{"not_picked":["Clash","Anger"],"picked":"Warcry+1","floor":18.0},{"not_picked":["Reckless Charge","Wild Strike","Shrug It Off"],"picked":"SKIP","floor":22.0},{"not_picked":["Perfected Strike","Rage"],"picked":"Clash","floor":24.0},{"not_picked":["Infernal Blade","Shockwave"],"picked":"Burning Pact+1","floor":28.0},{"not_picked":["Reckless Charge","Headbutt","Shrug It Off"],"picked":"SKIP","floor":31.0},{"not_picked":["Sword Boomerang","Cleave"],"picked":"Seeing Red","floor":35.0},{"not_picked":["Flame Barrier+1","Pommel Strike"],"picked":"Shrug It Off+1","floor":36.0},{"not_picked":["Searing Blow","Burning Pact+1"],"picked":"Dual Wield+1","floor":41.0},{"not_picked":["Armaments","Cleave+1"],"picked":"Sentinel+1","floor":44.0},{"not_picked":["Thunderclap","Iron Wave+1"],"picked":"Fiend Fire","floor":46.0},{"not_picked":["Clothesline+1","Perfected Strike","Heavy Blade+1"],"picked":"SKIP","floor":48.0},{"not_picked":["Sever Soul","Thunderclap","Berserk"],"picked":"SKIP","floor":54.0},{"not_picked":["Sever Soul","Thunderclap"],"picked":"Berserk","floor":54.0}],"player_experience":3279737,"relics_obtained":[{"floor":9.0,"key":"Letter Opener"},{"floor":21.0,"key":"Red Mask"},{"floor":26.0,"key":"Pocketwatch"},{"floor":28.0,"key":"Meat on the Bone"},{"floor":29.0,"key":"Kunai"},{"floor":41.0,"key":"Bottled Lightning"},{"floor":46.0,"key":"Pantograph"},{"floor":54.0,"key":"Charon\u0027s Ashes"}],"event_choices":[{"cards_removed":["Strike_R"],"damage_healed":0.0,"max_hp_gain":0.0,"max_hp_loss":0.0,"gold_gain":0.0,"event_name":"Golden Wing","player_choice":"Card Removal","floor":2.0,"gold_loss":0.0,"damage_taken":7.0},{"damage_healed":0.0,"max_hp_gain":0.0,"max_hp_loss":6.0,"gold_gain":0.0,"event_name":"Golden Idol","player_choice":"Lose Max HP","floor":5.0,"gold_loss":0.0,"damage_taken":0.0,"relics_obtained":["Golden Idol"]},{"cards_removed":["Strike_R"],"damage_healed":0.0,"max_hp_gain":0.0,"max_hp_loss":0.0,"gold_gain":0.0,"event_name":"The Cleric","player_choice":"Card Removal","floor":11.0,"gold_loss":75.0,"damage_taken":0.0},{"damage_healed":0.0,"max_hp_gain":5.0,"max_hp_loss":0.0,"gold_gain":0.0,"event_name":"Big Fish","player_choice":"Donut","floor":12.0,"gold_loss":0.0,"damage_taken":0.0},{"damage_healed":0.0,"max_hp_gain":0.0,"max_hp_loss":0.0,"gold_gain":0.0,"event_name":"The Mausoleum","player_choice":"Ignored","floor":19.0,"gold_loss":0.0,"damage_taken":0.0},{"damage_healed":0.0,"max_hp_gain":0.0,"max_hp_loss":0.0,"gold_gain":0.0,"event_name":"Masked Bandits","player_choice":"Fought Bandits","floor":21.0,"gold_loss":0.0,"damage_taken":0.0},{"damage_healed":0.0,"max_hp_gain":0.0,"max_hp_loss":0.0,"gold_gain":333.0,"event_name":"The Moai Head","player_choice":"Gave Idol","floor":37.0,"relics_lost":["Golden Idol"],"gold_loss":0.0,"damage_taken":0.0},{"damage_healed":0.0,"max_hp_gain":0.0,"max_hp_loss":0.0,"gold_gain":222.0,"event_name":"Tomb of Lord Red Mask","player_choice":"Wore Mask","floor":38.0,"gold_loss":0.0,"damage_taken":0.0},{"damage_healed":0.0,"max_hp_gain":0.0,"max_hp_loss":0.0,"gold_gain":0.0,"event_name":"Mysterious Sphere","player_choice":"Ignored","floor":47.0,"gold_loss":0.0,"damage_taken":0.0}],"is_beta":false,"boss_relics":[{"not_picked":["Lizard Tail","White Beast Statue"],"picked":"Astrolabe"},{"not_picked":["Black Star","Snecko Eye"],"picked":"Empty Cage"}],"items_purged_floors":[4,20,39],"is_endless":false,"potions_floor_spawned":[14,16,22,31,35,48],"killed_by":"The Heart","ascension_level":15}