{"gold_per_floor":[118,138,158,158,168,168,201,201,228,228,242,242,270,286,286,286],"floor_reached":16,"playtime":649,"items_purged":[],"score":224,"play_id":"d491b57a-c884-4d0c-8ad6-fda2ff946722","local_time":"20181223145910","is_ascension_mode":true,"campfire_choices":[{"data":"Acrobatics","floor":6,"key":"SMITH"},{"data":"Acrobatics","floor":8,"key":"SMITH"},{"data":"Reflex","floor":12,"key":"SMITH"},{"data":"Panache","floor":15,"key":"SMITH"}],"neow_cost":"TEN_PERCENT_HP_LOSS","seed_source_timestamp":13326616803405,"circlet_count":0,"master_deck":["AscendersBane","Defend_G","Defend_G","Defend_G","Defend_G","Defend_G","Strike_G","Strike_G","Strike_G","Strike_G","Survivor","Neutralize","Panache+1","Panacea","Acrobatics+1","Acrobatics+1","Tactician+1","Tactician","Reflex+1","Concentrate"],"relics":["Ring of the Snake","Blood Vial","Omamori"],"potions_floor_usage":[7],"damage_taken":[{"damage":2,"enemies":"Cultist","floor":1,"turns":5},{"damage":1,"enemies":"Jaw Worm","floor":2,"turns":6},{"damage":4,"enemies":"2 Louse","floor":3,"turns":4},{"damage":7,"enemies":"Gremlin Gang","floor":5,"turns":3},{"damage":14,"enemies":"3 Sentries","floor":7,"turns":9},{"damage":4,"enemies":"Red Slaver","floor":11,"turns":4},{"damage":16,"enemies":"Gremlin Nob","floor":13,"turns":4},{"damage":15,"enemies":"3 Louse","floor":14,"turns":3},{"damage":36,"enemies":"The Guardian","floor":16,"turns":2}],"seed_played":"7516321185770019832","potions_obtained":[{"floor":1,"key":"Weak Potion"},{"floor":5,"key":"Energy Potion"},{"floor":7,"key":"EssenceOfSteel"}],"is_trial":false,"path_per_floor":["M","M","M","?","M","R","E","R","T","?","M","R","E","M","R","B"],"character_chosen":"THE_SILENT","items_purchased":[],"campfire_rested":0,"item_purchase_floors":[],"current_hp_per_floor":[57,56,52,52,45,45,31,31,31,31,29,29,15,2,2,0],"gold":286,"neow_bonus":"RANDOM_COLORLESS_2","is_prod":false,"is_daily":false,"chose_seed":false,"campfire_upgraded":4,"win_rate":0,"timestamp":1545548350,"path_taken":["M","M","?","?","M","R","E","R","T","?","M","R","E","M","R","BOSS"],"build_version":"2018-12-20","purchased_purges":0,"victory":false,"max_hp_per_floor":[60,60,60,60,60,60,60,60,60,60,60,60,60,60,60,60],"card_choices":[{"not_picked":["Blade Dance","Sucker Punch"],"picked":"Acrobatics","floor":1},{"not_picked":["Poisoned Stab","Sucker Punch"],"picked":"Acrobatics","floor":2},{"not_picked":["Expertise","PiercingWail","Sucker Punch"],"picked":"SKIP","floor":3},{"not_picked":["Finisher","Reflex"],"picked":"Tactician","floor":5},{"not_picked":["Escape Plan","Glass Knife"],"picked":"Reflex","floor":7},{"not_picked":["Underhanded Strike","Deadly Poison"],"picked":"Concentrate","floor":11},{"not_picked":["Blur","Blade Dance","Infinite Blades"],"picked":"SKIP","floor":13},{"not_picked":["PiercingWail","Eviscerate","Slice"],"picked":"SKIP","floor":14}],"player_experience":1429364,"relics_obtained":[{"floor":7,"key":"Blood Vial"},{"floor":13,"key":"Omamori"}],"event_choices":[{"damage_healed":0,"gold_gain":0,"cards_transformed":["Strike_G"],"player_choice":"Change","damage_taken":0,"max_hp_gain":0,"max_hp_loss":0,"event_name":"Living Wall","floor":4,"gold_loss":0,"cards_obtained":["Tactician"]},{"damage_healed":0,"gold_gain":0,"player_choice":"Forge","damage_taken":0,"max_hp_gain":0,"max_hp_loss":0,"event_name":"Accursed Blacksmith","floor":10,"gold_loss":0,"cards_upgraded":["Tactician"]}],"is_beta":false,"boss_relics":[],"items_purged_floors":[],"is_endless":false,"potions_floor_spawned":[1,5,7],"killed_by":"The Guardian","ascension_level":20}