{"gold_per_floor":[116,116,132,57,207,207,238,138,161,161,161,180,209,228,228,304,304,319,339,358,233,233],"floor_reached":22,"playtime":748,"items_purged":["Pain","Doubt","Strike_B"],"score":438,"play_id":"87d23b23-fea6-4f8f-8639-c5f362ee764a","local_time":"20190122105255","is_ascension_mode":true,"campfire_choices":[{"data":"Streamline","floor":6.0,"key":"SMITH"},{"data":"Zap","floor":11.0,"key":"SMITH"},{"floor":15.0,"key":"REST"}],"neow_cost":"NONE","seed_source_timestamp":1600845707631,"circlet_count":0,"master_deck":["AscendersBane","Strike_B","Strike_B","Strike_B","Defend_B","Defend_B","Defend_B","Defend_B","Zap+1","Dualcast","Streamline+1","Recycle","Genetic Algorithm","Loop","Coolheaded","Capacitor","Fission","Recycle","Glacier","Beam Cell"],"special_seed":0,"relics":["Cracked Core","NeowsBlessing","WarpedTongs","Boot","Orichalcum","Cables","Unceasing Top","Sozu"],"potions_floor_usage":[],"damage_taken":[{"damage":0.0,"enemies":"Cultist","floor":1.0,"turns":1.0},{"damage":0.0,"enemies":"Small Slimes","floor":3.0,"turns":1.0},{"damage":0.0,"enemies":"Lagavulin","floor":7.0,"turns":1.0},{"damage":7.0,"enemies":"Jaw Worm","floor":12.0,"turns":2.0},{"damage":38.0,"enemies":"Gremlin Nob","floor":13.0,"turns":5.0},{"damage":5.0,"enemies":"Looter","floor":14.0,"turns":2.0},{"damage":30.0,"enemies":"Slime Boss","floor":16.0,"turns":10.0},{"damage":16,"enemies":"Shell Parasite","floor":18,"turns":6},{"damage":23,"enemies":"3 Byrds","floor":19,"turns":5},{"damage":8,"enemies":"Snake Plant","floor":20,"turns":6},{"damage":0,"enemies":"Snake Plant","floor":22,"turns":1}],"seed_played":"-8979567285744193660","potions_obtained":[{"floor":3.0,"key":"Explosive Potion"},{"floor":13.0,"key":"FearPotion"}],"is_trial":false,"path_per_floor":["M","?","M","$","?","R","E","$","T","?","R","M","E","M","R","B",null,"M","M","M","$","?"],"character_chosen":"DEFECT","items_purchased":[],"campfire_rested":1,"item_purchase_floors":[],"current_hp_per_floor":[64,64,64,64,64,64,64,64,64,64,64,57,19,14,35,5,55,39,16,8,8,8],"gold":233,"neow_bonus":"THREE_ENEMY_KILL","is_prod":false,"is_daily":false,"chose_seed":false,"campfire_upgraded":2,"win_rate":0,"timestamp":1548125575,"path_taken":["M","?","M","?","?","R","E","$","T","?","R","?","E","M","R","BOSS","M","?","M","$","?"],"build_version":"2019-01-17v2","purchased_purges":3,"victory":false,"max_hp_per_floor":[71,71,71,71,71,71,71,71,71,71,71,71,71,71,71,71,71,71,71,71,71,71],"card_choices":[{"not_picked":["Redo","Tempest"],"picked":"Streamline","floor":1.0},{"not_picked":["Conserve Battery","Sweeping Beam"],"picked":"Recycle","floor":3.0},{"not_picked":["Compile Driver","Hello World"],"picked":"Genetic Algorithm","floor":7.0},{"not_picked":["Auto Shields","Coolheaded"],"picked":"Loop","floor":12.0},{"not_picked":["Conserve Battery","Heatsinks"],"picked":"Coolheaded","floor":13.0},{"not_picked":["Conserve Battery","Cold Snap"],"picked":"Capacitor","floor":14.0},{"not_picked":["Seek","Hyperbeam"],"picked":"Fission","floor":16.0},{"not_picked":["Go for the Eyes","Hello World"],"picked":"Recycle","floor":18},{"not_picked":["Capacitor","BootSequence"],"picked":"Glacier","floor":19},{"not_picked":["Force Field","Coolheaded"],"picked":"Beam Cell","floor":20}],"player_experience":2124803,"relics_obtained":[{"floor":7.0,"key":"Boot"},{"floor":9.0,"key":"Orichalcum"},{"floor":13.0,"key":"Unceasing Top"}],"event_choices":[{"damage_healed":0.0,"max_hp_gain":0.0,"max_hp_loss":0.0,"gold_gain":0.0,"event_name":"Accursed Blacksmith","player_choice":"Rummage","floor":2.0,"gold_loss":0.0,"damage_taken":0.0,"relics_obtained":["WarpedTongs"],"cards_obtained":["Pain"]},{"damage_healed":0.0,"max_hp_gain":0.0,"max_hp_loss":0.0,"gold_gain":150.0,"event_name":"Liars Game","player_choice":"AGREE","floor":5.0,"gold_loss":0.0,"damage_taken":0.0,"cards_obtained":["Doubt"]},{"damage_healed":0.0,"max_hp_gain":0.0,"max_hp_loss":0.0,"gold_gain":0.0,"event_name":"WeMeetAgain","player_choice":"Gave Potion","floor":10.0,"gold_loss":0.0,"damage_taken":0.0,"relics_obtained":["Cables"]}],"is_beta":false,"boss_relics":[{"not_picked":["Pandora\u0027s Box","Tiny House"],"picked":"Sozu"}],"items_purged_floors":[4,8,21],"is_endless":false,"potions_floor_spawned":[3,13,18],"killed_by":"Snake Plant","ascension_level":20}