{"gold_per_floor":[109,109,109,126,145,145,220,53,53,53,53,8,8,25,25,101,101,118,118,43,43,62,62,62,62,88,118,43,43,43,43,43,43],"floor_reached":33,"playtime":627,"items_purged":["Defend_B"],"score":494,"play_id":"ad6245b4-202b-405a-951f-793856e27419","local_time":"20190110141922","is_ascension_mode":true,"campfire_choices":[{"data":"Dualcast","floor":6.0,"key":"SMITH"},{"floor":10.0,"key":"REST"},{"data":"Darkness","floor":13.0,"key":"SMITH"},{"data":"Hologram","floor":15.0,"key":"SMITH"},{"data":"White Noise","floor":23,"key":"SMITH"},{"floor":29,"key":"REST"},{"data":"Capacitor","floor":32,"key":"SMITH"}],"neow_cost":"NONE","seed_source_timestamp":8494299073103,"circlet_count":0,"master_deck":["AscendersBane","Defend_B+1","Defend_B+1","Zap","Dualcast+1","Double Energy+1","Storm+1","Beam Cell+1","Genetic Algorithm","Melter","White Noise","Darkness+1","Hologram+1","White Noise+1","Capacitor+1"],"special_seed":0,"relics":["Astrolabe","Regal Pillow","Pantograph","Eternal Feather","DataDisk","Emotion Chip"],"potions_floor_usage":[18,27],"damage_taken":[{"damage":7.0,"enemies":"Small Slimes","floor":1.0,"turns":5.0},{"damage":22.0,"enemies":"Jaw Worm","floor":4.0,"turns":5.0},{"damage":2.0,"enemies":"2 Louse","floor":5.0,"turns":3.0},{"damage":0.0,"enemies":"Looter","floor":14.0,"turns":1.0},{"damage":25.0,"enemies":"Slime Boss","floor":16.0,"turns":6.0},{"damage":24,"enemies":"Chosen","floor":18,"turns":7},{"damage":21,"enemies":"Shell Parasite","floor":22,"turns":3},{"damage":2,"enemies":"Gremlin Leader","floor":27,"turns":5},{"damage":89,"enemies":"Collector","floor":33,"turns":6}],"seed_played":"3030351104263934645","potions_obtained":[{"floor":4.0,"key":"AttackPotion"},{"floor":14.0,"key":"FocusPotion"},{"floor":16.0,"key":"SkillPotion"},{"floor":18,"key":"Block Potion"}],"is_trial":false,"path_per_floor":["M","?","?","M","M","R","?","$","T","R","?","$","R","M","R","B",null,"M","?","?","$","M","R","$","?","T","E","$","R","?","$","R","B"],"character_chosen":"DEFECT","items_purchased":["Regal Pillow","Darkness"],"campfire_rested":2,"item_purchase_floors":[8,12],"current_hp_per_floor":[57,36,36,14,12,12,1,1,1,37,30,30,30,30,30,30,61,37,37,37,37,16,25,25,5,5,3,3,49,49,49,58,0],"gold":43,"neow_bonus":"BOSS_RELIC","is_prod":false,"is_daily":false,"chose_seed":false,"campfire_upgraded":5,"win_rate":0,"timestamp":1547101162,"path_taken":["M","?","?","M","M","R","?","$","T","R","?","?","R","M","R","BOSS","M","?","?","$","?","R","?","?","T","E","$","R","?","$","R","BOSS"],"build_version":"2019-01-03v4","purchased_purges":1,"victory":false,"max_hp_per_floor":[71,71,71,71,71,71,71,71,71,71,71,71,71,71,71,71,71,71,71,71,71,71,71,71,76,76,76,76,76,76,76,76,76],"card_choices":[{"not_picked":["Turbo","Beam Cell"],"picked":"Genetic Algorithm","floor":1.0},{"not_picked":["Ball Lightning","Auto Shields"],"picked":"Melter","floor":4.0},{"not_picked":["Streamline","Coolheaded"],"picked":"White Noise","floor":5.0},{"not_picked":["Redo","Streamline"],"picked":"Hologram","floor":14.0},{"not_picked":["Leap","Reprogram+1","Compile Driver"],"picked":"SKIP","floor":18},{"not_picked":["Stack","Chaos","Compile Driver"],"picked":"SKIP","floor":22},{"not_picked":["Coolheaded","Chaos"],"picked":"Capacitor","floor":27}],"player_experience":1906469,"relics_obtained":[{"floor":9.0,"key":"Pantograph"},{"floor":26,"key":"DataDisk"},{"floor":27,"key":"Emotion Chip"}],"event_choices":[{"damage_healed":0.0,"max_hp_gain":0.0,"max_hp_loss":0.0,"gold_gain":0.0,"event_name":"Shining Light","player_choice":"Entered Light","floor":2.0,"gold_loss":0.0,"damage_taken":21.0,"cards_upgraded":["Defend_B","Defend_B"]},{"damage_healed":0.0,"max_hp_gain":0.0,"max_hp_loss":0.0,"gold_gain":0.0,"event_name":"Liars Game","player_choice":"Ignored","floor":3.0,"gold_loss":0.0,"damage_taken":0.0},{"damage_healed":0.0,"max_hp_gain":0.0,"max_hp_loss":0.0,"gold_gain":75.0,"event_name":"World of Goop","player_choice":"Gather Gold","floor":7.0,"gold_loss":0.0,"damage_taken":11.0},{"cards_removed":["Defend_B"],"damage_healed":0.0,"max_hp_gain":0.0,"max_hp_loss":0.0,"gold_gain":0.0,"event_name":"Golden Wing","player_choice":"Card Removal","floor":11.0,"gold_loss":0.0,"damage_taken":7.0},{"damage_healed":0,"gold_gain":0,"player_choice":"Read","damage_taken":0,"max_hp_gain":0,"max_hp_loss":0,"event_name":"The Library","floor":19,"gold_loss":0,"cards_obtained":["White Noise"]},{"cards_removed":["Strike_B"],"damage_healed":0,"gold_gain":0,"player_choice":"Gave Gold","damage_taken":0,"max_hp_gain":0,"max_hp_loss":0,"event_name":"Beggar","floor":20,"gold_loss":75},{"damage_healed":0,"gold_gain":0,"player_choice":"Shed Blood","damage_taken":25,"max_hp_gain":5,"max_hp_loss":0,"event_name":"Forgotten Altar","floor":25,"gold_loss":0},{"damage_healed":0,"gold_gain":0,"player_choice":"Ignored","damage_taken":0,"max_hp_gain":0,"max_hp_loss":0,"event_name":"Vampires","floor":30,"gold_loss":0}],"is_beta":false,"boss_relics":[{"not_picked":["Orrery","Calling Bell"],"picked":"Eternal Feather"}],"items_purged_floors":[28],"is_endless":false,"potions_floor_spawned":[4,14,16,18,22],"killed_by":"Collector","ascension_level":20}