{"path_per_floor":["M","?","?","M","M","R","M","?","T","M","E","R","E","M","R","B",null,"M","$","M","?","?","E","R"],"character_chosen":"IRONCLAD","items_purchased":["Prayer Wheel"],"gold_per_floor":[114,114,64,79,94,94,109,109,134,149,179,179,209,224,224,324,324,339,189,204,119,119,149,149],"floor_reached":25,"campfire_rested":0,"playtime":880,"current_hp_per_floor":[78,77,76,75,74,73,72,58,58,64,68,67,57,63,63,55,62,64,63,56,56,56,41,41],"items_purged":[],"gold":149,"score":256,"play_id":"d8c1adc6-4673-435a-9bb4-f49b277ff233","local_time":"20180322125458","daily_mods":["Diverse","Terminal","Hoarder"],"is_prod":false,"is_daily":true,"is_ascension_mode":false,"campfire_upgraded":4,"timestamp":1521694498,"path_taken":["M","?","?","?","M","R","M","?","T","M","E","R","E","M","R","BOSS","M","$","M","?","?","E","R","M"],"build_version":"2018-03-15v3","purchased_purges":0,"victory":false,"master_deck":["Strike_R","Strike_R","Strike_R","Defend_R","Defend_R","Defend_R","Defend_R+1","Bash+1","Noxious Fumes","Noxious Fumes","Noxious Fumes+1","Dash+1","Dash+1","Dash+1","Double Tap","Double Tap+1","Double Tap","Shrug It Off","Shrug It Off","Shrug It Off+1","Wild Strike","Wild Strike","Wild Strike","Feed","Feed","Feed","Bloodletting+1","Bloodletting","Bloodletting","Rupture+1","Rupture","Rupture"],"max_hp_per_floor":[78,77,76,75,74,73,72,71,70,69,68,67,66,65,64,63,62,64,63,62,61,60,59,58],"relics":["Black Blood","Juzu Bracelet","Vajra","Regal Pillow","Prayer Wheel","War Paint","Omamori"],"card_choices":[{"not_picked":["Thunderclap","Whirlwind"],"picked":"Shrug It Off"},{"not_picked":["Flex","Iron Wave"],"picked":"Wild Strike"},{"not_picked":["Dark Embrace","Brutality"],"picked":"Feed"},{"not_picked":["Cleave","Hemokinesis"],"picked":"Bloodletting"},{"not_picked":["Sword Boomerang","Heavy Blade"],"picked":"Rupture"}],"player_experience":301730,"potions_floor_usage":[13,18,25],"damage_taken":[{"damage":0,"enemies":"2 Louse","floor":1,"turns":3},{"damage":1,"enemies":"Jaw Worm","floor":4,"turns":4},{"damage":0,"enemies":"Cultist","floor":5,"turns":5},{"damage":0,"enemies":"Blue Slaver","floor":7,"turns":5},{"damage":0,"enemies":"3 Louse","floor":10,"turns":4},{"damage":0,"enemies":"3 Sentries","floor":11,"turns":6},{"damage":16,"enemies":"Gremlin Nob","floor":13,"turns":5},{"damage":0,"enemies":"Looter","floor":14,"turns":3},{"damage":14,"enemies":"Hexaghost","floor":16,"turns":11},{"damage":2,"enemies":"2 Thieves","floor":18,"turns":4},{"damage":17,"enemies":"Spheric Guardian","floor":20,"turns":7},{"damage":25,"enemies":"Book of Stabbing","floor":23,"turns":5},{"damage":54,"enemies":"3 Cultists","floor":25,"turns":4}],"event_choices":[{"event_name":"Living Wall","player_choice":"Change","floor":2,"damage_taken":0},{"event_name":"The Cleric","player_choice":"Card Removal","floor":3,"damage_taken":0},{"event_name":"Shining Light","player_choice":"Entered Light","floor":8,"damage_taken":0},{"event_name":"Addict","player_choice":"Obtained Relic","floor":21,"damage_taken":0},{"event_name":"The Mausoleum","player_choice":"No","floor":22,"damage_taken":0}],"boss_relics":[{"not_picked":["Runic Pyramid","Cursed Key"],"picked":"Black Blood"}],"potions_floor_spawned":[4,7,10,11,18,20],"seed_played":"7321977595555922760","killed_by":"3 Cultists","ascension_level":0,"is_trial":false}