{"gold_per_floor":[113,188,188,188,188,188,206,264,264,275,275,275],"floor_reached":12,"playtime":353,"items_purged":[],"score":132,"play_id":"49758509-41fe-4c07-8a5b-1153f4ac395b","local_time":"20190408214216","is_ascension_mode":true,"campfire_choices":[{"data":"Discovery","floor":6,"key":"SMITH"},{"data":"Neutralize","floor":11,"key":"SMITH"}],"neow_cost":"CURSE","seed_source_timestamp":35503048537991,"circlet_count":0,"master_deck":["AscendersBane","Defend_G","Defend_G","Defend_G","Defend_G","Defend_G","Strike_G","Strike_G","Strike_G","Strike_G","Strike_G","Survivor","Neutralize+1","Swift Strike","Discovery+1","Acrobatics","Regret","Infinite Blades","Backstab","Infinite Blades"],"relics":["Ring of the Snake","Darkstone Periapt","Dodecahedron","Happy Flower","The Courier"],"potions_floor_usage":[12],"damage_taken":[{"damage":0,"enemies":"2 Louse","floor":1,"turns":3},{"damage":7,"enemies":"Small Slimes","floor":7,"turns":3},{"damage":25,"enemies":"3 Sentries","floor":8,"turns":10},{"damage":0,"enemies":"Cultist","floor":10,"turns":3},{"damage":26,"enemies":"Gremlin Nob","floor":12,"turns":3}],"seed_played":"1376968871934788566","potions_obtained":[{"floor":10,"key":"AttackPotion"}],"is_trial":false,"path_per_floor":["M","?","?","?","?","R","M","?","T","M","R","E"],"character_chosen":"THE_SILENT","items_purchased":[],"campfire_rested":0,"item_purchase_floors":[],"current_hp_per_floor":[59,48,54,47,42,42,35,10,10,10,10,0],"gold":275,"neow_bonus":"RANDOM_COLORLESS_2","is_prod":false,"is_daily":false,"chose_seed":false,"campfire_upgraded":2,"win_rate":0,"timestamp":1554730936,"path_taken":["M","?","?","?","?","R","M","?","T","M","R","E"],"build_version":"2019-01-23","purchased_purges":0,"victory":false,"max_hp_per_floor":[66,66,72,72,72,72,72,72,72,72,72,72],"card_choices":[{"not_picked":["Blade Dance","Heel Hook"],"picked":"Acrobatics","floor":1},{"not_picked":["Poisoned Stab","Riddle With Holes"],"picked":"Infinite Blades","floor":7},{"not_picked":["Slice","Dodge and Roll"],"picked":"Backstab","floor":8},{"not_picked":["Masterful Stab","Heel Hook"],"picked":"Infinite Blades","floor":10}],"player_experience":4170488,"relics_obtained":[{"floor":8,"key":"Happy Flower"},{"floor":9,"key":"The Courier"}],"event_choices":[{"damage_healed":0,"gold_gain":75,"player_choice":"Gather Gold","damage_taken":11,"max_hp_gain":0,"max_hp_loss":0,"event_name":"World of Goop","floor":2,"gold_loss":0},{"damage_healed":0,"gold_gain":0,"player_choice":"Box","damage_taken":0,"relics_obtained":["Darkstone Periapt"],"max_hp_gain":0,"max_hp_loss":0,"event_name":"Big Fish","floor":3,"gold_loss":0,"cards_obtained":["Regret"]},{"cards_removed":["Regret"],"damage_healed":0,"gold_gain":0,"player_choice":"Card Removal","damage_taken":7,"max_hp_gain":0,"max_hp_loss":0,"event_name":"Golden Wing","floor":4,"gold_loss":0},{"damage_healed":0,"gold_gain":0,"player_choice":"Success","damage_taken":5,"relics_obtained":["Dodecahedron"],"max_hp_gain":0,"max_hp_loss":0,"event_name":"Scrap Ooze","floor":5,"gold_loss":0},{"damage_healed":0,"gold_gain":0,"player_choice":"Searched \u00271\u0027 times","damage_taken":0,"max_hp_gain":0,"max_hp_loss":0,"event_name":"Dead Adventurer","floor":8,"gold_loss":0}],"is_beta":false,"boss_relics":[],"items_purged_floors":[],"is_endless":false,"potions_floor_spawned":[10],"killed_by":"Gremlin Nob","ascension_level":20}