{"gold_per_floor":[111,125,50,66,8,37,57,57,57,57,57,83,83,108,108,186,186,203,103,28,28,39,89,89,99,126,126,1,1,1,32,32,111,111,121,121,221,238,238,264,264,290,363,363,373,373,373,391,391,391,391,391,391,75,101,101],"floor_reached":57,"playtime":2598,"items_purged":["Slice","Flechettes","Backflip","Calculated Gamble"],"score":3444,"play_id":"0eb14140-60b3-4ff2-8a23-f14db894d98c","local_time":"20181224151945","is_ascension_mode":true,"campfire_choices":[{"data":"Acrobatics","floor":8.0,"key":"SMITH"},{"data":"Acrobatics","floor":11.0,"key":"SMITH"},{"data":"Tactician","floor":13.0,"key":"SMITH"},{"data":"Burst","floor":15.0,"key":"SMITH"},{"data":"Footwork","floor":24.0,"key":"SMITH"},{"data":"Eviscerate","floor":27.0,"key":"SMITH"},{"data":"After Image","floor":29.0,"key":"SMITH"},{"data":"After Image","floor":32.0,"key":"SMITH"},{"data":"Adrenaline","floor":41.0,"key":"SMITH"},{"floor":44.0,"key":"RECALL"},{"data":"Wraith Form v2","floor":47.0,"key":"SMITH"},{"data":"Corpse Explosion","floor":49.0,"key":"SMITH"},{"floor":53,"key":"REST"}],"neow_cost":"NONE","seed_source_timestamp":20422927272393,"circlet_count":0,"master_deck":["AscendersBane","Corpse Explosion+1","Tactician+1","Burst+1","Footwork+1","Wraith Form v2+1","Acrobatics+1","Acrobatics+1","After Image+1","After Image+1","Adrenaline+1"],"special_seed":0,"relics":["Pandora\u0027s Box","Bag of Marbles","Gremlin Horn","Art of War","Philosopher\u0027s Stone","Juzu Bracelet","Orichalcum","Busted Crown","CultistMask","Omamori","Dodecahedron","Sundial","Snake Skull","Pear"],"potions_floor_usage":[51],"damage_taken":[{"damage":1.0,"enemies":"Cultist","floor":1.0,"turns":5.0},{"damage":1.0,"enemies":"Jaw Worm","floor":2.0,"turns":4.0},{"damage":1.0,"enemies":"Small Slimes","floor":4.0,"turns":5.0},{"damage":8.0,"enemies":"Lagavulin","floor":6.0,"turns":4.0},{"damage":0.0,"enemies":"Exordium Wildlife","floor":7.0,"turns":5.0},{"damage":21.0,"enemies":"3 Sentries","floor":12.0,"turns":4.0},{"damage":0.0,"enemies":"Lagavulin","floor":14.0,"turns":3.0},{"damage":0.0,"enemies":"Hexaghost","floor":16.0,"turns":3.0},{"damage":1.0,"enemies":"2 Thieves","floor":18.0,"turns":2.0},{"damage":0.0,"enemies":"3 Byrds","floor":22.0,"turns":1.0},{"damage":0.0,"enemies":"3 Cultists","floor":25.0,"turns":2.0},{"damage":0.0,"enemies":"Slavers","floor":31.0,"turns":1.0},{"damage":0.0,"enemies":"Collector","floor":33.0,"turns":2.0},{"damage":0.0,"enemies":"3 Darklings","floor":35.0,"turns":1.0},{"damage":0.0,"enemies":"Mind Bloom Boss Battle","floor":37.0,"turns":1.0},{"damage":0.0,"enemies":"Orb Walker","floor":38.0,"turns":1.0},{"damage":0.0,"enemies":"Nemesis","floor":40.0,"turns":1.0},{"damage":0.0,"enemies":"Giant Head","floor":42.0,"turns":1.0},{"damage":0.0,"enemies":"Spire Growth","floor":45.0,"turns":1.0},{"damage":0.0,"enemies":"3 Darklings","floor":48.0,"turns":1.0},{"damage":0.0,"enemies":"Awakened One","floor":50.0,"turns":3.0},{"damage":17,"enemies":"Time Eater","floor":51,"turns":6},{"damage":0,"enemies":"Shield and Spear","floor":55,"turns":1},{"damage":4,"enemies":"The Heart","floor":56,"turns":4}],"seed_played":"-6348406439398625675","potions_obtained":[{"floor":2.0,"key":"EntropicBrew"},{"floor":4.0,"key":"FearPotion"},{"floor":12.0,"key":"Swift Potion"},{"floor":31.0,"key":"GhostInAJar"},{"floor":40.0,"key":"SmokeBomb"}],"is_trial":false,"path_per_floor":["M","M","$","M","$","E","M","R","T","$","R","E","R","E","R","B",null,"M","$","?","?","M","?","R","M","T","R","$","R","?","E","R","B",null,"M","?","?","M","?","E","R","E","T","R","M","?","R","M","R","B","B",null,"R","$","E","B",null],"character_chosen":"THE_SILENT","items_purchased":["Acrobatics","Snake Skull"],"campfire_rested":1,"item_purchase_floors":[5,54],"current_hp_per_floor":[58,57,57,56,56,48,48,48,48,48,48,27,27,27,27,27,56,55,55,55,55,55,55,55,55,55,55,55,55,55,55,55,55,63,63,63,63,63,63,63,63,63,63,63,63,63,63,63,63,63,46,59,63,63,73,69],"gold":101,"neow_bonus":"BOSS_RELIC","is_prod":false,"is_daily":false,"chose_seed":false,"campfire_upgraded":11,"win_rate":0,"timestamp":1545635985,"path_taken":["M","M","$","M","$","E","M","R","T","$","R","E","R","E","R","BOSS","M","$","?","?","?","?","R","M","T","R","?","R","?","E","R","BOSS","M","?","?","M","?","E","R","E","T","R","M","?","R","M","R","BOSS","BOSS","R","$","E","BOSS"],"build_version":"2018-12-20","purchased_purges":4,"victory":true,"max_hp_per_floor":[66,66,66,66,66,66,66,66,66,66,66,66,66,66,66,66,66,66,66,66,66,66,66,66,66,66,66,66,66,66,66,66,66,66,66,63,63,63,63,63,63,63,63,63,63,63,63,63,63,63,63,63,63,63,73,73],"card_choices":[{"not_picked":["Dagger Spray","Bane"],"picked":"Acrobatics","floor":1.0},{"not_picked":["Poisoned Stab","Sucker Punch"],"picked":"Calculated Gamble","floor":2.0},{"not_picked":["Dagger Throw","Blade Dance","Outmaneuver"],"picked":"SKIP","floor":4.0},{"not_picked":["Endless Agony","Infinite Blades"],"picked":"After Image","floor":6.0},{"not_picked":["Heel Hook","Choke","Dagger Throw"],"picked":"SKIP","floor":7.0},{"not_picked":["Dagger Spray","Escape Plan","Deflect"],"picked":"SKIP","floor":12.0},{"not_picked":["Cloak And Dagger","Acrobatics","All Out Attack"],"picked":"SKIP","floor":14.0},{"not_picked":["Venomology","Storm of Steel"],"picked":"After Image","floor":16.0},{"not_picked":["PiercingWail","Prepared","Outmaneuver"],"picked":"SKIP","floor":18.0},{"not_picked":["Endless Agony","Deadly Poison","Quick Slash"],"picked":"SKIP","floor":22.0},{"not_picked":["PiercingWail","Tactician","Setup"],"picked":"SKIP","floor":25.0},{"not_picked":["PiercingWail+1","Sucker Punch","Dagger Throw+1"],"picked":"SKIP","floor":31.0},{"not_picked":["Malaise","Bullet Time"],"picked":"Adrenaline","floor":33.0},{"not_picked":["Poisoned Stab"],"picked":"SKIP","floor":35.0},{"not_picked":["Escape Plan"],"picked":"SKIP","floor":38.0},{"not_picked":["Accuracy"],"picked":"SKIP","floor":40.0},{"not_picked":["Bane"],"picked":"SKIP","floor":42.0},{"not_picked":["Infinite Blades"],"picked":"SKIP","floor":45.0},{"not_picked":["Flying Knee"],"picked":"SKIP","floor":48.0},{"not_picked":["Setup"],"picked":"SKIP","floor":55}],"player_experience":1470907,"relics_obtained":[{"floor":6.0,"key":"Bag of Marbles"},{"floor":12.0,"key":"Gremlin Horn"},{"floor":14.0,"key":"Art of War"},{"floor":26.0,"key":"Juzu Bracelet"},{"floor":31.0,"key":"Orichalcum"},{"floor":40.0,"key":"Omamori"},{"floor":42.0,"key":"Dodecahedron"},{"floor":43.0,"key":"Sundial"},{"floor":55,"key":"Pear"}],"event_choices":[{"cards_removed":["Survivor"],"damage_healed":0.0,"max_hp_gain":0.0,"max_hp_loss":0.0,"gold_gain":0.0,"event_name":"Beggar","player_choice":"Gave Gold","floor":20.0,"gold_loss":75.0,"damage_taken":0.0},{"cards_removed":["Neutralize"],"damage_healed":0.0,"max_hp_gain":0.0,"max_hp_loss":0.0,"gold_gain":0.0,"event_name":"Purifier","player_choice":"Purged","floor":21.0,"gold_loss":0.0,"damage_taken":0.0},{"damage_healed":0.0,"max_hp_gain":0.0,"max_hp_loss":0.0,"gold_gain":50.0,"event_name":"Nest","player_choice":"Stole From Cult","floor":23.0,"gold_loss":0.0,"damage_taken":0.0},{"cards_removed":["Blur"],"damage_healed":0.0,"max_hp_gain":0.0,"max_hp_loss":0.0,"gold_gain":0.0,"event_name":"Back to Basics","player_choice":"Elegance","floor":30.0,"gold_loss":0.0,"damage_taken":0.0},{"damage_healed":0.0,"max_hp_gain":0.0,"max_hp_loss":3.0,"gold_gain":0.0,"event_name":"Winding Halls","player_choice":"Max HP","floor":36.0,"gold_loss":0.0,"damage_taken":0.0},{"damage_healed":0.0,"max_hp_gain":0.0,"max_hp_loss":0.0,"gold_gain":0.0,"event_name":"MindBloom","player_choice":"Fight","floor":37.0,"gold_loss":0.0,"damage_taken":0.0},{"damage_healed":0.0,"max_hp_gain":0.0,"max_hp_loss":0.0,"gold_gain":0.0,"event_name":"FaceTrader","player_choice":"Trade","floor":39.0,"gold_loss":0.0,"damage_taken":0.0,"relics_obtained":["CultistMask"]},{"cards_removed":["Eviscerate"],"damage_healed":0.0,"max_hp_gain":0.0,"max_hp_loss":0.0,"gold_gain":0.0,"event_name":"Falling","player_choice":"Removed Attack","floor":46.0,"gold_loss":0.0,"damage_taken":0.0}],"is_beta":false,"boss_relics":[{"not_picked":["Tiny House","Snecko Eye"],"picked":"Philosopher\u0027s Stone"},{"not_picked":["Astrolabe","Eternal Feather"],"picked":"Busted Crown"}],"items_purged_floors":[3,19,28,54],"is_endless":false,"potions_floor_spawned":[2,4,12,14,31,40,42,48],"ascension_level":20}