{"gold_per_floor":[109,109,119,44,59,59,84,84,84,97,97,107,121,132,132,234,234,251,262,262,262,361,361,390,97,97,97,97,114,114,139,139,238,238,253,353,228,228,78,78,92,92,92,92,92,104,104,104,104,104],"floor_reached":51,"playtime":1404,"items_purged":["Strike_R","Strike_R","Bash","Strike_R"],"score":731,"play_id":"eb952af4-7397-4bf4-9bed-129bf9b2f6c9","local_time":"20190630164556","is_ascension_mode":false,"campfire_choices":[{"data":"Whirlwind","floor":6.0,"key":"SMITH"},{"data":"True Grit","floor":8.0,"key":"SMITH"},{"data":"Limit Break","floor":15.0,"key":"SMITH"},{"data":"Flex","floor":23.0,"key":"SMITH"},{"data":"Battle Trance","floor":28.0,"key":"SMITH"},{"data":"Limit Break","floor":30.0,"key":"SMITH"},{"data":"Limit Break","floor":32.0,"key":"SMITH"},{"data":"Burning Pact","floor":40.0,"key":"SMITH"},{"data":"Pommel Strike","floor":42.0,"key":"SMITH"},{"floor":45,"key":"REST"},{"floor":47,"key":"REST"},{"data":"Defend_R","floor":49,"key":"SMITH"}],"neow_cost":"NONE","seed_source_timestamp":15927179708223,"circlet_count":0,"master_deck":["Defend_R","Defend_R","Defend_R","Defend_R+1","Limit Break+1","Whirlwind+1","Pommel Strike+1","Shrug It Off+1","True Grit+1","Flex+1","Limit Break+1","Limit Break+1","Battle Trance+1","Burning Pact+1","Seeing Red+1"],"special_seed":0,"relics":["Burning Blood","Mercury Hourglass","Pen Nib","Cursed Key","MutagenicStrength","StoneCalendar","ClockworkSouvenir","Bronze Scales","Philosopher\u0027s Stone","Gambling Chip"],"potions_floor_usage":[50,50],"damage_taken":[{"damage":3.0,"enemies":"Jaw Worm","floor":1.0,"turns":4.0},{"damage":6.0,"enemies":"Cultist","floor":3.0,"turns":3.0},{"damage":2.0,"enemies":"Small Slimes","floor":5.0,"turns":4.0},{"damage":54.0,"enemies":"Lagavulin","floor":7.0,"turns":8.0},{"damage":0.0,"enemies":"Blue Slaver","floor":10.0,"turns":6.0},{"damage":0.0,"enemies":"3 Louse","floor":12.0,"turns":2.0},{"damage":8.0,"enemies":"Red Slaver","floor":13.0,"turns":3.0},{"damage":1.0,"enemies":"Looter","floor":14.0,"turns":3.0},{"damage":43.0,"enemies":"Slime Boss","floor":16.0,"turns":9.0},{"damage":4.0,"enemies":"Shell Parasite","floor":18.0,"turns":3.0},{"damage":3.0,"enemies":"Chosen","floor":19.0,"turns":4.0},{"damage":23.0,"enemies":"Slavers","floor":24.0,"turns":2.0},{"damage":0.0,"enemies":"Snake Plant","floor":29.0,"turns":2.0},{"damage":4.0,"enemies":"Book of Stabbing","floor":31.0,"turns":3.0},{"damage":14.0,"enemies":"Collector","floor":33.0,"turns":3.0},{"damage":1.0,"enemies":"3 Shapes","floor":35.0,"turns":2.0},{"damage":48.0,"enemies":"Mind Bloom Boss Battle","floor":36.0,"turns":4.0},{"damage":0.0,"enemies":"Orb Walker","floor":41.0,"turns":1.0},{"damage":11,"enemies":"Writhing Mass","floor":46,"turns":3},{"damage":1,"enemies":"Awakened One","floor":50,"turns":3}],"seed_played":"-4132676614791239551","potions_obtained":[{"floor":1.0,"key":"Dexterity Potion"},{"floor":7.0,"key":"BloodPotion"},{"floor":10.0,"key":"SteroidPotion"},{"floor":14.0,"key":"BloodPotion"},{"floor":24.0,"key":"SteroidPotion"},{"floor":29.0,"key":"GamblersBrew"}],"is_trial":false,"path_per_floor":["M","?","M","$","M","R","E","R","T","M","?","M","M","M","R","B",null,"M","M","?","?","?","R","E","$","T","$","R","M","R","E","R","B",null,"M","?","$","?","$","R","M","R","T","?","R","M","R","?","R","B",null],"character_chosen":"IRONCLAD","items_purchased":["ClockworkSouvenir"],"campfire_rested":2,"item_purchase_floors":[25],"current_hp_per_floor":[80,80,80,80,80,80,32,32,32,38,38,44,50,55,55,18,80,80,80,80,80,80,80,71,71,71,71,71,77,77,79,79,71,80,80,38,38,38,38,38,44,44,44,44,68,63,80,80,80,80],"gold":104,"neow_bonus":"ONE_RANDOM_RARE_CARD","is_prod":false,"is_daily":false,"chose_seed":false,"campfire_upgraded":10,"win_rate":0,"timestamp":1561884356,"path_taken":["M","?","M","$","?","R","E","R","T","M","?","?","M","?","R","BOSS","M","?","?","?","?","R","E","$","T","?","R","M","R","E","R","BOSS","M","?","$","?","$","R","M","R","T","?","R","?","R","?","R","BOSS"],"build_version":"2019-01-23","purchased_purges":4,"victory":true,"max_hp_per_floor":[80,80,80,80,80,80,80,80,80,80,80,80,80,80,80,80,80,80,80,80,80,80,80,80,80,80,80,80,80,80,80,80,80,80,80,80,80,80,80,80,80,80,80,80,80,80,80,80,80,80],"card_choices":[{"not_picked":["Sever Soul","Shrug It Off"],"picked":"Whirlwind","floor":1.0},{"not_picked":["Pommel Strike","Heavy Blade"],"picked":"Shrug It Off","floor":3.0},{"not_picked":["Sentinel","Clash"],"picked":"True Grit","floor":5.0},{"not_picked":["Pummel","Warcry","Shrug It Off"],"picked":"SKIP","floor":7.0},{"not_picked":["Infernal Blade","Iron Wave"],"picked":"Flex","floor":10.0},{"not_picked":["Shockwave","Bludgeon","Heavy Blade"],"picked":"SKIP","floor":12.0},{"not_picked":["Clash","Perfected Strike","Anger"],"picked":"SKIP","floor":13.0},{"not_picked":["Fire Breathing","Armaments"],"picked":"Limit Break","floor":14.0},{"not_picked":["Exhume","Demon Form"],"picked":"Limit Break","floor":16.0},{"not_picked":["Blood for Blood","Heavy Blade","Dropkick"],"picked":"SKIP","floor":18.0},{"not_picked":["Evolve","Iron Wave"],"picked":"Battle Trance","floor":19.0},{"not_picked":["Sentinel","Whirlwind","Perfected Strike"],"picked":"SKIP","floor":24.0},{"not_picked":["Dropkick","Sever Soul+1","Clash"],"picked":"SKIP","floor":29.0},{"not_picked":["Reckless Charge+1","Searing Blow","Carnage"],"picked":"SKIP","floor":31.0},{"not_picked":["Anger","Iron Wave+1","Shrug It Off+1"],"picked":"SKIP","floor":35.0},{"not_picked":["Bloodletting","Havoc"],"picked":"Burning Pact","floor":36.0},{"not_picked":["Flex","Intimidate+1","Body Slam+1"],"picked":"SKIP","floor":41.0},{"not_picked":["Havoc","Spot Weakness"],"picked":"Seeing Red+1","floor":46}],"player_experience":5600555,"relics_obtained":[{"floor":7.0,"key":"Mercury Hourglass"},{"floor":9.0,"key":"Pen Nib"},{"floor":24.0,"key":"StoneCalendar"},{"floor":31.0,"key":"Bronze Scales"},{"floor":36.0,"key":"Gambling Chip"}],"event_choices":[{"damage_healed":0.0,"max_hp_gain":0.0,"max_hp_loss":0.0,"gold_gain":0.0,"cards_transformed":["Strike_R"],"event_name":"Transmorgrifier","player_choice":"Transformed","floor":2.0,"gold_loss":0.0,"damage_taken":0.0,"cards_obtained":["Pommel Strike"]},{"cards_removed":["Strike_R"],"damage_healed":0.0,"max_hp_gain":0.0,"max_hp_loss":0.0,"gold_gain":0.0,"event_name":"Purifier","player_choice":"Purged","floor":11.0,"gold_loss":0.0,"damage_taken":0.0},{"damage_healed":0.0,"max_hp_gain":0.0,"max_hp_loss":0.0,"gold_gain":0.0,"event_name":"Drug Dealer","player_choice":"Inject Mutagens","floor":20.0,"gold_loss":0.0,"damage_taken":0.0,"relics_obtained":["MutagenicStrength"]},{"damage_healed":0.0,"max_hp_gain":0.0,"max_hp_loss":0.0,"gold_gain":0.0,"event_name":"Cursed Tome","player_choice":"Ignored","floor":21.0,"gold_loss":0.0,"damage_taken":0.0},{"damage_healed":0.0,"max_hp_gain":0.0,"max_hp_loss":0.0,"gold_gain":99.0,"event_name":"Nest","player_choice":"Stole From Cult","floor":22.0,"gold_loss":0.0,"damage_taken":0.0},{"damage_healed":0.0,"max_hp_gain":0.0,"max_hp_loss":0.0,"gold_gain":0.0,"event_name":"MindBloom","player_choice":"Fight","floor":36.0,"gold_loss":0.0,"damage_taken":0.0},{"damage_healed":0.0,"max_hp_gain":0.0,"max_hp_loss":0.0,"gold_gain":0.0,"event_name":"Tomb of Lord Red Mask","player_choice":"Ignored","floor":38.0,"gold_loss":0.0,"damage_taken":0.0},{"damage_healed":0,"gold_gain":0,"player_choice":"Upgraded","damage_taken":0,"max_hp_gain":0,"max_hp_loss":0,"event_name":"Upgrade Shrine","floor":44,"gold_loss":0,"cards_upgraded":["Shrug It Off"]},{"damage_healed":0,"gold_gain":0,"player_choice":"Bought 0 Potions","damage_taken":0,"max_hp_gain":0,"max_hp_loss":0,"event_name":"The Woman in Blue","floor":48,"gold_loss":0}],"is_beta":false,"boss_relics":[{"not_picked":["Fusion Hammer","Runic Cube"],"picked":"Cursed Key"},{"not_picked":["Orrery","Snecko Eye"],"picked":"Philosopher\u0027s Stone"}],"items_purged_floors":[4,25,37,39],"is_endless":false,"potions_floor_spawned":[1,7,10,14,24,29,33,36,41],"ascension_level":0}