{"gold_per_floor":[367,367,71,88,34,34,49,49,103,138,151,169,187,198,198,198],"floor_reached":16,"playtime":420,"items_purged":["Injury"],"score":208,"play_id":"74b146f7-fe81-4411-9f3d-b28f5f65fae5","local_time":"20190807180421","is_ascension_mode":true,"campfire_choices":[{"data":"Armaments","floor":6.0,"key":"SMITH"},{"data":"Carnage","floor":15.0,"key":"SMITH"}],"neow_cost":"CURSE","seed_source_timestamp":0,"circlet_count":0,"master_deck":["AscendersBane","Strike_R","Strike_R","Strike_R","Strike_R","Strike_R","Defend_R","Defend_R","Defend_R","Defend_R","Bash","Seeing Red","Whirlwind","Armaments+1","Feel No Pain","Carnage+1","True Grit","Second Wind","Immolate"],"special_seed":0,"relics":["Burning Blood","Medical Kit","Ginger"],"potions_floor_usage":[16],"damage_taken":[{"damage":6.0,"enemies":"2 Louse","floor":1.0,"turns":4.0},{"damage":1.0,"enemies":"Cultist","floor":4.0,"turns":4.0},{"damage":8.0,"enemies":"Small Slimes","floor":7.0,"turns":3.0},{"damage":3.0,"enemies":"Gremlin Nob","floor":10.0,"turns":3.0},{"damage":9.0,"enemies":"Blue Slaver","floor":11.0,"turns":4.0},{"damage":17.0,"enemies":"Looter","floor":12.0,"turns":4.0},{"damage":8.0,"enemies":"Exordium Thugs","floor":13.0,"turns":3.0},{"damage":35.0,"enemies":"3 Louse","floor":14.0,"turns":12.0},{"damage":33,"enemies":"Hexaghost","floor":16,"turns":14}],"seed_played":"-2824732125797471518","potions_obtained":[{"floor":1.0,"key":"AttackPotion"},{"floor":10.0,"key":"Strength Potion"},{"floor":11.0,"key":"Explosive Potion"},{"floor":12.0,"key":"GamblersBrew"}],"is_trial":false,"path_per_floor":["M","?","$","M","$","R","M","?","T","E","M","M","M","M","R","B"],"character_chosen":"IRONCLAD","items_purchased":["Medical Kit","Armaments"],"campfire_rested":0,"item_purchase_floors":[3,5],"current_hp_per_floor":[68,73,73,78,78,78,76,76,76,79,76,65,63,34,34,1],"gold":198,"neow_bonus":"TWO_FIFTY_GOLD","is_prod":false,"is_daily":false,"chose_seed":false,"campfire_upgraded":2,"win_rate":0,"timestamp":1565168661,"path_taken":["M","?","$","M","$","R","M","?","T","E","?","?","M","M","R","BOSS"],"build_version":"2019-07-17","purchased_purges":1,"victory":false,"max_hp_per_floor":[75,80,80,80,80,80,80,80,80,80,80,80,80,80,80,80],"card_choices":[{"not_picked":["Clothesline","Wild Strike"],"picked":"Seeing Red","floor":1.0},{"not_picked":["Ghostly Armor","True Grit"],"picked":"Whirlwind","floor":4.0},{"not_picked":["Twin Strike","Thunderclap"],"picked":"Feel No Pain","floor":7.0},{"not_picked":["Reckless Charge","Clothesline"],"picked":"True Grit","floor":10.0},{"not_picked":["Evolve","Pummel"],"picked":"Second Wind","floor":11.0},{"not_picked":["Cleave","Iron Wave","Dropkick"],"picked":"SKIP","floor":12.0},{"not_picked":["Twin Strike","Reckless Charge","Seeing Red"],"picked":"SKIP","floor":13.0},{"not_picked":["Carnage","Pommel Strike"],"picked":"Immolate","floor":14.0}],"player_experience":804540,"relics_obtained":[{"floor":10.0,"key":"Ginger"}],"event_choices":[{"damage_healed":0.0,"max_hp_gain":5.0,"max_hp_loss":0.0,"gold_gain":0.0,"event_name":"Big Fish","player_choice":"Donut","floor":2.0,"gold_loss":0.0,"damage_taken":0.0},{"damage_healed":0.0,"max_hp_gain":0.0,"max_hp_loss":0.0,"gold_gain":0.0,"event_name":"Match and Keep!","player_choice":"1 cards matched","floor":8.0,"gold_loss":0.0,"damage_taken":0.0,"cards_obtained":["Carnage"]}],"is_beta":false,"boss_relics":[],"items_purged_floors":[3],"is_endless":false,"potions_floor_spawned":[1,10,11,12],"killed_by":"Hexaghost","ascension_level":20}