{"gold_per_floor":[219,294,141,141,56,56,85,85,156,167,181,181,197,197,197,293,293,314,314,334,334,349,349,359,173,173,173,186,236,255,281,281,359,359,369,369,369],"floor_reached":37,"playtime":1759,"items_purged":["Strike_B","Strike_B+1"],"score":734,"play_id":"22822e32-8106-4893-9a5e-ef06a42ccbc7","local_time":"20190414182134","is_ascension_mode":true,"campfire_choices":[{"data":"Defragment","floor":6.0,"key":"SMITH"},{"data":"Dualcast","floor":8.0,"key":"SMITH"},{"data":"Loop","floor":12.0,"key":"SMITH"},{"data":"Coolheaded","floor":15.0,"key":"SMITH"},{"data":"Hologram","floor":23.0,"key":"SMITH"},{"data":"Capacitor","floor":27.0,"key":"SMITH"},{"data":"Consume","floor":32.0,"key":"SMITH"}],"neow_cost":"NONE","seed_source_timestamp":108490895147926,"circlet_count":0,"master_deck":["AscendersBane","Strike_B+1","Strike_B+1","Defend_B+1","Defend_B+1","Defend_B+1","Defend_B+1","Zap","Dualcast+1","Conserve Battery","Self Repair","Tempest","Coolheaded+1","Defragment+1","Ball Lightning","Loop+1","Double Energy","Amplify","Hologram+1","Heatsinks","All For One","Capacitor+1","Consume+1","Creative AI","Double Energy+1"],"special_seed":0,"relics":["Cracked Core","Sundial","Meat on the Bone","White Beast Statue","Nloth\u0027s Gift","Kunai","Oddly Smooth Stone","Fusion Hammer"],"potions_floor_usage":[],"damage_taken":[{"damage":12.0,"enemies":"Jaw Worm","floor":1.0,"turns":3.0},{"damage":23.0,"enemies":"3 Sentries","floor":7.0,"turns":9.0},{"damage":3.0,"enemies":"2 Louse","floor":10.0,"turns":3.0},{"damage":0.0,"enemies":"Cultist","floor":11.0,"turns":3.0},{"damage":14.0,"enemies":"Blue Slaver","floor":13.0,"turns":4.0},{"damage":8.0,"enemies":"Hexaghost","floor":16.0,"turns":7.0},{"damage":35.0,"enemies":"Chosen","floor":18.0,"turns":6.0},{"damage":27.0,"enemies":"3 Byrds","floor":20.0,"turns":3.0},{"damage":3.0,"enemies":"Snake Plant","floor":22.0,"turns":5.0},{"damage":4.0,"enemies":"Centurion and Healer","floor":24.0,"turns":6.0},{"damage":31.0,"enemies":"Snecko","floor":28.0,"turns":7.0},{"damage":23.0,"enemies":"Snake Plant","floor":30.0,"turns":5.0},{"damage":22.0,"enemies":"Automaton","floor":33.0,"turns":11.0},{"damage":54,"enemies":"Orb Walker","floor":35,"turns":5},{"damage":47,"enemies":"Awakened One","floor":37,"turns":3}],"seed_played":"3787144221660228912","potions_obtained":[{"floor":7.0,"key":"Fruit Juice"},{"floor":10.0,"key":"Weak Potion"},{"floor":18.0,"key":"Fire Potion"},{"floor":20.0,"key":"FearPotion"},{"floor":22.0,"key":"PowerPotion"},{"floor":28.0,"key":"Fire Potion"},{"floor":30.0,"key":"PowerPotion"}],"is_trial":false,"path_per_floor":["M","?","$","?","$","R","E","R","T","M","M","R","M","?","R","B",null,"M","?","M","?","M","R","M","$","T","R","M","?","M","T","R","B",null,"M","?","B"],"character_chosen":"DEFECT","items_purchased":["Self Repair","Defragment","Capacitor"],"campfire_rested":0,"item_purchase_floors":[3,5,25],"current_hp_per_floor":[52,41,41,41,41,41,25,25,25,39,46,46,51,25,25,36,66,50,50,35,35,51,51,61,61,61,61,49,49,45,45,45,42,68,40,40,0],"gold":369,"neow_bonus":"HUNDRED_GOLD","is_prod":false,"is_daily":false,"chose_seed":false,"campfire_upgraded":7,"win_rate":0,"timestamp":1555237294,"path_taken":["M","?","$","?","$","R","E","R","T","?","M","R","M","?","R","BOSS","M","?","M","?","M","R","?","$","T","R","M","?","?","?","R","BOSS","M","?","BOSS"],"build_version":"2019-01-23","purchased_purges":2,"victory":false,"max_hp_per_floor":[71,71,71,71,71,71,71,71,71,76,76,76,76,76,76,76,76,76,76,76,76,76,76,76,76,76,76,76,76,76,76,76,76,76,76,76,76],"card_choices":[{"not_picked":["Beam Cell","Redo"],"picked":"Conserve Battery","floor":1.0},{"not_picked":["Go for the Eyes","Redo"],"picked":"Ball Lightning","floor":7.0},{"not_picked":["Sweeping Beam","Redo","Steam"],"picked":"SKIP","floor":10.0},{"not_picked":["Rip and Tear","Lockon"],"picked":"Loop","floor":11.0},{"not_picked":["Reinforced Body","Steam"],"picked":"Double Energy","floor":13.0},{"not_picked":["Rainbow","Hyperbeam"],"picked":"Amplify","floor":16.0},{"not_picked":["Rebound","Rip and Tear"],"picked":"Hologram","floor":18.0},{"not_picked":["Compile Driver","Fusion","Melter"],"picked":"SKIP","floor":20.0},{"not_picked":["Hologram","Beam Cell"],"picked":"Heatsinks","floor":22.0},{"not_picked":["Chill","Darkness"],"picked":"All For One","floor":24.0},{"not_picked":["Steam","Ball Lightning","Sweeping Beam"],"picked":"SKIP","floor":28.0},{"not_picked":["Doom and Gloom","Rebound"],"picked":"Consume","floor":30.0},{"not_picked":["Reboot","Fission"],"picked":"Creative AI","floor":33.0},{"not_picked":["Ball Lightning","Hello World"],"picked":"Double Energy+1","floor":35}],"player_experience":4287271,"relics_obtained":[{"floor":7.0,"key":"Sundial"},{"floor":9.0,"key":"Meat on the Bone"},{"floor":26.0,"key":"Kunai"},{"floor":31.0,"key":"Oddly Smooth Stone"}],"event_choices":[{"damage_healed":0.0,"max_hp_gain":0.0,"max_hp_loss":0.0,"gold_gain":75.0,"event_name":"World of Goop","player_choice":"Gather Gold","floor":2.0,"gold_loss":0.0,"damage_taken":11.0},{"damage_healed":0.0,"max_hp_gain":0.0,"max_hp_loss":0.0,"gold_gain":0.0,"event_name":"Match and Keep!","player_choice":"2 cards matched","floor":4.0,"gold_loss":0.0,"damage_taken":0.0,"cards_obtained":["Tempest","Coolheaded"]},{"damage_healed":0.0,"max_hp_gain":0.0,"max_hp_loss":0.0,"gold_gain":0.0,"event_name":"Golden Idol","player_choice":"Take Damage","floor":14.0,"gold_loss":0.0,"damage_taken":26.0,"relics_obtained":["Golden Idol"]},{"damage_healed":0.0,"max_hp_gain":0.0,"max_hp_loss":0.0,"gold_gain":0.0,"event_name":"Back to Basics","player_choice":"Simplicity","floor":19.0,"gold_loss":0.0,"damage_taken":0.0,"cards_upgraded":["Strike_B","Strike_B","Strike_B","Defend_B","Defend_B","Defend_B","Defend_B"]},{"damage_healed":0.0,"max_hp_gain":0.0,"max_hp_loss":0.0,"gold_gain":0.0,"event_name":"N\u0027loth","player_choice":"Traded Relic","floor":21.0,"relics_lost":["Golden Idol"],"gold_loss":0.0,"damage_taken":0.0,"relics_obtained":["Nloth\u0027s Gift"]},{"damage_healed":0.0,"max_hp_gain":0.0,"max_hp_loss":0.0,"gold_gain":50.0,"event_name":"Golden Shrine","player_choice":"Pray","floor":29.0,"gold_loss":0.0,"damage_taken":0.0},{"damage_healed":0,"gold_gain":0,"player_choice":"Took Portal","damage_taken":0,"max_hp_gain":0,"max_hp_loss":0,"event_name":"SecretPortal","floor":36,"gold_loss":0}],"is_beta":false,"boss_relics":[{"not_picked":["Lizard Tail","Ectoplasm"],"picked":"White Beast Statue"},{"not_picked":["Snecko Eye","Astrolabe"],"picked":"Fusion Hammer"}],"items_purged_floors":[3,25],"is_endless":false,"potions_floor_spawned":[7,10,18,20,22,24,28,30,33,35],"killed_by":"Awakened One","ascension_level":20}