{"gold_per_floor":[117,117,127,142,160,160,189,205,235,37,37,71,91,91],"floor_reached":14,"playtime":321,"items_purged":[],"score":204,"play_id":"7d98c884-fe24-4beb-ab07-4a173b66f88e","local_time":"20190301215711","is_ascension_mode":true,"campfire_choices":[{"data":"Beam Cell","floor":6.0,"key":"SMITH"}],"neow_cost":"PERCENT_DAMAGE","seed_source_timestamp":109576416333728,"circlet_count":0,"master_deck":["AscendersBane","Strike_B","Strike_B","Defend_B","Defend_B","Defend_B","Defend_B","Zap","Dualcast","Ball Lightning","Steam","Beam Cell+1","Darkness","Go for the Eyes","Coolheaded","Capacitor","Hologram","Turbo","Barrage","Parasite","White Noise","Consume"],"special_seed":0,"relics":["Cracked Core","Blue Candle","Tiny Chest","Anchor"],"potions_floor_usage":[7,12],"damage_taken":[{"damage":4.0,"enemies":"Jaw Worm","floor":1.0,"turns":5.0},{"damage":0.0,"enemies":"2 Louse","floor":3.0,"turns":2.0},{"damage":0.0,"enemies":"Cultist","floor":4.0,"turns":3.0},{"damage":6.0,"enemies":"Looter","floor":5.0,"turns":2.0},{"damage":19,"enemies":"Lagavulin","floor":7,"turns":7},{"damage":7,"enemies":"Blue Slaver","floor":8,"turns":3},{"damage":19,"enemies":"Gremlin Nob","floor":12,"turns":4},{"damage":6,"enemies":"Exordium Wildlife","floor":13,"turns":3},{"damage":7,"enemies":"Large Slime","floor":14,"turns":3}],"seed_played":"6743220618661194148","potions_obtained":[{"floor":3.0,"key":"Block Potion"},{"floor":4.0,"key":"GamblersBrew"}],"is_trial":false,"path_per_floor":["M","?","M","M","M","R","E","M","T","$","?","E","M","M"],"character_chosen":"DEFECT","items_purchased":["Capacitor","Hologram","Turbo","Barrage"],"campfire_rested":0,"item_purchase_floors":[10,10,10,10],"current_hp_per_floor":[42,42,42,42,36,36,17,10,10,10,27,8,2,0],"gold":91,"neow_bonus":"REMOVE_TWO","is_prod":false,"is_daily":false,"chose_seed":false,"campfire_upgraded":1,"win_rate":0,"timestamp":1551448631,"path_taken":["M","?","M","M","M","R","E","M","T","$","?","E","M","M"],"build_version":"2019-01-23","purchased_purges":0,"victory":false,"max_hp_per_floor":[71,71,71,71,71,71,71,71,71,71,71,71,71,71],"card_choices":[{"not_picked":["Coolheaded","Sunder"],"picked":"Ball Lightning","floor":1.0},{"not_picked":["Streamline","Barrage"],"picked":"Steam","floor":3.0},{"not_picked":["Darkness","Conserve Battery"],"picked":"Beam Cell","floor":4.0},{"not_picked":["Rip and Tear","Stack"],"picked":"Darkness","floor":5.0},{"not_picked":["Rainbow","Steam"],"picked":"Go for the Eyes","floor":7},{"not_picked":["Chaos","Go for the Eyes"],"picked":"Coolheaded","floor":8},{"not_picked":["Static Discharge","Hologram"],"picked":"White Noise","floor":12},{"not_picked":["Go for the Eyes","Sweeping Beam"],"picked":"Consume","floor":13}],"player_experience":1059911,"relics_obtained":[{"floor":7,"key":"Blue Candle"},{"floor":9,"key":"Tiny Chest"},{"floor":12,"key":"Anchor"}],"event_choices":[{"damage_healed":0.0,"max_hp_gain":0.0,"max_hp_loss":0.0,"gold_gain":0.0,"event_name":"Liars Game","player_choice":"Ignored","floor":2.0,"gold_loss":0.0,"damage_taken":0.0},{"damage_healed":17,"gold_gain":0,"player_choice":"Healed and dodged fight","damage_taken":0,"max_hp_gain":0,"max_hp_loss":0,"event_name":"Mushrooms","floor":11,"gold_loss":0,"cards_obtained":["Parasite"]}],"is_beta":false,"boss_relics":[],"items_purged_floors":[],"is_endless":false,"potions_floor_spawned":[3,4],"killed_by":"Large Slime","ascension_level":20}