{"gold_per_floor":[112,112,128,203,128,153,153,167,167,167,177,177,194,57,57,133,133,146,146,162,37,37,37,47,47,71,71,71,71,71],"floor_reached":30,"playtime":965,"items_purged":["Regret","Strike_G","Strike_G"],"score":552,"play_id":"7bfd3fe2-cbe6-48a0-9fcc-7e75949c296e","local_time":"20190218095020","is_ascension_mode":true,"campfire_choices":[{"data":"Well Laid Plans","floor":7.0,"key":"SMITH"},{"data":"Neutralize","floor":10.0,"key":"SMITH"},{"data":"Catalyst","floor":15.0,"key":"SMITH"},{"data":"Night Terror","floor":23.0,"key":"SMITH"},{"data":"Bouncing Flask","floor":27.0,"key":"SMITH"}],"neow_cost":"NONE","seed_source_timestamp":5123456195651,"circlet_count":0,"master_deck":["AscendersBane","Defend_G","Defend_G","Defend_G","Defend_G","Defend_G","Strike_G","Strike_G","Survivor","Neutralize+1","Well Laid Plans+1","Backflip","Night Terror+1","Calculated Gamble","Terror","Bouncing Flask+1","Noxious Fumes","Catalyst+1","Tools of the Trade"],"special_seed":0,"relics":["Ring of the Snake","Nunchaku","Paper Crane","Turnip","Velvet Choker","Nloth\u0027s Gift"],"potions_floor_usage":[],"damage_taken":[{"damage":0.0,"enemies":"Jaw Worm","floor":1.0,"turns":1.0},{"damage":0.0,"enemies":"2 Louse","floor":3.0,"turns":1.0},{"damage":0.0,"enemies":"3 Sentries","floor":6.0,"turns":1.0},{"damage":0.0,"enemies":"Small Slimes","floor":8.0,"turns":5.0},{"damage":0.0,"enemies":"Red Slaver","floor":11.0,"turns":5.0},{"damage":1.0,"enemies":"Looter","floor":13.0,"turns":4.0},{"damage":4.0,"enemies":"Slime Boss","floor":16.0,"turns":6.0},{"damage":12.0,"enemies":"3 Byrds","floor":18.0,"turns":6.0},{"damage":0.0,"enemies":"Chosen","floor":20.0,"turns":3.0},{"damage":0.0,"enemies":"Centurion and Healer","floor":24.0,"turns":5.0},{"damage":40.0,"enemies":"Colosseum Slavers","floor":28.0,"turns":6.0},{"damage":3,"enemies":"Book of Stabbing","floor":30,"turns":4}],"seed_played":"5130885002246284796","potions_obtained":[{"floor":1.0,"key":"GamblersBrew"},{"floor":13.0,"key":"Swift Potion"},{"floor":20.0,"key":"LiquidBronze"}],"is_trial":false,"path_per_floor":["M","?","M","?","$","E","R","M","T","R","M","?","M","$","R","B",null,"M","?","M","$","?","R","M","$","T","R","?","?","E"],"character_chosen":"THE_SILENT","items_purchased":["Catalyst"],"campfire_rested":0,"item_purchase_floors":[14],"current_hp_per_floor":[59,59,59,48,48,48,48,48,48,48,48,48,47,47,47,43,60,48,48,48,48,48,48,48,48,48,48,8,8,5],"gold":71,"neow_bonus":"THREE_ENEMY_KILL","is_prod":false,"is_daily":false,"chose_seed":false,"campfire_upgraded":5,"win_rate":0,"timestamp":1550454620,"path_taken":["M","?","M","?","$","E","R","M","T","R","M","?","M","$","R","BOSS","M","?","?","?","?","R","M","$","T","R","?","?","E"],"build_version":"2019-01-23","purchased_purges":3,"victory":false,"max_hp_per_floor":[66,66,66,66,66,66,66,66,66,66,66,66,66,66,66,66,66,66,66,66,66,66,66,66,66,66,66,66,66,66],"card_choices":[{"not_picked":["Heel Hook","Backflip"],"picked":"Well Laid Plans","floor":1.0},{"not_picked":["Quick Slash","Leg Sweep"],"picked":"Backflip","floor":3.0},{"not_picked":["Backflip","Deflect"],"picked":"Night Terror","floor":6.0},{"not_picked":["Dagger Spray","Heel Hook"],"picked":"Calculated Gamble","floor":8.0},{"not_picked":["Blade Dance","Dagger Throw"],"picked":"Terror","floor":11.0},{"not_picked":["Distraction","Endless Agony"],"picked":"Noxious Fumes","floor":13.0},{"not_picked":["Deflect","Outmaneuver","Sucker Punch"],"picked":"SKIP","floor":18.0},{"not_picked":["Cloak And Dagger","Backstab","Prepared"],"picked":"SKIP","floor":20.0},{"not_picked":["Prepared","Escape Plan"],"picked":"Tools of the Trade","floor":24.0}],"player_experience":2890944,"relics_obtained":[{"floor":6.0,"key":"Paper Crane"},{"floor":9.0,"key":"Turnip"}],"event_choices":[{"damage_healed":0.0,"max_hp_gain":0.0,"max_hp_loss":0.0,"gold_gain":0.0,"event_name":"Big Fish","player_choice":"Box","floor":2.0,"gold_loss":0.0,"damage_taken":0.0,"relics_obtained":["Nunchaku"],"cards_obtained":["Regret"]},{"damage_healed":0.0,"max_hp_gain":0.0,"max_hp_loss":0.0,"gold_gain":75.0,"event_name":"World of Goop","player_choice":"Gather Gold","floor":4.0,"gold_loss":0.0,"damage_taken":11.0},{"damage_healed":0.0,"max_hp_gain":0.0,"max_hp_loss":0.0,"gold_gain":0.0,"cards_transformed":["Strike_G"],"event_name":"Living Wall","player_choice":"Change","floor":12.0,"gold_loss":0.0,"damage_taken":0.0,"cards_obtained":["Bouncing Flask"]},{"damage_healed":0.0,"max_hp_gain":0.0,"max_hp_loss":0.0,"gold_gain":0.0,"event_name":"N\u0027loth","player_choice":"Traded Relic","floor":19.0,"relics_lost":["NeowsBlessing"],"gold_loss":0.0,"damage_taken":0.0,"relics_obtained":["Nloth\u0027s Gift"]},{"damage_healed":0.0,"max_hp_gain":0.0,"max_hp_loss":0.0,"gold_gain":0.0,"event_name":"Vampires","player_choice":"Ignored","floor":22.0,"gold_loss":0.0,"damage_taken":0.0},{"damage_healed":0.0,"max_hp_gain":0.0,"max_hp_loss":0.0,"gold_gain":0.0,"event_name":"Colosseum","player_choice":"Fight","floor":28.0,"gold_loss":0.0,"damage_taken":0.0},{"damage_healed":0.0,"max_hp_gain":0.0,"max_hp_loss":0.0,"gold_gain":0.0,"event_name":"Colosseum","player_choice":"Fled From Nobs","floor":28.0,"gold_loss":0.0,"damage_taken":0.0},{"damage_healed":0.0,"max_hp_gain":0.0,"max_hp_loss":0.0,"gold_gain":0.0,"event_name":"Match and Keep!","player_choice":"0 cards matched","floor":29.0,"gold_loss":0.0,"damage_taken":0.0,"cards_obtained":[]}],"is_beta":false,"boss_relics":[{"not_picked":["Empty Cage","White Beast Statue"],"picked":"Velvet Choker"}],"items_purged_floors":[5,14,21],"is_endless":false,"potions_floor_spawned":[1,13,20],"killed_by":"Book of Stabbing","ascension_level":20}