{"gold_per_floor":[360,1,20,20,20,20,36,375,375,411,411,430,430,448,448,571,571,591,591,341,356,379,379,412,412,438,338,371,395,409,425,425,548,548,567,581,121,146,171,171,185,185,231,231,302,302,302,320,320,320,320,320,82,122,122],"floor_reached":56,"playtime":2720,"items_purged":["Strike_G","Strike_G","Defend_G","Defend_G"],"score":2274,"play_id":"a1a5037f-7961-40f2-a838-416107eefa8b","local_time":"20181129185029","is_ascension_mode":true,"campfire_choices":[{"data":"Predator","floor":6.0,"key":"SMITH"},{"data":"Deadly Poison","floor":13.0,"key":"SMITH"},{"data":"Deadly Poison","floor":15.0,"key":"SMITH"},{"data":"Apotheosis","floor":23.0,"key":"SMITH"},{"data":"Adrenaline","floor":25.0,"key":"SMITH"},{"floor":32.0,"key":"RECALL"},{"data":"Footwork","floor":40.0,"key":"SMITH"},{"floor":42.0,"key":"REST"},{"data":"Purity","floor":46.0,"key":"SMITH"},{"floor":49.0,"key":"REST"},{"data":"Acrobatics","floor":52.0,"key":"SMITH"}],"neow_cost":"PERCENT_DAMAGE","seed_source_timestamp":24569234366413,"circlet_count":0,"master_deck":["AscendersBane","Defend_G","Defend_G","Defend_G","Strike_G","Survivor","Neutralize","Acrobatics+1","Well Laid Plans","Dash","Predator+1","Poisoned Stab","Backstab","Purity+1","Deadly Poison+1","Deadly Poison+1","Adrenaline+1","Apotheosis+1","Acrobatics","Tactician","Footwork+1","Grand Finale"],"special_seed":0,"relics":["Ring of the Snake","OrangePellets","Golden Idol","Old Coin","FossilizedHelix","PreservedInsect","Runic Pyramid","Bag of Marbles","Bag of Preparation","Snecko Eye","Membership Card","Regal Pillow","Mummified Hand","Anchor","Tiny Chest","Dodecahedron","Snake Skull"],"potions_floor_usage":[],"damage_taken":[{"damage":0.0,"enemies":"Jaw Worm","floor":1.0,"turns":5.0},{"damage":0.0,"enemies":"Small Slimes","floor":3.0,"turns":4.0},{"damage":0.0,"enemies":"Cultist","floor":7.0,"turns":3.0},{"damage":19.0,"enemies":"3 Sentries","floor":8.0,"turns":16.0},{"damage":10.0,"enemies":"Gremlin Nob","floor":10.0,"turns":5.0},{"damage":0.0,"enemies":"Large Slime","floor":12.0,"turns":5.0},{"damage":0.0,"enemies":"Gremlin Gang","floor":14.0,"turns":4.0},{"damage":8.0,"enemies":"Slime Boss","floor":16.0,"turns":9.0},{"damage":1.0,"enemies":"2 Thieves","floor":18.0,"turns":5.0},{"damage":0.0,"enemies":"Spheric Guardian","floor":21.0,"turns":4.0},{"damage":0.0,"enemies":"Centurion and Healer","floor":22.0,"turns":5.0},{"damage":6.0,"enemies":"Book of Stabbing","floor":24.0,"turns":6.0},{"damage":21.0,"enemies":"Gremlin Leader","floor":28.0,"turns":9.0},{"damage":0.0,"enemies":"Sentry and Sphere","floor":29.0,"turns":3.0},{"damage":0.0,"enemies":"Snecko","floor":30.0,"turns":4.0},{"damage":0.0,"enemies":"Centurion and Healer","floor":31.0,"turns":4.0},{"damage":0.0,"enemies":"Automaton","floor":33.0,"turns":4.0},{"damage":10.0,"enemies":"3 Darklings","floor":35.0,"turns":4.0},{"damage":2.0,"enemies":"Orb Walker","floor":36.0,"turns":4.0},{"damage":0.0,"enemies":"Jaw Worm Horde","floor":38.0,"turns":2.0},{"damage":0.0,"enemies":"4 Shapes","floor":39.0,"turns":2.0},{"damage":0.0,"enemies":"Maw","floor":41.0,"turns":6.0},{"damage":0.0,"enemies":"Nemesis","floor":45.0,"turns":3.0},{"damage":23.0,"enemies":"Jaw Worm Horde","floor":48.0,"turns":3.0},{"damage":0.0,"enemies":"Time Eater","floor":50.0,"turns":4.0},{"damage":0.0,"enemies":"Shield and Spear","floor":54.0,"turns":4.0},{"damage":0,"enemies":"The Heart","floor":55,"turns":10}],"seed_played":"-6547490566959067333","potions_obtained":[{"floor":3.0,"key":"Swift Potion"},{"floor":7.0,"key":"Block Potion"},{"floor":8.0,"key":"Ancient Potion"},{"floor":10.0,"key":"Swift Potion"},{"floor":16.0,"key":"Swift Potion"},{"floor":24.0,"key":"Swift Potion"}],"is_trial":false,"path_per_floor":["M","$","M","?","?","R","M","E","T","E","?","M","R","M","R","B",null,"M","?","$","M","M","R","E","R","T","$","E","M","M","M","R","B",null,"M","M","$","M","M","R","M","R","T","?","E","R","?","M","R","B",null,"R","$","E","B",null],"character_chosen":"THE_SILENT","items_purchased":["OrangePellets","Well Laid Plans","Dash","Apotheosis","Membership Card","Regal Pillow","Mummified Hand","Dodecahedron","GhostInAJar"],"campfire_rested":2,"item_purchase_floors":[2,2,2,20,37,37,37,53,53],"current_hp_per_floor":[45,45,45,45,38,38,38,19,19,9,9,9,9,9,9,1,49,48,48,48,48,48,48,42,42,42,42,21,21,21,21,21,21,54,44,42,42,42,42,42,42,65,65,65,65,65,65,42,65,65,65,65,65,65,65],"gold":122,"neow_bonus":"TWO_FIFTY_GOLD","is_prod":false,"is_daily":false,"chose_seed":true,"campfire_upgraded":8,"win_rate":0,"timestamp":1543488629,"path_taken":["M","$","M","?","?","R","M","E","T","E","?","M","R","?","R","BOSS","M","?","$","M","?","R","E","R","T","$","E","M","M","M","R","BOSS","M","M","$","?","M","R","?","R","T","?","E","R","?","M","R","BOSS","R","$","E","BOSS"],"build_version":"2018-11-15","purchased_purges":4,"victory":true,"max_hp_per_floor":[70,70,70,65,65,65,65,65,65,65,65,65,65,65,65,65,65,65,65,65,65,65,65,65,65,65,65,65,65,65,65,65,65,65,65,65,65,65,65,65,65,65,65,65,65,65,65,65,65,65,65,65,65,65,65],"card_choices":[{"not_picked":["PiercingWail","Slice"],"picked":"Acrobatics","floor":1.0},{"not_picked":["Cloak And Dagger","PiercingWail"],"picked":"Predator","floor":3.0},{"not_picked":["Dagger Spray","Flying Knee","Slice"],"picked":"SKIP","floor":7.0},{"not_picked":["Blur","Distraction"],"picked":"Poisoned Stab","floor":8.0},{"not_picked":["Dodge and Roll","Masterful Stab"],"picked":"Backstab","floor":10.0},{"not_picked":["Dagger Spray","Blade Dance"],"picked":"Deadly Poison","floor":12.0},{"not_picked":["Distraction","Reflex"],"picked":"Deadly Poison","floor":14.0},{"not_picked":["Glass Knife","Phantasmal Killer"],"picked":"Adrenaline","floor":16.0},{"not_picked":["Poisoned Stab","Dagger Spray","Deadly Poison"],"picked":"SKIP","floor":18.0},{"not_picked":["Deflect","Heel Hook","Setup"],"picked":"SKIP","floor":21.0},{"not_picked":["Setup","Prepared"],"picked":"Acrobatics","floor":22.0},{"not_picked":["Leg Sweep","Dodge and Roll+1","Backflip"],"picked":"SKIP","floor":24.0},{"not_picked":["Reflex","Flying Knee"],"picked":"Tactician","floor":28.0},{"not_picked":["Sucker Punch","PiercingWail","Underhanded Strike"],"picked":"SKIP","floor":29.0},{"not_picked":["Prepared","Accuracy"],"picked":"Footwork","floor":30.0},{"not_picked":["Cloak And Dagger","Tactician","Well Laid Plans+1"],"picked":"SKIP","floor":31.0},{"not_picked":["Storm of Steel","Bullet Time"],"picked":"Grand Finale","floor":33.0},{"not_picked":["Quick Slash+1","Escape Plan","Dagger Spray"],"picked":"SKIP","floor":35.0},{"not_picked":["Poisoned Stab","Dagger Throw+1","PiercingWail"],"picked":"SKIP","floor":36.0},{"not_picked":["Flying Knee","Dodge and Roll","Slice+1"],"picked":"SKIP","floor":38.0},{"not_picked":["Terror","Expertise+1","Burst"],"picked":"SKIP","floor":39.0},{"not_picked":["Tactician","Dash","Underhanded Strike+1"],"picked":"SKIP","floor":41.0},{"not_picked":["Dagger Throw+1","PiercingWail+1","Dash"],"picked":"SKIP","floor":45.0},{"not_picked":["Underhanded Strike","Slice","Cloak And Dagger"],"picked":"SKIP","floor":48.0},{"not_picked":["Backflip+1","Acrobatics","Flying Knee"],"picked":"SKIP","floor":54.0}],"player_experience":1184942,"relics_obtained":[{"floor":8.0,"key":"Old Coin"},{"floor":9.0,"key":"FossilizedHelix"},{"floor":10.0,"key":"PreservedInsect"},{"floor":24.0,"key":"Bag of Marbles"},{"floor":28.0,"key":"Bag of Preparation"},{"floor":43.0,"key":"Anchor"},{"floor":45.0,"key":"Tiny Chest"},{"floor":54.0,"key":"Snake Skull"}],"event_choices":[{"damage_healed":0.0,"max_hp_gain":0.0,"max_hp_loss":5.0,"gold_gain":0.0,"event_name":"Golden Idol","player_choice":"Lose Max HP","floor":4.0,"gold_loss":0.0,"damage_taken":0.0,"relics_obtained":["Golden Idol"]},{"cards_removed":["Strike_G"],"damage_healed":0.0,"max_hp_gain":0.0,"max_hp_loss":0.0,"gold_gain":0.0,"event_name":"Golden Wing","player_choice":"Card Removal","floor":5.0,"gold_loss":0.0,"damage_taken":7.0},{"damage_healed":0.0,"max_hp_gain":0.0,"max_hp_loss":0.0,"gold_gain":0.0,"event_name":"Match and Keep!","player_choice":"1 cards matched","floor":11.0,"gold_loss":0.0,"damage_taken":0.0,"cards_obtained":["Purity"]},{"cards_removed":["Strike_G"],"damage_healed":0.0,"max_hp_gain":0.0,"max_hp_loss":0.0,"gold_gain":0.0,"event_name":"Bonfire Elementals","player_choice":"Offered Basic","floor":19.0,"gold_loss":0.0,"damage_taken":0.0},{"damage_healed":0.0,"max_hp_gain":0.0,"max_hp_loss":0.0,"gold_gain":0.0,"event_name":"Tomb of Lord Red Mask","player_choice":"Ignored","floor":44.0,"gold_loss":0.0,"damage_taken":0.0},{"damage_healed":0.0,"max_hp_gain":0.0,"max_hp_loss":0.0,"gold_gain":0.0,"event_name":"Match and Keep!","player_choice":"0 cards matched","floor":47.0,"gold_loss":0.0,"damage_taken":0.0,"cards_obtained":[]}],"is_beta":false,"boss_relics":[{"not_picked":["Lizard Tail","Coffee Dripper"],"picked":"Runic Pyramid"},{"not_picked":["Ring of the Serpent","Fusion Hammer"],"picked":"Snecko Eye"}],"items_purged_floors":[20,27,37,53],"is_endless":false,"potions_floor_spawned":[3,7,8,10,16,22,24,28,39,41],"ascension_level":12}