{"gold_per_floor":[118,134,134,59,59,92,92,11,11,11,28,43,53,78,78,150,150,161,176,24,24,24,55,55,73,97,97,18,31,45,79,79,158,158,169,40,40,52,68,101,101,128,128,128,128,156,168,203,203,203,203],"floor_reached":51,"playtime":2930,"items_purged":["Strike_G","Pain"],"score":2051,"play_id":"84c130b7-89eb-400a-a6b6-cbdcad737e6b","local_time":"20190217164515","is_ascension_mode":true,"campfire_choices":[{"data":"1","floor":7.0,"key":"LIFT"},{"data":"2","floor":10.0,"key":"LIFT"},{"data":"3","floor":15.0,"key":"LIFT"},{"data":"Well Laid Plans","floor":24.0,"key":"SMITH"},{"floor":27,"key":"REST"},{"floor":32,"key":"REST"},{"floor":44,"key":"RECALL"},{"floor":49,"key":"REST"}],"neow_cost":"NONE","seed_source_timestamp":25167669057458,"circlet_count":0,"master_deck":["AscendersBane","Defend_G+1","Defend_G+1","Defend_G+1","Defend_G+1","Defend_G+1","Strike_G+1","Strike_G+1","Survivor+1","Neutralize+1","Concentrate+1","Infinite Blades+1","Well Laid Plans+1","Backstab+1","Riddle With Holes+1","Expertise+1","After Image+1","Reflex+1","Skewer+1","Well Laid Plans+1","Prepared+1","Infinite Blades+1","Endless Agony+1","Venomology+1","Cloak And Dagger+1","Corpse Explosion+1","PiercingWail+1","Blade Dance+1","Well Laid Plans+1","Infinite Blades+1","Well Laid Plans+1","Distraction+1","Cloak And Dagger+1"],"special_seed":0,"relics":["Ring of the Snake","NeowsBlessing","Girya","Mercury Hourglass","Bottled Lightning","Black Star","WarpedTongs","Dead Branch","Unceasing Top","Anchor","Thread and Needle","Happy Flower","Cursed Key","Sundial","Whetstone","Mark of the Bloom","Omamori","Ancient Tea Set","Frozen Egg 2","War Paint","Juzu Bracelet","Bag of Preparation"],"potions_floor_usage":[25,33,39,39,40,40,47,50,50,51],"damage_taken":[{"damage":0.0,"enemies":"Cultist","floor":1.0,"turns":1.0},{"damage":0.0,"enemies":"Jaw Worm","floor":2.0,"turns":1.0},{"damage":0.0,"enemies":"Lagavulin","floor":6.0,"turns":1.0},{"damage":0.0,"enemies":"2 Louse","floor":11.0,"turns":2.0},{"damage":1.0,"enemies":"Large Slime","floor":12.0,"turns":5.0},{"damage":9.0,"enemies":"Red Slaver","floor":13.0,"turns":2.0},{"damage":2.0,"enemies":"3 Sentries","floor":14.0,"turns":5.0},{"damage":40.0,"enemies":"The Guardian","floor":16.0,"turns":9.0},{"damage":9.0,"enemies":"3 Byrds","floor":18.0,"turns":5.0},{"damage":9.0,"enemies":"Shell Parasite","floor":19.0,"turns":5.0},{"damage":9.0,"enemies":"Colosseum Slavers","floor":21.0,"turns":4.0},{"damage":9.0,"enemies":"Gremlin Leader","floor":23.0,"turns":8.0},{"damage":17,"enemies":"Cultist and Chosen","floor":25,"turns":4},{"damage":1,"enemies":"Centurion and Healer","floor":29,"turns":4},{"damage":16,"enemies":"Snecko","floor":30,"turns":4},{"damage":0,"enemies":"Slavers","floor":31,"turns":5},{"damage":2,"enemies":"Champ","floor":33,"turns":10},{"damage":0,"enemies":"Orb Walker","floor":35,"turns":2},{"damage":0,"enemies":"3 Darklings","floor":38,"turns":2},{"damage":0,"enemies":"Transient","floor":39,"turns":6},{"damage":0,"enemies":"Reptomancer","floor":40,"turns":6},{"damage":0,"enemies":"Giant Head","floor":42,"turns":4},{"damage":0,"enemies":"Reptomancer","floor":46,"turns":5},{"damage":0,"enemies":"Jaw Worm Horde","floor":47,"turns":3},{"damage":0,"enemies":"Nemesis","floor":48,"turns":5},{"damage":20,"enemies":"Time Eater","floor":50,"turns":9},{"damage":57,"enemies":"Awakened One","floor":51,"turns":5}],"seed_played":"203657942396317710","potions_obtained":[{"floor":11.0,"key":"Regen Potion"},{"floor":12.0,"key":"Energy Potion"},{"floor":13.0,"key":"PowerPotion"},{"floor":23.0,"key":"LiquidBronze"},{"floor":31,"key":"SmokeBomb"},{"floor":39,"key":"Weak Potion"}],"is_trial":false,"path_per_floor":["M","M","?","?","$","E","R","$","T","R","M","M","M","E","R","B",null,"M","M","$","?","?","E","R","M","T","R","$","M","M","E","R","B",null,"M","$","$","M","M","E","?","E","T","R","?","E","M","E","R","B","B"],"character_chosen":"THE_SILENT","items_purchased":["Well Laid Plans","Well Laid Plans","Infinite Blades","Blade Dance"],"campfire_rested":3,"item_purchase_floors":[8,20,28,36],"current_hp_per_floor":[59,59,64,64,64,64,64,64,64,64,64,63,54,66,66,26,60,51,42,42,33,33,24,24,7,7,28,28,27,11,11,32,30,61,61,61,61,61,61,61,61,61,61,61,61,61,61,61,61,41,0],"gold":203,"neow_bonus":"THREE_ENEMY_KILL","is_prod":false,"is_daily":false,"chose_seed":false,"campfire_upgraded":1,"win_rate":0,"timestamp":1550393115,"path_taken":["M","M","?","?","?","E","R","$","T","R","?","M","M","E","R","BOSS","M","M","$","?","?","E","R","?","T","R","$","M","M","E","R","BOSS","M","?","$","M","M","E","?","E","T","R","?","E","M","E","R","BOSS","BOSS"],"build_version":"2019-01-23","purchased_purges":2,"victory":false,"max_hp_per_floor":[66,66,71,71,71,71,71,71,71,71,71,71,71,71,71,71,71,71,71,71,71,71,71,71,71,71,71,71,71,71,71,71,71,71,71,71,71,71,71,71,71,71,71,71,71,71,71,71,71,71,71],"card_choices":[{"not_picked":["Slice","Skewer","Flying Knee"],"picked":"SKIP","floor":1.0},{"not_picked":["Heel Hook","Riddle With Holes"],"picked":"Concentrate","floor":2.0},{"not_picked":["Deflect","Storm of Steel"],"picked":"Infinite Blades","floor":6.0},{"not_picked":["Blade Dance","Outmaneuver"],"picked":"Backstab","floor":11.0},{"not_picked":["Dagger Spray","Concentrate"],"picked":"Riddle With Holes","floor":12.0},{"not_picked":["Outmaneuver","Quick Slash","Sucker Punch"],"picked":"SKIP","floor":13.0},{"not_picked":["Outmaneuver","Quick Slash","Sucker Punch"],"picked":"SKIP","floor":13.0},{"not_picked":["Dodge and Roll","Heel Hook"],"picked":"Expertise","floor":14.0},{"not_picked":["Night Terror","Corpse Explosion"],"picked":"After Image","floor":16.0},{"not_picked":["Riddle With Holes+1","Dodge and Roll"],"picked":"Reflex","floor":18.0},{"not_picked":["Dagger Throw","PiercingWail"],"picked":"Skewer","floor":19.0},{"not_picked":["Endless Agony","Expertise"],"picked":"Prepared+1","floor":23.0},{"not_picked":["Outmaneuver","Dagger Throw","Reflex"],"picked":"SKIP","floor":25},{"not_picked":["Sucker Punch+1","Outmaneuver"],"picked":"Endless Agony","floor":29},{"not_picked":["Dagger Throw","Dash+1"],"picked":"Venomology","floor":30},{"not_picked":["Poisoned Stab","Die Die Die"],"picked":"Cloak And Dagger","floor":31},{"not_picked":["Doppelganger","Die Die Die"],"picked":"Corpse Explosion","floor":33},{"not_picked":["Prepared","Bane"],"picked":"PiercingWail","floor":35},{"not_picked":["Dagger Throw","Quick Slash"],"picked":"Well Laid Plans+1","floor":38},{"not_picked":["Deadly Poison","Footwork+1"],"picked":"Infinite Blades","floor":39},{"not_picked":["Accuracy","Escape Plan+1"],"picked":"Well Laid Plans","floor":40},{"not_picked":["Quick Slash+1","Flying Knee"],"picked":"Distraction","floor":42},{"not_picked":["Bane","Skewer"],"picked":"Cloak And Dagger","floor":46},{"not_picked":["Slice","Deflect","Burst"],"picked":"SKIP","floor":47},{"not_picked":["Predator","Slice","Quick Slash"],"picked":"SKIP","floor":48}],"player_experience":2868056,"relics_obtained":[{"floor":6.0,"key":"Girya"},{"floor":9.0,"key":"Mercury Hourglass"},{"floor":14.0,"key":"Bottled Lightning"},{"floor":23.0,"key":"Dead Branch"},{"floor":23.0,"key":"Unceasing Top"},{"floor":26,"key":"Anchor"},{"floor":31,"key":"Thread and Needle"},{"floor":31,"key":"Happy Flower"},{"floor":40,"key":"Sundial"},{"floor":40,"key":"Whetstone"},{"floor":42,"key":"Omamori"},{"floor":42,"key":"Ancient Tea Set"},{"floor":46,"key":"Frozen Egg 2"},{"floor":46,"key":"War Paint"},{"floor":48,"key":"Juzu Bracelet"},{"floor":48,"key":"Bag of Preparation"}],"event_choices":[{"damage_healed":0.0,"max_hp_gain":5.0,"max_hp_loss":0.0,"gold_gain":0.0,"event_name":"Big Fish","player_choice":"Donut","floor":3.0,"gold_loss":0.0,"damage_taken":0.0},{"cards_removed":["Strike_G"],"damage_healed":0.0,"max_hp_gain":0.0,"max_hp_loss":0.0,"gold_gain":0.0,"event_name":"The Cleric","player_choice":"Card Removal","floor":4.0,"gold_loss":75.0,"damage_taken":0.0},{"damage_healed":0.0,"max_hp_gain":0.0,"max_hp_loss":0.0,"gold_gain":0.0,"event_name":"Colosseum","player_choice":"Fight","floor":21.0,"gold_loss":0.0,"damage_taken":0.0},{"damage_healed":0.0,"max_hp_gain":0.0,"max_hp_loss":0.0,"gold_gain":0.0,"event_name":"Colosseum","player_choice":"Fled From Nobs","floor":21.0,"gold_loss":0.0,"damage_taken":0.0},{"damage_healed":0.0,"max_hp_gain":0.0,"max_hp_loss":0.0,"gold_gain":0.0,"event_name":"Accursed Blacksmith","player_choice":"Rummage","floor":22.0,"gold_loss":0.0,"damage_taken":0.0,"relics_obtained":["WarpedTongs"],"cards_obtained":["Pain"]},{"damage_healed":0,"gold_gain":0,"player_choice":"Upgrade","damage_taken":0,"relics_obtained":["Mark of the Bloom"],"max_hp_gain":0,"max_hp_loss":0,"event_name":"MindBloom","floor":41,"gold_loss":0,"cards_upgraded":["Defend_G","Defend_G","Defend_G","Defend_G","Defend_G","Strike_G","Survivor","Neutralize","Concentrate","Infinite Blades","Backstab","Riddle With Holes","Expertise","After Image","Reflex","Skewer","Well Laid Plans","Infinite Blades","Endless Agony","Venomology","Cloak And Dagger","Corpse Explosion","PiercingWail","Blade Dance","Infinite Blades","Well Laid Plans"]},{"cards_removed":["Strike_G"],"damage_healed":0,"gold_gain":0,"player_choice":"Removed Attack","damage_taken":0,"max_hp_gain":0,"max_hp_loss":0,"event_name":"Falling","floor":45,"gold_loss":0}],"is_beta":false,"boss_relics":[{"not_picked":["Lizard Tail","Calling Bell"],"picked":"Black Star"},{"not_picked":["Astrolabe","Snecko Eye"],"picked":"Cursed Key"}],"items_purged_floors":[20,36],"is_endless":false,"potions_floor_spawned":[11,12,13,21,23,31,35,39,46],"killed_by":"Awakened One","ascension_level":20}