{"path_per_floor":["M","M","M","?","M","E","R","M","T","R","$","R","M","?","R","B",null,"M","M","?","?","?","E","R","E","T","$","M","R","M"],"character_chosen":"DEFECT","items_purchased":["Ice Cream","Strawberry"],"gold_per_floor":[117,137,156,256,276,311,311,321,346,346,39,39,59,59,59,160,160,172,183,183,183,183,214,214,244,315,96,107,107,121,121],"floor_reached":31,"campfire_rested":3,"playtime":1722,"current_hp_per_floor":[72,72,66,66,62,34,71,69,69,69,69,69,61,61,61,6,75,63,45,31,31,31,8,47,8,8,15,2,43,4,4],"items_purged":["Defend_B"],"gold":121,"score":274,"play_id":"e593eb83-eee6-45ac-8cec-e3777d56d26b","local_time":"20180501220119","is_prod":false,"is_daily":false,"chose_seed":false,"is_ascension_mode":false,"campfire_upgraded":3,"timestamp":1525204879,"path_taken":["M","M","M","?","M","E","R","M","T","R","$","R","M","?","R","BOSS","M","M","?","?","?","E","R","E","T","$","M","R","?","M"],"build_version":"2018-04-30","seed_source_timestamp":0,"purchased_purges":1,"victory":false,"master_deck":["Strike_B","Strike_B","Strike_B","Strike_B","Defend_B","Defend_B","Defend_B+1","Zap+1","Dualcast","Reboot","Sunder","Skim+1","Capacitor+1","Sweeping Beam","Reprogram","Blaster","Creative AI+1","Meteor Strike","Melter+1","Capacitor+1","Double Energy","Double Energy+1","Darkness+1"],"max_hp_per_floor":[75,75,75,75,75,75,75,75,75,75,75,75,75,75,75,75,75,75,75,80,80,80,80,80,80,80,87,87,87,87,87],"relics":["Cracked Core","Regal Pillow","DataDisk","Ice Cream","War Paint","Nuclear Battery","Spirit Poop","Vajra","Bronze Scales","Question Card","Strawberry"],"card_choices":[{"not_picked":["Beam Cell","Reprieve"],"picked":"Sunder","floor":1.0},{"not_picked":["Aggregate","Streamline"],"picked":"Skim","floor":2.0},{"not_picked":["Impulse","Ball Lightning"],"picked":"Capacitor","floor":3.0},{"not_picked":["Cold Snap","Rebound"],"picked":"Sweeping Beam","floor":5.0},{"not_picked":["Rebound","Aggregate"],"picked":"Reprogram","floor":6.0},{"not_picked":["Streamline","Flux Capacitor"],"picked":"Blaster","floor":8.0},{"not_picked":["Rebound","Sunder"],"picked":"Creative AI","floor":13.0},{"not_picked":["Machine Learning","Thunder Strike"],"picked":"Meteor Strike","floor":16.0},{"not_picked":["Sweeping Beam","Sunder"],"picked":"Melter","floor":18},{"not_picked":["Hologram","Skim"],"picked":"Capacitor","floor":19},{"not_picked":["Hologram","All For One"],"picked":"Double Energy","floor":23},{"not_picked":["Impulse","Aggregate"],"picked":"Double Energy","floor":25},{"not_picked":["Doom and Gloom","Capacitor","Sweeping Beam"],"picked":"Darkness","floor":28}],"player_experience":40488,"potions_floor_usage":[23],"damage_taken":[{"damage":3.0,"enemies":"Small Slimes","floor":1.0,"turns":3.0},{"damage":0.0,"enemies":"Cultist","floor":2.0,"turns":3.0},{"damage":6.0,"enemies":"Jaw Worm","floor":3.0,"turns":3.0},{"damage":4.0,"enemies":"Exordium Wildlife","floor":5.0,"turns":4.0},{"damage":28.0,"enemies":"Gremlin Nob","floor":6.0,"turns":4.0},{"damage":2.0,"enemies":"Large Slime","floor":8.0,"turns":6.0},{"damage":8.0,"enemies":"Red Slaver","floor":13.0,"turns":4.0},{"damage":55.0,"enemies":"The Guardian","floor":16.0,"turns":9.0},{"damage":12,"enemies":"3 Byrds","floor":18,"turns":5},{"damage":18,"enemies":"Chosen","floor":19,"turns":6},{"damage":23,"enemies":"Gremlin Leader","floor":23,"turns":7},{"damage":39,"enemies":"Slavers","floor":25,"turns":5},{"damage":13,"enemies":"3 Cultists","floor":28,"turns":3},{"damage":39,"enemies":"Cultist and Chosen","floor":30,"turns":4},{"damage":0,"enemies":"Snake Plant","floor":31,"turns":1}],"event_choices":[{"event_name":"Wheel of Change","player_choice":"Gold","floor":4.0,"damage_taken":0.0},{"event_name":"Big Fish","player_choice":"Box","floor":14.0,"damage_taken":0.0},{"event_name":"Forgotten Altar","player_choice":"Shed Blood","floor":20,"damage_taken":0},{"event_name":"Bonfire Elementals","player_choice":"CURSE","floor":21,"damage_taken":0},{"event_name":"Ghosts","player_choice":"Ignored","floor":22,"damage_taken":0}],"boss_relics":[],"potions_floor_spawned":[2,5,6,18,30],"seed_played":"9113479911288446812","killed_by":"Snake Plant","ascension_level":0,"is_trial":false}