{"gold_per_floor":[109,109,109,34,45,45,45,45,45,45,79,79,4,21,21,21],"floor_reached":16,"playtime":217,"items_purged":["Defend_G"],"score":242,"play_id":"545444ed-4079-4b54-8142-343143635654","local_time":"20190218213731","is_ascension_mode":true,"campfire_choices":[{"data":"Calculated Gamble","floor":6.0,"key":"SMITH"},{"data":"Reflex","floor":10,"key":"SMITH"},{"data":"Acrobatics","floor":12,"key":"SMITH"},{"data":"Concentrate","floor":15,"key":"SMITH"}],"neow_cost":"NONE","seed_source_timestamp":48884921860202,"circlet_count":0,"master_deck":["AscendersBane","Defend_G","Defend_G","Defend_G","Defend_G","Strike_G","Strike_G","Strike_G","Strike_G","Survivor","Neutralize","Calculated Gamble+1","Reflex+1","Acrobatics+1","Concentrate+1","Infinite Blades"],"special_seed":0,"relics":["Ring of the Snake","NeowsBlessing","Meat on the Bone","Prayer Wheel"],"potions_floor_usage":[16],"damage_taken":[{"damage":0.0,"enemies":"Cultist","floor":1.0,"turns":1.0},{"damage":0.0,"enemies":"Jaw Worm","floor":5.0,"turns":1.0},{"damage":0,"enemies":"Gremlin Nob","floor":11,"turns":1},{"damage":1,"enemies":"2 Louse","floor":14,"turns":3},{"damage":10,"enemies":"Slime Boss","floor":16,"turns":4}],"seed_played":"6126736357113554914","potions_obtained":[{"floor":1.0,"key":"EssenceOfSteel"},{"floor":3.0,"key":"Swift Potion"}],"is_trial":false,"path_per_floor":["M","$","?","$","M","R","?","?","T","R","E","R","$","M","R","B"],"character_chosen":"THE_SILENT","items_purchased":["Reflex"],"campfire_rested":0,"item_purchase_floors":[4],"current_hp_per_floor":[59,59,59,59,59,59,59,64,64,64,64,64,64,63,63,53],"gold":21,"neow_bonus":"THREE_ENEMY_KILL","is_prod":false,"is_daily":false,"chose_seed":false,"campfire_upgraded":4,"win_rate":0,"timestamp":1550497051,"path_taken":["M","?","?","$","?","R","?","?","T","R","E","R","$","M","R","BOSS"],"build_version":"2019-01-23","purchased_purges":1,"victory":false,"max_hp_per_floor":[66,66,66,66,66,66,66,71,71,71,71,71,71,71,71,71],"card_choices":[{"not_picked":["Backstab","Bane"],"picked":"Calculated Gamble","floor":1.0},{"not_picked":["Cloak And Dagger","Underhanded Strike"],"picked":"Acrobatics","floor":5.0},{"not_picked":["Crippling Poison","Flechettes","Quick Slash"],"picked":"SKIP","floor":11},{"not_picked":["Cloak And Dagger","Backflip"],"picked":"Concentrate","floor":14},{"not_picked":["Dagger Throw","Flying Knee"],"picked":"Infinite Blades","floor":14}],"player_experience":2923242,"relics_obtained":[{"floor":9,"key":"Meat on the Bone"},{"floor":11,"key":"Prayer Wheel"}],"event_choices":[{"damage_healed":0.0,"max_hp_gain":0.0,"max_hp_loss":0.0,"gold_gain":0.0,"event_name":"Lab","player_choice":"Got Potions","floor":3.0,"gold_loss":0.0,"damage_taken":0.0},{"cards_removed":["Strike_G"],"damage_healed":0,"gold_gain":0,"player_choice":"Forget","damage_taken":0,"max_hp_gain":0,"max_hp_loss":0,"event_name":"Living Wall","floor":7,"gold_loss":0},{"damage_healed":0,"gold_gain":0,"player_choice":"Donut","damage_taken":0,"max_hp_gain":5,"max_hp_loss":0,"event_name":"Big Fish","floor":8,"gold_loss":0}],"is_beta":false,"boss_relics":[],"items_purged_floors":[13],"is_endless":false,"potions_floor_spawned":[1,11],"killed_by":"Slime Boss","ascension_level":20}