{"path_per_floor":["M","T","?","$","?","R","M","E","T","M","?","R","M","M","R","B",null,"M","?","?","M","M","E","$","R","T","?"],"character_chosen":"THE_SILENT","items_purchased":["Tough Bandages"],"gold_per_floor":[115,115,365,28,28,28,47,88,115,130,130,130,143,157,157,286,286,241,241,166,166,166,166,66,66,66,66],"floor_reached":28,"campfire_rested":1,"playtime":1154,"current_hp_per_floor":[62,62,62,62,47,47,47,11,11,11,8,26,26,26,26,40,63,63,63,63,63,59,42,42,42,42,42],"items_purged":["Regret","Strike_G"],"gold":66,"score":236,"play_id":"e61d420a-87b1-4c93-85e4-3a462be341f4","local_time":"20180321175730","is_prod":false,"is_daily":false,"is_ascension_mode":false,"campfire_upgraded":3,"timestamp":1521626250,"path_taken":["M","?","?","$","?","R","M","E","T","?","?","R","M","M","R","BOSS","M","?","?","M","?","E","$","R","T","?","M"],"build_version":"2018-03-15v3","purchased_purges":2,"victory":false,"master_deck":["Defend_G","Defend_G","Defend_G","Defend_G","Strike_G","Strike_G","Strike_G","Strike_G","Survivor+1","Neutralize+1","Calculated Gamble+1","Escape Plan","Terror+1","Die Die Die","Blade Dance+1"],"max_hp_per_floor":[63,63,63,63,63,63,63,63,63,63,63,63,63,63,63,63,63,63,63,63,63,63,63,63,63,63,63],"relics":["Ring of the Snake","Ice Cream","Unceasing Top","Tough Bandages","Golden Idol","Pen Nib","Snake Skull","Dodecahedron","Ectoplasm","Juzu Bracelet","Regal Pillow"],"card_choices":[{"not_picked":["Deflect","Footwork"],"picked":"Calculated Gamble"},{"not_picked":["Riddle With Holes","Poisoned Stab"],"picked":"Escape Plan"},{"not_picked":["Malaise","Noxious Fumes"],"picked":"Blur"},{"not_picked":["Distraction","Deflect"],"picked":"Terror"},{"not_picked":["A Thousand Cuts","Glass Knife"],"picked":"Die Die Die"},{"not_picked":["Deflect","Terror"],"picked":"Blade Dance"}],"player_experience":298206,"potions_floor_usage":[16,23],"damage_taken":[{"damage":1.0,"enemies":"Cultist","floor":1.0,"turns":4.0},{"damage":0.0,"enemies":"2 Louse","floor":7.0,"turns":2.0},{"damage":36.0,"enemies":"3 Sentries","floor":8.0,"turns":14.0},{"damage":0.0,"enemies":"Jaw Worm","floor":10.0,"turns":4.0},{"damage":0,"enemies":"Large Slime","floor":13,"turns":8},{"damage":0,"enemies":"Looter","floor":14,"turns":3},{"damage":1,"enemies":"The Guardian","floor":16,"turns":14},{"damage":0,"enemies":"2 Thieves","floor":18,"turns":3},{"damage":0,"enemies":"3 Byrds","floor":21,"turns":5},{"damage":4,"enemies":"Snake Plant","floor":22,"turns":6},{"damage":17,"enemies":"Slavers","floor":23,"turns":5},{"damage":0,"enemies":"Centurion and Healer","floor":28,"turns":1}],"event_choices":[{"event_name":"Golden Shrine","player_choice":"Desecrate","floor":3.0,"damage_taken":0.0},{"event_name":"Golden Idol","player_choice":"Take Damage","floor":5.0,"damage_taken":0.0},{"event_name":"Scrap Ooze","player_choice":"success","floor":11,"damage_taken":3},{"event_name":"Upgrade Shrine","player_choice":"Upgraded","floor":19,"damage_taken":0},{"event_name":"Beggar","player_choice":"Gave Gold","floor":20,"damage_taken":0},{"event_name":"Back to Basics","player_choice":"Elegance","floor":27,"damage_taken":0}],"boss_relics":[{"not_picked":["Snecko Eye","Lizard Tail"],"picked":"Ectoplasm"}],"potions_floor_spawned":[7,10,13,18,22],"seed_played":"-5863264740440664630","killed_by":"Centurion and Healer","ascension_level":0,"is_trial":false}