{"gold_per_floor":[363,383,0,10,10,10,25,25,78,111,111,123,123,153,153,227,227,240,240,165,165,26,53,53,81,81,81,93,128,128,147,147,220,220,239,75,88,88,99,131,131,159,182,182,232,182,193,222,222,222,222,222,222,14,41,41],"floor_reached":57,"playtime":2889,"items_purged":["Scrape","Zap","Double Energy+1"],"score":3708,"play_id":"00b2891a-5a48-40e9-bd6f-3c46813d5d71","local_time":"20190319175757","is_ascension_mode":true,"campfire_choices":[{"data":"Defragment","floor":6.0,"key":"SMITH"},{"data":"Double Energy","floor":8.0,"key":"SMITH"},{"data":"Dualcast","floor":11.0,"key":"SMITH"},{"data":"Coolheaded","floor":13.0,"key":"SMITH"},{"data":"Rainbow","floor":15.0,"key":"SMITH"},{"data":"Sunder","floor":24.0,"key":"SMITH"},{"data":"Recycle","floor":30.0,"key":"SMITH"},{"data":"Skim","floor":32.0,"key":"SMITH"},{"floor":41,"key":"RECALL"},{"data":"Seek","floor":44,"key":"SMITH"},{"data":"Double Energy","floor":49,"key":"SMITH"},{"data":"Chaos","floor":53,"key":"SMITH"}],"neow_cost":"TEN_PERCENT_HP_LOSS","seed_source_timestamp":23288422296721,"circlet_count":0,"master_deck":["AscendersBane","Dualcast+1","Defragment+1","Double Energy+1","Compile Driver","Rainbow+1","Coolheaded+1","Seek+1","Sunder+1","Gash","Fusion+1","Recycle+1","Skim+1","Core Surge","Chaos+1"],"special_seed":0,"relics":["Cracked Core","Membership Card","Ice Cream","Anchor","Vajra","Singing Bowl","Empty Cage","Bag of Preparation","Sundial","Strawberry","Blue Candle","Bag of Marbles","Smiling Mask","Pandora\u0027s Box","Medical Kit","Oddly Smooth Stone","Du-Vu Doll","Happy Flower","War Paint"],"potions_floor_usage":[50,50,56],"damage_taken":[{"damage":2.0,"enemies":"2 Louse","floor":1.0,"turns":2.0},{"damage":10.0,"enemies":"Small Slimes","floor":2.0,"turns":3.0},{"damage":4.0,"enemies":"Jaw Worm","floor":4.0,"turns":4.0},{"damage":3.0,"enemies":"3 Louse","floor":7.0,"turns":4.0},{"damage":7.0,"enemies":"Gremlin Nob","floor":10.0,"turns":3.0},{"damage":4.0,"enemies":"Red Slaver","floor":12.0,"turns":3.0},{"damage":17.0,"enemies":"3 Sentries","floor":14.0,"turns":6.0},{"damage":3.0,"enemies":"Hexaghost","floor":16.0,"turns":9.0},{"damage":0.0,"enemies":"Spheric Guardian","floor":18.0,"turns":3.0},{"damage":0.0,"enemies":"Gremlin Leader","floor":23.0,"turns":4.0},{"damage":0.0,"enemies":"Slavers","floor":25.0,"turns":6.0},{"damage":3.0,"enemies":"Chosen","floor":28.0,"turns":3.0},{"damage":0.0,"enemies":"Gremlin Leader","floor":29.0,"turns":3.0},{"damage":9.0,"enemies":"Shelled Parasite and Fungi","floor":31.0,"turns":3.0},{"damage":0.0,"enemies":"Collector","floor":33.0,"turns":3.0},{"damage":0,"enemies":"3 Shapes","floor":35,"turns":2},{"damage":0,"enemies":"3 Darklings","floor":37,"turns":3},{"damage":0,"enemies":"Transient","floor":39,"turns":5},{"damage":0,"enemies":"Reptomancer","floor":40,"turns":2},{"damage":0,"enemies":"Nemesis","floor":42,"turns":3},{"damage":0,"enemies":"Writhing Mass","floor":47,"turns":2},{"damage":0,"enemies":"Giant Head","floor":48,"turns":2},{"damage":0,"enemies":"Time Eater","floor":50,"turns":9},{"damage":0,"enemies":"Donu and Deca","floor":51,"turns":2},{"damage":0,"enemies":"Shield and Spear","floor":55,"turns":1},{"damage":62,"enemies":"The Heart","floor":56,"turns":4}],"seed_played":"-9029433986681761170","potions_obtained":[{"floor":4.0,"key":"SteroidPotion"},{"floor":12.0,"key":"AttackPotion"},{"floor":14.0,"key":"Strength Potion"},{"floor":16.0,"key":"AttackPotion"},{"floor":23.0,"key":"EntropicBrew"},{"floor":28.0,"key":"Fire Potion"},{"floor":29.0,"key":"Swift Potion"},{"floor":47,"key":"GamblersBrew"}],"is_trial":false,"path_per_floor":["M","M","$","M","?","R","M","R","T","E","R","M","R","E","R","B",null,"M","?","?","?","$","E","R","E","T","?","M","E","R","M","R","B",null,"M","$","M","?","M","E","R","E","T","R","?","$","M","E","R","B","B",null,"R","$","E","B",null],"character_chosen":"DEFECT","items_purchased":["Membership Card","Ice Cream","Sundial","Medical Kit","War Paint","GamblersBrew","Block Potion"],"campfire_rested":0,"item_purchase_floors":[3,3,22,36,54,54,54],"current_hp_per_floor":[62,52,52,48,41,41,38,38,38,31,31,27,27,12,12,9,52,54,54,54,54,54,63,63,63,63,63,60,62,62,55,55,55,75,77,77,79,79,81,83,83,85,85,85,85,85,87,89,89,89,89,91,91,91,93,31],"gold":41,"neow_bonus":"TWO_FIFTY_GOLD","is_prod":false,"is_daily":false,"chose_seed":false,"campfire_upgraded":11,"win_rate":0,"timestamp":1552989477,"path_taken":["M","M","$","M","?","R","M","R","T","E","R","M","R","E","R","BOSS","M","?","?","?","$","E","R","E","T","?","M","E","R","M","R","BOSS","M","$","M","?","M","E","R","E","T","R","?","$","?","E","R","BOSS","BOSS","R","$","E","BOSS"],"build_version":"2019-01-23","purchased_purges":3,"victory":true,"max_hp_per_floor":[64,64,64,64,64,64,64,64,64,64,64,64,64,66,66,66,66,68,68,68,68,68,77,77,77,77,77,77,79,79,81,81,81,81,83,83,85,81,83,85,85,87,87,87,87,87,89,91,91,91,91,91,91,91,93,93],"card_choices":[{"not_picked":["Hologram","Coolheaded"],"picked":"Defragment","floor":1.0},{"not_picked":["Stack","Force Field"],"picked":"Double Energy","floor":2.0},{"not_picked":["Gash","Leap"],"picked":"Compile Driver","floor":4.0},{"not_picked":["Capacitor","Recycle"],"picked":"Rainbow","floor":7.0},{"not_picked":["Conserve Battery","Barrage"],"picked":"Coolheaded","floor":10.0},{"not_picked":["Force Field","Steam","Sweeping Beam"],"picked":"SKIP","floor":12.0},{"not_picked":["Compile Driver","Tempest","Lockon"],"picked":"Singing Bowl","floor":14.0},{"not_picked":["Buffer","Reboot"],"picked":"Seek","floor":16.0},{"not_picked":["Beam Cell","Force Field","Rebound"],"picked":"Singing Bowl","floor":18.0},{"not_picked":["Hologram","Sweeping Beam","Force Field"],"picked":"Singing Bowl","floor":23.0},{"not_picked":["Loop+1","Steam"],"picked":"Fusion","floor":25.0},{"not_picked":["Hologram","Rip and Tear+1"],"picked":"Skim","floor":28.0},{"not_picked":["BootSequence+1","Cold Snap","Darkness"],"picked":"Singing Bowl","floor":29.0},{"not_picked":["Steam Power","Conserve Battery","Heatsinks"],"picked":"Singing Bowl","floor":31.0},{"not_picked":["Amplify","Electrodynamics"],"picked":"Core Surge","floor":33.0},{"not_picked":["Skim","Ball Lightning+1","Barrage"],"picked":"Singing Bowl","floor":35},{"not_picked":["Stack+1","Go for the Eyes","Chaos"],"picked":"Singing Bowl","floor":37},{"not_picked":["Gash","Hologram","Leap"],"picked":"Singing Bowl","floor":39},{"not_picked":["Stack","Ball Lightning","Hologram+1"],"picked":"Singing Bowl","floor":40},{"not_picked":["Gash","Go for the Eyes+1","Hello World"],"picked":"Singing Bowl","floor":42},{"not_picked":["Chaos+1","Conserve Battery+1","Cold Snap+1"],"picked":"Singing Bowl","floor":47},{"not_picked":["Recycle+1","All For One","Coolheaded"],"picked":"Singing Bowl","floor":48},{"not_picked":["Stack","Gash","Turbo"],"picked":"Singing Bowl","floor":55}],"player_experience":3726415,"relics_obtained":[{"floor":9.0,"key":"Anchor"},{"floor":10.0,"key":"Vajra"},{"floor":14.0,"key":"Singing Bowl"},{"floor":23.0,"key":"Strawberry"},{"floor":25.0,"key":"Blue Candle"},{"floor":26.0,"key":"Bag of Marbles"},{"floor":29.0,"key":"Smiling Mask"},{"floor":40,"key":"Oddly Smooth Stone"},{"floor":42,"key":"Du-Vu Doll"},{"floor":48,"key":"Happy Flower"}],"event_choices":[{"cards_removed":["Strike_B"],"damage_healed":0.0,"max_hp_gain":0.0,"max_hp_loss":0.0,"gold_gain":0.0,"event_name":"Golden Wing","player_choice":"Card Removal","floor":5.0,"gold_loss":0.0,"damage_taken":7.0},{"damage_healed":0.0,"max_hp_gain":0.0,"max_hp_loss":0.0,"gold_gain":0.0,"event_name":"The Mausoleum","player_choice":"Opened","floor":19.0,"gold_loss":0.0,"damage_taken":0.0,"relics_obtained":["Bag of Preparation"],"cards_obtained":["Writhe"]},{"cards_removed":["Writhe"],"damage_healed":0.0,"max_hp_gain":0.0,"max_hp_loss":0.0,"gold_gain":0.0,"event_name":"Beggar","player_choice":"Gave Gold","floor":20.0,"gold_loss":75.0,"damage_taken":0.0},{"damage_healed":0.0,"max_hp_gain":0.0,"max_hp_loss":0.0,"gold_gain":0.0,"cards_transformed":["Strike_B","Defend_B"],"event_name":"Drug Dealer","player_choice":"Became Test Subject","floor":21.0,"gold_loss":0.0,"damage_taken":0.0,"cards_obtained":["Sunder","Gash"]},{"damage_healed":0.0,"max_hp_gain":0.0,"max_hp_loss":0.0,"gold_gain":0.0,"event_name":"The Library","player_choice":"Read","floor":27.0,"gold_loss":0.0,"damage_taken":0.0,"cards_obtained":["Recycle"]},{"damage_healed":0,"gold_gain":0,"player_choice":"Max HP","damage_taken":0,"max_hp_gain":0,"max_hp_loss":4,"event_name":"Winding Halls","floor":38,"gold_loss":0},{"damage_healed":0,"gold_gain":50,"player_choice":"Pray","damage_taken":0,"max_hp_gain":0,"max_hp_loss":0,"event_name":"Golden Shrine","floor":45,"gold_loss":0}],"is_beta":false,"boss_relics":[{"not_picked":["Philosopher\u0027s Stone","Fusion Hammer"],"picked":"Empty Cage"},{"not_picked":["Tiny House","Velvet Choker"],"picked":"Pandora\u0027s Box"}],"items_purged_floors":[36,46,54],"is_endless":false,"potions_floor_spawned":[4,12,14,16,23,28,29,35,37,42,47,55],"ascension_level":20}