{"gold_per_floor":[111,128,53,53,63,63,90,90,115,115,190,190,207,70,70,70],"floor_reached":16,"playtime":352,"items_purged":["Strike_G","Strike_G"],"score":196,"play_id":"6496f457-2c3a-41f6-8c1a-97f6fa22da30","local_time":"20190220154818","is_ascension_mode":true,"campfire_choices":[{"data":"Masterful Stab","floor":6.0,"key":"SMITH"},{"data":"Masterful Stab","floor":8.0,"key":"SMITH"},{"data":"Neutralize","floor":10.0,"key":"SMITH"},{"data":"Catalyst","floor":15.0,"key":"SMITH"}],"neow_cost":"NONE","seed_source_timestamp":16284597587188,"circlet_count":0,"master_deck":["AscendersBane","Defend_G","Defend_G","Defend_G","Defend_G","Defend_G","Strike_G","Strike_G","Strike_G","Survivor","Neutralize+1","Masterful Stab+1","Masterful Stab+1","Escape Plan","Leg Sweep","Catalyst+1"],"special_seed":0,"relics":["Ring of the Snake","NeowsBlessing","Smiling Mask","Pen Nib","Snake Skull"],"potions_floor_usage":[16,16],"damage_taken":[{"damage":0.0,"enemies":"2 Louse","floor":1.0,"turns":1.0},{"damage":0.0,"enemies":"Jaw Worm","floor":2.0,"turns":1.0},{"damage":0.0,"enemies":"Small Slimes","floor":5.0,"turns":1.0},{"damage":30.0,"enemies":"3 Sentries","floor":7.0,"turns":15.0},{"damage":0.0,"enemies":"Looter","floor":13.0,"turns":3.0},{"damage":13,"enemies":"Slime Boss","floor":16,"turns":7}],"seed_played":"-2884085910055300844","potions_obtained":[{"floor":2.0,"key":"Ancient Potion"},{"floor":5.0,"key":"Poison Potion"},{"floor":7.0,"key":"Fire Potion"}],"is_trial":false,"path_per_floor":["M","M","$","?","M","R","E","R","T","R","?","?","M","$","R","B"],"character_chosen":"THE_SILENT","items_purchased":["Catalyst"],"campfire_rested":0,"item_purchase_floors":[14],"current_hp_per_floor":[59,59,59,64,64,64,34,34,34,34,23,18,18,18,18,5],"gold":70,"neow_bonus":"THREE_ENEMY_KILL","is_prod":false,"is_daily":false,"chose_seed":false,"campfire_upgraded":4,"win_rate":0,"timestamp":1550648898,"path_taken":["M","M","$","?","M","R","E","R","T","R","?","?","M","$","R","BOSS"],"build_version":"2019-01-23","purchased_purges":2,"victory":false,"max_hp_per_floor":[66,66,66,71,71,71,71,71,71,71,71,71,71,71,71,71],"card_choices":[{"not_picked":["Bane","Acrobatics","Poisoned Stab"],"picked":"SKIP","floor":1.0},{"not_picked":["Acrobatics","Cloak And Dagger"],"picked":"Masterful Stab","floor":2.0},{"not_picked":["Outmaneuver","Dodge and Roll"],"picked":"Masterful Stab","floor":5.0},{"not_picked":["Dagger Throw","Flechettes"],"picked":"Escape Plan","floor":7.0},{"not_picked":["Dodge and Roll","Slice"],"picked":"Leg Sweep","floor":13.0}],"player_experience":2992227,"relics_obtained":[{"floor":7.0,"key":"Smiling Mask"},{"floor":9.0,"key":"Pen Nib"}],"event_choices":[{"damage_healed":0.0,"max_hp_gain":5.0,"max_hp_loss":0.0,"gold_gain":0.0,"event_name":"Big Fish","player_choice":"Donut","floor":4.0,"gold_loss":0.0,"damage_taken":0.0},{"damage_healed":0.0,"max_hp_gain":0.0,"max_hp_loss":0.0,"gold_gain":75.0,"event_name":"World of Goop","player_choice":"Gather Gold","floor":11.0,"gold_loss":0.0,"damage_taken":11.0},{"damage_healed":0.0,"max_hp_gain":0.0,"max_hp_loss":0.0,"gold_gain":0.0,"event_name":"Scrap Ooze","player_choice":"Success","floor":12.0,"gold_loss":0.0,"damage_taken":5.0,"relics_obtained":["Snake Skull"]}],"is_beta":false,"boss_relics":[],"items_purged_floors":[3,14],"is_endless":false,"potions_floor_spawned":[2,5,7,13],"killed_by":"Slime Boss","ascension_level":20}