{"gold_per_floor":[118,129,129,145,169,169,184,184,232,157,157,157,180,180,180,279,279,300,313,313,313,73,73,108,108,108,131,46,46],"floor_reached":29,"playtime":1622,"items_purged":["Strike_R","Strike_R"],"score":408,"play_id":"5f579c9b-d280-4f75-a520-3fe6a60d9cb8","local_time":"20190807201200","is_ascension_mode":true,"campfire_choices":[{"data":"Twin Strike","floor":6.0,"key":"SMITH"},{"floor":8.0,"key":"REST"},{"data":"Body Slam","floor":12.0,"key":"SMITH"},{"data":"Spot Weakness","floor":15.0,"key":"SMITH"},{"data":"Heavy Blade","floor":23,"key":"SMITH"},{"floor":25,"key":"REST"}],"neow_cost":"NONE","seed_source_timestamp":0,"circlet_count":0,"master_deck":["AscendersBane","Strike_R","Strike_R","Strike_R","Defend_R","Defend_R","Defend_R","Defend_R","Bash","Sever Soul","Spot Weakness+1","Heavy Blade+1","Inflame","Twin Strike+1","Body Slam+1","Inflame","Barricade","True Grit","J.A.X.","Impervious","Twin Strike"],"special_seed":0,"relics":["Burning Blood","Golden Idol","Vajra","Gremlin Horn","Velvet Choker","Orichalcum","Toxic Egg 2","Dodecahedron"],"potions_floor_usage":[19,21,24,29],"damage_taken":[{"damage":7.0,"enemies":"Jaw Worm","floor":1.0,"turns":3.0},{"damage":9.0,"enemies":"2 Louse","floor":2.0,"turns":3.0},{"damage":10.0,"enemies":"Small Slimes","floor":4.0,"turns":4.0},{"damage":15.0,"enemies":"Gremlin Gang","floor":5.0,"turns":7.0},{"damage":19.0,"enemies":"Exordium Wildlife","floor":7.0,"turns":4.0},{"damage":1.0,"enemies":"2 Fungi Beasts","floor":13.0,"turns":3.0},{"damage":35.0,"enemies":"Hexaghost","floor":16.0,"turns":6.0},{"damage":21,"enemies":"Shell Parasite","floor":18,"turns":3},{"damage":11,"enemies":"Spheric Guardian","floor":19,"turns":3},{"damage":47,"enemies":"Slavers","floor":24,"turns":5},{"damage":24,"enemies":"Snecko","floor":27,"turns":5},{"damage":25,"enemies":"Book of Stabbing","floor":29,"turns":4}],"seed_played":"1917248019555994701","potions_obtained":[{"floor":1.0,"key":"GamblersBrew"},{"floor":13.0,"key":"FairyPotion"},{"floor":19,"key":"Explosive Potion"},{"floor":21,"key":"Fruit Juice"},{"floor":21,"key":"AttackPotion"},{"floor":27,"key":"EssenceOfSteel"}],"is_trial":false,"path_per_floor":["M","M","?","M","M","R","M","R","T","$","?","R","M","?","R","B",null,"M","M","?","?","$","R","E","R","T","M","?","E"],"character_chosen":"IRONCLAD","items_purchased":["Impervious"],"campfire_rested":2,"item_purchase_floors":[22],"current_hp_per_floor":[67,64,38,34,25,25,12,34,34,34,34,34,39,44,44,15,64,49,44,44,49,49,49,8,33,33,15,15,0],"gold":46,"neow_bonus":"THREE_CARDS","is_prod":false,"is_daily":false,"chose_seed":false,"campfire_upgraded":4,"win_rate":0,"timestamp":1565226720,"path_taken":["M","M","?","M","M","R","M","R","T","?","?","R","M","?","R","BOSS","M","M","?","?","$","R","E","R","T","?","?","E"],"build_version":"2019-07-17","purchased_purges":2,"victory":false,"max_hp_per_floor":[75,75,75,75,75,75,75,75,75,75,75,75,75,80,80,80,80,80,80,80,85,85,85,85,85,85,85,85,85],"card_choices":[{"not_picked":["Iron Wave","Heavy Blade"],"picked":"Sever Soul","floor":0.0},{"not_picked":["Flex","Seeing Red"],"picked":"Spot Weakness","floor":1.0},{"not_picked":["Rupture","Warcry"],"picked":"Heavy Blade","floor":2.0},{"not_picked":["Searing Blow","Dropkick"],"picked":"Inflame","floor":4.0},{"not_picked":["Sentinel","Ghostly Armor"],"picked":"Twin Strike","floor":5.0},{"not_picked":["Wild Strike","Disarm"],"picked":"Body Slam","floor":7.0},{"not_picked":["Carnage","Rage"],"picked":"Inflame","floor":13.0},{"not_picked":["Berserk","Demon Form"],"picked":"Barricade","floor":16.0},{"not_picked":["Anger","Thunderclap","Dropkick"],"picked":"SKIP","floor":18},{"not_picked":["Thunderclap+1","Inflame"],"picked":"True Grit","floor":19},{"not_picked":["Clothesline","Flex"],"picked":"Twin Strike","floor":24},{"not_picked":["Thunderclap","Spot Weakness+1","Dropkick"],"picked":"SKIP","floor":27}],"player_experience":463579,"relics_obtained":[{"floor":9.0,"key":"Vajra"},{"floor":24,"key":"Orichalcum"},{"floor":26,"key":"Toxic Egg 2"}],"event_choices":[{"damage_healed":0.0,"max_hp_gain":0.0,"max_hp_loss":0.0,"gold_gain":0.0,"event_name":"Golden Idol","player_choice":"Take Damage","floor":3.0,"gold_loss":0.0,"damage_taken":26.0,"relics_obtained":["Golden Idol"]},{"damage_healed":0.0,"max_hp_gain":0.0,"max_hp_loss":0.0,"gold_gain":0.0,"event_name":"Dead Adventurer","player_choice":"Searched \u00271\u0027 times","floor":11.0,"gold_loss":0.0,"damage_taken":0.0,"relics_obtained":["Gremlin Horn"]},{"damage_healed":0.0,"max_hp_gain":5.0,"max_hp_loss":0.0,"gold_gain":0.0,"event_name":"Big Fish","player_choice":"Donut","floor":14.0,"gold_loss":0.0,"damage_taken":0.0},{"damage_healed":0,"gold_gain":0,"player_choice":"Obtain J.A.X.","damage_taken":0,"max_hp_gain":0,"max_hp_loss":0,"event_name":"Drug Dealer","floor":20,"gold_loss":0,"cards_obtained":["J.A.X."]},{"damage_healed":0,"gold_gain":0,"player_choice":"Got Potions","damage_taken":0,"max_hp_gain":0,"max_hp_loss":0,"event_name":"Lab","floor":21,"gold_loss":0},{"damage_healed":0,"gold_gain":0,"player_choice":"Obtained Relic","damage_taken":0,"relics_obtained":["Dodecahedron"],"max_hp_gain":0,"max_hp_loss":0,"event_name":"Addict","floor":28,"gold_loss":85}],"is_beta":false,"boss_relics":[{"not_picked":["Coffee Dripper","Eternal Feather"],"picked":"Velvet Choker"}],"items_purged_floors":[10,22],"is_endless":false,"potions_floor_spawned":[1,2,13,19,27],"killed_by":"Book of Stabbing","ascension_level":15}