{"gold_per_floor":[115,131,56,72,87,87,12,37,37,111,111,131,143,43,43,120,120,134,152,77,96,96,129,129,157,209,238,238,159,159,179,179,255,255,274,326,326,340,340,365,365,390,390,119,139,168,168,118,118,118,118,118,118,14,40,40],"floor_reached":57,"playtime":2109,"items_purged":["Strike_G","Strike_G","Poisoned Stab+1","Finisher","Concentrate+1","Corpse Explosion+1"],"score":3392,"play_id":"dc86c53c-7fc8-476f-92e8-e344cdec5d66","local_time":"20190307184857","is_ascension_mode":true,"campfire_choices":[{"data":"Poisoned Stab","floor":6.0,"key":"SMITH"},{"data":"Expertise","floor":11.0,"key":"SMITH"},{"data":"Well Laid Plans","floor":15.0,"key":"SMITH"},{"data":"Neutralize","floor":30,"key":"SMITH"},{"floor":32,"key":"RECALL"},{"floor":41,"key":"REST"},{"floor":47,"key":"REST"},{"floor":49,"key":"REST"},{"floor":53,"key":"REST"}],"neow_cost":"NONE","seed_source_timestamp":25096097575836,"circlet_count":0,"master_deck":["AscendersBane","Survivor+1","Neutralize+1","Concentrate+1","Expertise+1","Well Laid Plans+1","Grand Finale+1","Cloak And Dagger+1","Doppelganger+1","Calculated Gamble+1","Distraction+1","Deadly Poison+1","Acrobatics+1","Backflip+1","Reflex+1"],"special_seed":0,"relics":["Ring of the Snake","NeowsBlessing","Toxic Egg 2","Tingsha","Pandora\u0027s Box","Snake Skull","Smiling Mask","War Paint","Black Star","Du-Vu Doll","Boot","Happy Flower","Letter Opener","Centennial Puzzle","PrismaticShard","Gambling Chip","Molten Egg 2","Lantern","Anchor"],"potions_floor_usage":[56,56],"damage_taken":[{"damage":0.0,"enemies":"Small Slimes","floor":1.0,"turns":1.0},{"damage":0.0,"enemies":"Jaw Worm","floor":2.0,"turns":1.0},{"damage":0.0,"enemies":"2 Louse","floor":4.0,"turns":1.0},{"damage":1.0,"enemies":"2 Fungi Beasts","floor":5.0,"turns":4.0},{"damage":36.0,"enemies":"Lagavulin","floor":8.0,"turns":10.0},{"damage":2.0,"enemies":"Exordium Thugs","floor":12.0,"turns":4.0},{"damage":0.0,"enemies":"Blue Slaver","floor":13.0,"turns":2.0},{"damage":2.0,"enemies":"The Guardian","floor":16.0,"turns":8.0},{"damage":5.0,"enemies":"2 Thieves","floor":18.0,"turns":2.0},{"damage":0.0,"enemies":"3 Byrds","floor":19.0,"turns":2.0},{"damage":0.0,"enemies":"Sentry and Sphere","floor":21.0,"turns":2.0},{"damage":0.0,"enemies":"Gremlin Leader","floor":23.0,"turns":3.0},{"damage":31,"enemies":"Slavers","floor":25,"turns":3},{"damage":0,"enemies":"Gremlin Leader","floor":27,"turns":2},{"damage":0,"enemies":"Cultist and Chosen","floor":31,"turns":2},{"damage":0,"enemies":"Automaton","floor":33,"turns":4},{"damage":17,"enemies":"3 Darklings","floor":35,"turns":2},{"damage":7,"enemies":"2 Orb Walkers","floor":36,"turns":3},{"damage":9,"enemies":"3 Shapes","floor":38,"turns":2},{"damage":5,"enemies":"Nemesis","floor":40,"turns":3},{"damage":0,"enemies":"Giant Head","floor":42,"turns":3},{"damage":0,"enemies":"3 Darklings","floor":45,"turns":1},{"damage":0,"enemies":"Reptomancer","floor":46,"turns":2},{"damage":20,"enemies":"Time Eater","floor":50,"turns":3},{"damage":0,"enemies":"Awakened One","floor":51,"turns":3},{"damage":0,"enemies":"Shield and Spear","floor":55,"turns":1},{"damage":65,"enemies":"The Heart","floor":56,"turns":5}],"seed_played":"-8096939707191207486","potions_obtained":[{"floor":1.0,"key":"SkillPotion"},{"floor":8.0,"key":"FearPotion"},{"floor":12.0,"key":"Dexterity Potion"},{"floor":16.0,"key":"Weak Potion"},{"floor":19.0,"key":"Energy Potion"},{"floor":37,"key":"SmokeBomb"}],"is_trial":false,"path_per_floor":["M","M","?","M","M","R","$","E","T","?","R","M","M","$","R","B",null,"M","M","?","M","$","E","?","E","T","E","?","$","R","M","R","B",null,"M","?","?","M","?","E","R","E","T","$","M","E","R","$","R","B","B",null,"R","$","E","B",null],"character_chosen":"THE_SILENT","items_purchased":["Acrobatics+1","PrismaticShard","PowerPotion"],"campfire_rested":4,"item_purchase_floors":[29,44,54],"current_hp_per_floor":[59,59,59,59,58,58,58,22,22,22,22,20,20,20,20,18,54,49,49,49,49,49,49,49,18,18,18,18,18,18,18,18,18,54,37,30,30,21,21,16,35,35,35,35,35,35,54,54,66,46,46,61,66,66,66,1],"gold":40,"neow_bonus":"THREE_ENEMY_KILL","is_prod":false,"is_daily":false,"chose_seed":false,"campfire_upgraded":4,"win_rate":0,"timestamp":1551955737,"path_taken":["M","M","?","M","M","R","$","E","T","?","R","M","M","$","R","BOSS","M","M","?","M","$","E","?","E","T","E","?","$","R","?","R","BOSS","M","?","?","?","?","E","R","E","T","$","M","E","R","$","R","BOSS","BOSS","R","$","E","BOSS"],"build_version":"2019-01-23","purchased_purges":6,"victory":true,"max_hp_per_floor":[66,66,66,66,66,66,66,66,66,66,66,66,66,66,66,66,66,66,66,66,66,66,66,66,66,66,66,66,66,66,66,66,66,66,66,66,66,66,66,66,66,66,66,66,66,66,66,66,66,66,66,66,66,66,66,66],"card_choices":[{"not_picked":["Cloak And Dagger","PiercingWail"],"picked":"Poisoned Stab","floor":1.0},{"not_picked":["Endless Agony","Dodge and Roll"],"picked":"Concentrate","floor":2.0},{"not_picked":["Poisoned Stab","Dagger Throw"],"picked":"Expertise","floor":4.0},{"not_picked":["Cloak And Dagger","Flying Knee","Dagger Throw"],"picked":"SKIP","floor":5.0},{"not_picked":["Dagger Throw","Bane"],"picked":"Backstab","floor":8.0},{"not_picked":["Bane","Sucker Punch"],"picked":"Corpse Explosion+1","floor":12.0},{"not_picked":["Acrobatics+1","Dagger Spray"],"picked":"Well Laid Plans","floor":13.0},{"not_picked":["Night Terror+1","Bullet Time+1"],"picked":"Grand Finale","floor":16.0},{"not_picked":["All Out Attack+1","Flying Knee+1","Masterful Stab"],"picked":"SKIP","floor":18.0},{"not_picked":["Blade Dance+1","Deadly Poison+1"],"picked":"Calculated Gamble+1","floor":19.0},{"not_picked":["Underhanded Strike","Heel Hook","Escape Plan+1"],"picked":"SKIP","floor":21.0},{"not_picked":["Flechettes","Finisher","Quick Slash"],"picked":"SKIP","floor":23.0},{"not_picked":["Sucker Punch","Cloak And Dagger+1","Poisoned Stab"],"picked":"SKIP","floor":25},{"not_picked":["Deflect+1","Cloak And Dagger+1","Prepared+1"],"picked":"SKIP","floor":27},{"not_picked":["Slice","Acrobatics+1","Terror+1"],"picked":"SKIP","floor":31},{"not_picked":["Cloak And Dagger+1","Eviscerate","Dagger Throw"],"picked":"SKIP","floor":35},{"not_picked":["Dodge and Roll+1","Leg Sweep+1","Noxious Fumes"],"picked":"SKIP","floor":38},{"not_picked":["Prepared+1","Blade Dance+1","All Out Attack"],"picked":"SKIP","floor":40},{"not_picked":["Venomology+1","Sucker Punch"],"picked":"Backflip+1","floor":42},{"not_picked":["Armaments+1","Dagger Throw","Iron Wave+1"],"picked":"SKIP","floor":45},{"not_picked":["Anger","Go for the Eyes","Multi-Cast+1"],"picked":"SKIP","floor":46},{"not_picked":["Dark Embrace","Tools of the Trade"],"picked":"Reflex+1","floor":55}],"player_experience":3384640,"relics_obtained":[{"floor":8.0,"key":"Toxic Egg 2"},{"floor":9.0,"key":"Tingsha"},{"floor":25,"key":"Snake Skull"},{"floor":26,"key":"Smiling Mask"},{"floor":27,"key":"War Paint"},{"floor":36,"key":"Du-Vu Doll"},{"floor":40,"key":"Boot"},{"floor":40,"key":"Happy Flower"},{"floor":42,"key":"Letter Opener"},{"floor":42,"key":"Centennial Puzzle"},{"floor":46,"key":"Gambling Chip"},{"floor":46,"key":"Molten Egg 2"},{"floor":55,"key":"Lantern"},{"floor":55,"key":"Anchor"}],"event_choices":[{"cards_removed":["Strike_G"],"damage_healed":0.0,"max_hp_gain":0.0,"max_hp_loss":0.0,"gold_gain":0.0,"event_name":"The Cleric","player_choice":"Card Removal","floor":3.0,"gold_loss":75.0,"damage_taken":0.0},{"damage_healed":0.0,"max_hp_gain":0.0,"max_hp_loss":0.0,"gold_gain":74.0,"event_name":"Golden Wing","player_choice":"Gained Gold","floor":10.0,"gold_loss":0.0,"damage_taken":0.0},{"cards_removed":["Riddle With Holes"],"damage_healed":0.0,"max_hp_gain":0.0,"max_hp_loss":0.0,"gold_gain":0.0,"event_name":"Beggar","player_choice":"Gave Gold","floor":20.0,"gold_loss":75.0,"damage_taken":0.0},{"damage_healed":0.0,"max_hp_gain":0.0,"max_hp_loss":0.0,"gold_gain":0.0,"cards_transformed":["Dagger Spray","Dagger Throw"],"event_name":"Drug Dealer","player_choice":"Became Test Subject","floor":24.0,"gold_loss":0.0,"damage_taken":0.0,"cards_obtained":["Distraction","Deadly Poison"]},{"damage_healed":0,"gold_gain":0,"player_choice":"Upgraded","damage_taken":0,"max_hp_gain":0,"max_hp_loss":0,"event_name":"Upgrade Shrine","floor":28,"gold_loss":0,"cards_upgraded":["Grand Finale"]},{"damage_healed":0,"gold_gain":0,"player_choice":"Fight","damage_taken":0,"max_hp_gain":0,"max_hp_loss":0,"event_name":"Mysterious Sphere","floor":36,"gold_loss":0},{"damage_healed":0,"gold_gain":0,"player_choice":"Got Potions","damage_taken":0,"max_hp_gain":0,"max_hp_loss":0,"event_name":"Lab","floor":37,"gold_loss":0},{"cards_removed":["Backstab"],"damage_healed":0,"gold_gain":0,"player_choice":"Removed Attack","damage_taken":0,"max_hp_gain":0,"max_hp_loss":0,"event_name":"Falling","floor":39,"gold_loss":0}],"is_beta":false,"boss_relics":[{"not_picked":["Orrery","WristBlade"],"picked":"Pandora\u0027s Box"},{"not_picked":["Lizard Tail","Fusion Hammer"],"picked":"Black Star"}],"items_purged_floors":[7,14,29,44,48,54],"is_endless":false,"potions_floor_spawned":[1,8,12,13,16,19,33,35,45],"ascension_level":20}