{"gold_per_floor":[99,99,2,2,2,2,2,2,2,2,0,0,0,0,0,0,0,0,0,0,0,0,0,0],"floor_reached":24,"playtime":496,"items_purged":[],"score":384,"play_id":"f908201f-b42a-4e6d-adc9-135c900c085f","local_time":"20190505162114","is_ascension_mode":true,"campfire_choices":[{"data":"Consume","floor":6.0,"key":"SMITH"},{"data":"Rip and Tear","floor":8.0,"key":"SMITH"},{"data":"Impatience","floor":10.0,"key":"SMITH"},{"data":"Loop","floor":13.0,"key":"SMITH"},{"data":"Zap","floor":15.0,"key":"SMITH"},{"data":"Rainbow","floor":23.0,"key":"SMITH"}],"neow_cost":"NONE","seed_source_timestamp":23747354020578,"circlet_count":0,"master_deck":["AscendersBane","Strike_B","Strike_B","Strike_B","Strike_B","Defend_B","Defend_B","Defend_B","Defend_B","Zap+1","Dualcast","Compile Driver","Impatience+1","Rip and Tear+1","Consume+1","Loop+1","Parasite","Rainbow+1","BootSequence","Undo"],"special_seed":0,"relics":["Ectoplasm","Matryoshka","Unceasing Top","Busted Crown","Meat on the Bone"],"potions_floor_usage":[24],"damage_taken":[{"damage":5.0,"enemies":"Small Slimes","floor":1.0,"turns":3.0},{"damage":2.0,"enemies":"Jaw Worm","floor":4.0,"turns":3.0},{"damage":5.0,"enemies":"2 Louse","floor":5.0,"turns":3.0},{"damage":7.0,"enemies":"Looter","floor":11.0,"turns":4.0},{"damage":12.0,"enemies":"Gremlin Nob","floor":12.0,"turns":3.0},{"damage":38.0,"enemies":"The Guardian","floor":16.0,"turns":8.0},{"damage":17.0,"enemies":"2 Thieves","floor":18.0,"turns":4.0},{"damage":21.0,"enemies":"Shell Parasite","floor":21.0,"turns":5.0},{"damage":19,"enemies":"Book of Stabbing","floor":24,"turns":4}],"seed_played":"-5029171014350175287","potions_obtained":[{"floor":4.0,"key":"SkillPotion"},{"floor":5.0,"key":"SteroidPotion"},{"floor":12.0,"key":"EssenceOfSteel"},{"floor":18.0,"key":"Swift Potion"}],"is_trial":false,"path_per_floor":["M","?","$","M","M","R","?","R","T","R","M","E","R","?","R","B",null,"M","?","?","M","T","R","E"],"character_chosen":"DEFECT","items_purchased":["Impatience"],"campfire_rested":0,"item_purchase_floors":[3],"current_hp_per_floor":[59,48,48,46,41,41,41,41,41,41,34,22,22,39,39,1,54,37,37,37,16,16,16,0],"gold":0,"neow_bonus":"BOSS_RELIC","is_prod":false,"is_daily":false,"chose_seed":false,"campfire_upgraded":6,"win_rate":0,"timestamp":1557044474,"path_taken":["M","?","$","M","M","R","?","R","T","R","M","E","R","?","R","BOSS","M","?","?","M","?","R","E"],"build_version":"2019-01-23","purchased_purges":0,"victory":false,"max_hp_per_floor":[71,71,71,71,71,71,71,71,71,71,71,71,71,71,71,71,71,71,71,71,71,71,71,71],"card_choices":[{"not_picked":["Rebound","Go for the Eyes"],"picked":"Compile Driver","floor":1.0},{"not_picked":["Doom and Gloom","Melter"],"picked":"Rip and Tear","floor":4.0},{"not_picked":["Tempest","Streamline"],"picked":"Consume","floor":5.0},{"not_picked":["Redo","Steam","Leap"],"picked":"SKIP","floor":11.0},{"not_picked":["Tempest","Scrape"],"picked":"Loop","floor":12.0},{"not_picked":["Reboot","Buffer"],"picked":"Rainbow","floor":16.0},{"not_picked":[],"picked":"BootSequence","floor":18.0},{"not_picked":[],"picked":"Undo","floor":21.0}],"player_experience":4598840,"relics_obtained":[{"floor":9.0,"key":"Matryoshka"},{"floor":12.0,"key":"Unceasing Top"},{"floor":22.0,"key":"Meat on the Bone"}],"event_choices":[{"damage_healed":0.0,"max_hp_gain":0.0,"max_hp_loss":0.0,"gold_gain":75.0,"event_name":"World of Goop","player_choice":"Gather Gold","floor":2.0,"gold_loss":0.0,"damage_taken":11.0},{"damage_healed":0.0,"max_hp_gain":0.0,"max_hp_loss":0.0,"gold_gain":0.0,"event_name":"Dead Adventurer","player_choice":"Searched \u00270\u0027 times","floor":7.0,"gold_loss":0.0,"damage_taken":0.0},{"damage_healed":17.0,"max_hp_gain":0.0,"max_hp_loss":0.0,"gold_gain":0.0,"event_name":"Mushrooms","player_choice":"Healed and dodged fight","floor":14.0,"gold_loss":0.0,"damage_taken":0.0,"cards_obtained":["Parasite"]},{"damage_healed":0.0,"max_hp_gain":0.0,"max_hp_loss":0.0,"gold_gain":0.0,"event_name":"The Mausoleum","player_choice":"Ignored","floor":19.0,"gold_loss":0.0,"damage_taken":0.0},{"damage_healed":0.0,"max_hp_gain":0.0,"max_hp_loss":0.0,"gold_gain":0.0,"event_name":"Vampires","player_choice":"Ignored","floor":20.0,"gold_loss":0.0,"damage_taken":0.0}],"is_beta":false,"boss_relics":[{"not_picked":["Calling Bell","Black Star"],"picked":"Busted Crown"}],"items_purged_floors":[],"is_endless":false,"potions_floor_spawned":[4,5,12,18],"killed_by":"Book of Stabbing","ascension_level":20}