{"gold_per_floor":[109,120,45,56,69,69,80,80,80,80,80,80,123,23,23,116,116,136,136,61,111,132,132,132,132,156,156,200,200,218,218,218,307,370,391,417,417,432,307,307,640,653,679,689,721,737,751,764,764,764,764],"floor_reached":51,"playtime":1183,"items_purged":["Strike_R","Strike_R","Bash"],"score":1490,"play_id":"c742b4e2-7229-46aa-97fe-e3c1ddc8731c","local_time":"20190414092941","is_ascension_mode":true,"campfire_choices":[{"data":"Searing Blow","floor":6.0,"key":"SMITH"},{"data":"Searing Blow+1","floor":8.0,"key":"SMITH"},{"data":"Searing Blow+2","floor":10.0,"key":"SMITH"},{"data":"Searing Blow+3","floor":12.0,"key":"SMITH"},{"data":"Searing Blow+4","floor":15.0,"key":"SMITH"},{"data":"Searing Blow+5","floor":23.0,"key":"SMITH"},{"data":"Searing Blow+6","floor":25.0,"key":"SMITH"},{"data":"Searing Blow+7","floor":27.0,"key":"SMITH"},{"data":"Searing Blow+8","floor":32.0,"key":"SMITH"},{"data":"Searing Blow+9","floor":40.0,"key":"SMITH"},{"floor":49.0,"key":"RECALL"}],"neow_cost":"TEN_PERCENT_HP_LOSS","seed_source_timestamp":77073834851103,"circlet_count":0,"master_deck":["AscendersBane","Defend_R+1","Defend_R","Defend_R+1","Defend_R+1","Reaper","Searing Blow+8","Bloodletting","Searing Blow+10","Seeing Red+1","Battle Trance"],"special_seed":0,"relics":["Burning Blood","Gremlin Horn","War Paint","Runic Pyramid","Calipers","Tiny House","Boot","Potion Belt","Regal Pillow"],"potions_floor_usage":[51,51,51,51,51],"damage_taken":[{"damage":7.0,"enemies":"Cultist","floor":1.0,"turns":4.0},{"damage":5.0,"enemies":"Small Slimes","floor":2.0,"turns":3.0},{"damage":12.0,"enemies":"Jaw Worm","floor":4.0,"turns":5.0},{"damage":22.0,"enemies":"Blue Slaver","floor":5.0,"turns":6.0},{"damage":21.0,"enemies":"Exordium Wildlife","floor":7.0,"turns":5.0},{"damage":20.0,"enemies":"3 Sentries","floor":13.0,"turns":7.0},{"damage":27.0,"enemies":"The Guardian","floor":16.0,"turns":8.0},{"damage":10.0,"enemies":"Chosen","floor":18.0,"turns":5.0},{"damage":28.0,"enemies":"Shell Parasite","floor":22.0,"turns":5.0},{"damage":23.0,"enemies":"Book of Stabbing","floor":28.0,"turns":4.0},{"damage":13.0,"enemies":"Sentry and Sphere","floor":30.0,"turns":4.0},{"damage":9.0,"enemies":"Automaton","floor":33.0,"turns":6.0},{"damage":3.0,"enemies":"3 Shapes","floor":35.0,"turns":4.0},{"damage":1.0,"enemies":"3 Darklings","floor":38.0,"turns":2.0},{"damage":3.0,"enemies":"Sphere and 2 Shapes","floor":42.0,"turns":2.0},{"damage":21.0,"enemies":"Writhing Mass","floor":44.0,"turns":3.0},{"damage":27.0,"enemies":"Reptomancer","floor":45.0,"turns":6.0},{"damage":0.0,"enemies":"Jaw Worm Horde","floor":46.0,"turns":2.0},{"damage":15.0,"enemies":"Maw","floor":47.0,"turns":5.0},{"damage":0.0,"enemies":"3 Darklings","floor":48.0,"turns":2.0},{"damage":67.0,"enemies":"Awakened One","floor":50.0,"turns":7.0},{"damage":0,"enemies":"Time Eater","floor":51,"turns":4}],"seed_played":"-3534524005813209999","potions_obtained":[{"floor":1.0,"key":"FairyPotion"},{"floor":2.0,"key":"BloodPotion"},{"floor":7.0,"key":"Fire Potion"},{"floor":13.0,"key":"SkillPotion"},{"floor":16.0,"key":"EssenceOfSteel"},{"floor":34.0,"key":"EntropicBrew"},{"floor":47.0,"key":"FearPotion"}],"is_trial":false,"path_per_floor":["M","M","$","M","M","R","M","R","T","R","?","R","E","$","R","B",null,"M","?","?","?","M","R","?","R","T","R","E","?","M","?","R","B",null,"M","T","?","M","$","R","?","M","T","M","E","M","M","M","R","B","B"],"character_chosen":"IRONCLAD","items_purchased":[],"campfire_rested":0,"item_purchase_floors":[],"current_hp_per_floor":[67,68,68,68,52,52,43,43,43,43,43,43,37,37,37,16,51,47,47,47,47,25,25,25,25,25,25,12,72,65,65,65,66,76,77,77,73,73,73,73,73,73,73,60,52,58,54,70,70,9,14],"gold":764,"neow_bonus":"THREE_RARE_CARDS","is_prod":false,"is_daily":false,"chose_seed":false,"campfire_upgraded":10,"win_rate":0,"timestamp":1555205381,"path_taken":["M","M","$","M","M","R","?","R","T","R","?","R","E","$","R","BOSS","M","?","?","?","?","R","?","R","T","R","E","?","?","?","R","BOSS","M","?","?","M","?","R","?","M","T","M","E","M","?","M","R","BOSS","BOSS"],"build_version":"2019-01-23","purchased_purges":3,"victory":false,"max_hp_per_floor":[68,68,68,68,68,68,68,68,68,68,62,62,62,62,62,62,62,62,62,62,62,62,62,62,62,62,62,62,72,72,72,72,72,77,77,77,73,73,73,73,73,73,73,73,73,73,73,73,73,73,73],"card_choices":[{"not_picked":["Double Tap","Demon Form"],"picked":"Reaper","floor":0.0},{"not_picked":["Whirlwind","Intimidate"],"picked":"Searing Blow","floor":1.0},{"not_picked":["Infernal Blade","Headbutt","Iron Wave"],"picked":"SKIP","floor":2.0},{"not_picked":["Pommel Strike","Twin Strike","Entrench"],"picked":"SKIP","floor":4.0},{"not_picked":["Flex","Combust","Cleave"],"picked":"SKIP","floor":5.0},{"not_picked":["Fire Breathing","Pummel","Flame Barrier"],"picked":"SKIP","floor":7.0},{"not_picked":["Thunderclap","Iron Wave","Demon Form"],"picked":"SKIP","floor":13.0},{"not_picked":["Thunderclap","Iron Wave","Demon Form"],"picked":"SKIP","floor":13.0},{"not_picked":["Wild Strike","Perfected Strike","Rage"],"picked":"SKIP","floor":18.0},{"not_picked":["Rampage+1","Headbutt+1"],"picked":"Bloodletting","floor":22.0},{"not_picked":["Rampage+1","Havoc","Wild Strike"],"picked":"SKIP","floor":28.0},{"not_picked":["Twin Strike","True Grit","Clothesline"],"picked":"SKIP","floor":30.0},{"not_picked":["Wild Strike+1","Sever Soul+1"],"picked":"Seeing Red+1","floor":34.0},{"not_picked":["Shrug It Off","Sever Soul+1"],"picked":"Battle Trance","floor":35.0},{"not_picked":["Sword Boomerang","Anger+1","Headbutt"],"picked":"SKIP","floor":38.0},{"not_picked":["Rage","Shrug It Off","Combust"],"picked":"SKIP","floor":42.0},{"not_picked":["Pummel+1","Iron Wave+1","Clothesline"],"picked":"SKIP","floor":44.0},{"not_picked":["Twin Strike","Headbutt","Dark Embrace"],"picked":"SKIP","floor":45.0},{"not_picked":["Seeing Red","Flame Barrier","Havoc"],"picked":"SKIP","floor":46.0},{"not_picked":["Headbutt","Havoc","Sword Boomerang+1"],"picked":"SKIP","floor":47.0},{"not_picked":["Fiend Fire","Inflame+1","Clash"],"picked":"SKIP","floor":48.0}],"player_experience":4279469,"relics_obtained":[{"floor":9.0,"key":"Gremlin Horn"},{"floor":13.0,"key":"War Paint"},{"floor":28.0,"key":"Calipers"},{"floor":36.0,"key":"Boot"},{"floor":43.0,"key":"Potion Belt"},{"floor":45.0,"key":"Regal Pillow"}],"event_choices":[{"damage_healed":0.0,"max_hp_gain":0.0,"max_hp_loss":6.0,"gold_gain":0.0,"event_name":"Golden Idol","player_choice":"Lose Max HP","floor":11.0,"gold_loss":0.0,"damage_taken":0.0,"relics_obtained":["Golden Idol"]},{"damage_healed":0.0,"max_hp_gain":0.0,"max_hp_loss":0.0,"gold_gain":0.0,"cards_transformed":["Strike_R","Strike_R"],"event_name":"Drug Dealer","player_choice":"Became Test Subject","floor":19.0,"gold_loss":0.0,"damage_taken":0.0,"cards_obtained":["Clash","Barricade"]},{"cards_removed":["Strike_R"],"damage_healed":0.0,"max_hp_gain":0.0,"max_hp_loss":0.0,"gold_gain":0.0,"event_name":"Beggar","player_choice":"Gave Gold","floor":20.0,"gold_loss":75.0,"damage_taken":0.0},{"damage_healed":0.0,"max_hp_gain":0.0,"max_hp_loss":0.0,"gold_gain":50.0,"event_name":"Nest","player_choice":"Stole From Cult","floor":21.0,"gold_loss":0.0,"damage_taken":0.0},{"cards_removed":["Clash"],"damage_healed":0.0,"max_hp_gain":0.0,"max_hp_loss":0.0,"gold_gain":0.0,"event_name":"Back to Basics","player_choice":"Elegance","floor":24.0,"gold_loss":0.0,"damage_taken":0.0},{"cards_removed":["Barricade"],"damage_healed":50.0,"max_hp_gain":10.0,"max_hp_loss":0.0,"gold_gain":0.0,"event_name":"Bonfire Elementals","player_choice":"Offered Rare","floor":29.0,"gold_loss":0.0,"damage_taken":0.0},{"damage_healed":0.0,"max_hp_gain":0.0,"max_hp_loss":0.0,"gold_gain":0.0,"event_name":"Duplicator","player_choice":"Copied","floor":31.0,"gold_loss":0.0,"damage_taken":0.0,"cards_obtained":["Searing Blow"]},{"damage_healed":0.0,"max_hp_gain":0.0,"max_hp_loss":4.0,"gold_gain":0.0,"event_name":"Winding Halls","player_choice":"Max HP","floor":37.0,"gold_loss":0.0,"damage_taken":0.0},{"damage_healed":0.0,"max_hp_gain":0.0,"max_hp_loss":0.0,"gold_gain":333.0,"event_name":"The Moai Head","player_choice":"Gave Idol","floor":41.0,"relics_lost":["Golden Idol"],"gold_loss":0.0,"damage_taken":0.0}],"is_beta":false,"boss_relics":[{"not_picked":["Astrolabe","Sozu"],"picked":"Runic Pyramid"},{"not_picked":["Fusion Hammer","Calling Bell"],"picked":"Tiny House"}],"items_purged_floors":[3,14,39],"is_endless":false,"potions_floor_spawned":[1,2,7,13,16,18,33,38,42,47],"killed_by":"Time Eater","ascension_level":20}