{"gold_per_floor":[368,368,383,96,107,107,138,138,188,204,129,129,129,190,190,267,267,277,287,228,228,228,228],"floor_reached":23,"playtime":750,"items_purged":["Strike_R"],"score":444,"play_id":"4c501bae-a5a6-4a6a-9b22-cc205bdb531d","local_time":"20181022002449","is_ascension_mode":true,"campfire_choices":[{"data":"Candy","floor":6,"key":"SMITH"},{"data":"GhostCostume","floor":8,"key":"SMITH"},{"data":"Candy","floor":13,"key":"SMITH"},{"data":"GhostCostume","floor":15,"key":"SMITH"}],"neow_cost":"TEN_PERCENT_HP_LOSS","seed_source_timestamp":141417349346024,"circlet_count":0,"master_deck":["Strike_R+1","Strike_R+1","Defend_R+1","Defend_R+1","Defend_R+1","Bash+1","AscendersBane","Trick+1","Candy+1","Pummel","GhostCostume+1","Candy+1","GhostCostume+1","Trick","Thunderclap","Rampage","Thunderclap"],"relics":["Burning Blood","Halloween","Blue Candle","Potion Belt","Regal Pillow","Lantern","Tiny Chest","Sozu"],"potions_floor_usage":[23],"damage_taken":[{"damage":6,"enemies":"Small Slimes","floor":1,"turns":3},{"damage":13,"enemies":"Jaw Worm","floor":3,"turns":2},{"damage":1,"enemies":"Cultist","floor":5,"turns":2},{"damage":1,"enemies":"Lagavulin","floor":7,"turns":5},{"damage":8,"enemies":"Blue Slaver","floor":10,"turns":3},{"damage":21,"enemies":"3 Sentries","floor":14,"turns":5},{"damage":48,"enemies":"Slime Boss","floor":16,"turns":10},{"damage":23,"enemies":"Shell Parasite","floor":18,"turns":3},{"damage":25,"enemies":"Chosen","floor":19,"turns":5},{"damage":54,"enemies":"Book of Stabbing","floor":23,"turns":5}],"seed_played":"-4492928381381152829","potions_obtained":[{"floor":5,"key":"Fire Potion"},{"floor":7,"key":"SteroidPotion"},{"floor":10,"key":"Energy Potion"},{"floor":14,"key":"Block Potion"}],"is_trial":false,"path_per_floor":["M","?","M","$","M","R","E","R","T","M","?","?","R","E","R","B",null,"M","M","$","?","?"],"character_chosen":"IRONCLAD","items_purchased":["Potion Belt","Pummel","Thunderclap"],"campfire_rested":0,"item_purchase_floors":[4,4,20],"current_hp_per_floor":[68,73,66,66,71,71,73,73,73,73,73,51,51,55,55,40,65,56,45,45,45,45,0],"gold":228,"neow_bonus":"TWO_FIFTY_GOLD","is_prod":false,"is_daily":false,"chose_seed":false,"campfire_upgraded":4,"win_rate":0,"timestamp":1540139089,"path_taken":["M","?","M","$","M","R","E","R","T","M","?","?","R","E","R","BOSS","M","M","$","?","?","E"],"build_version":"2018-10-18","purchased_purges":1,"victory":false,"max_hp_per_floor":[68,73,73,73,73,73,73,73,73,73,73,73,73,73,73,73,73,73,73,73,73,73,73],"card_choices":[{"not_picked":["Candy","GhostCostume"],"picked":"Trick","floor":1},{"not_picked":["GhostCostume","Trick"],"picked":"Candy","floor":3},{"not_picked":["Trick","Candy"],"picked":"GhostCostume","floor":5},{"not_picked":["Trick","Candy","GhostCostume"],"picked":"SKIP","floor":7},{"not_picked":["Trick","GhostCostume"],"picked":"Candy","floor":10},{"not_picked":["Candy","Trick"],"picked":"GhostCostume","floor":14},{"not_picked":["GhostCostume","Candy"],"picked":"Trick","floor":16},{"not_picked":["Candy","Trick","GhostCostume"],"picked":"SKIP","floor":18},{"not_picked":["Candy","Trick","GhostCostume+1"],"picked":"SKIP","floor":19}],"player_experience":355516,"relics_obtained":[{"floor":7,"key":"Regal Pillow"},{"floor":9,"key":"Lantern"},{"floor":14,"key":"Tiny Chest"}],"event_choices":[{"damage_healed":0,"gold_gain":0,"player_choice":"Donut","damage_taken":0,"max_hp_gain":5,"max_hp_loss":0,"event_name":"Big Fish","floor":2,"gold_loss":0},{"cards_removed":["Strike_R"],"damage_healed":0,"gold_gain":0,"player_choice":"Card Removal","damage_taken":0,"max_hp_gain":0,"max_hp_loss":0,"event_name":"The Cleric","floor":11,"gold_loss":75},{"damage_healed":0,"gold_gain":0,"player_choice":"Entered Light","damage_taken":22,"max_hp_gain":0,"max_hp_loss":0,"event_name":"Shining Light","floor":12,"gold_loss":0,"cards_upgraded":["Trick","Bash"]},{"damage_healed":0,"gold_gain":0,"cards_transformed":["Strike_R","Defend_R"],"player_choice":"Became Test Subject","damage_taken":0,"max_hp_gain":0,"max_hp_loss":0,"event_name":"Drug Dealer","floor":21,"gold_loss":0,"cards_obtained":["Rampage","Thunderclap"]},{"damage_healed":0,"gold_gain":0,"player_choice":"Simplicity","damage_taken":0,"max_hp_gain":0,"max_hp_loss":0,"event_name":"Back to Basics","floor":22,"gold_loss":0,"cards_upgraded":["Strike_R","Strike_R","Defend_R","Defend_R","Defend_R"]}],"is_beta":false,"boss_relics":[{"not_picked":["Philosopher\u0027s Stone","Lizard Tail"],"picked":"Sozu"}],"items_purged_floors":[4],"is_endless":false,"potions_floor_spawned":[5,7,10,14,19],"killed_by":"Book of Stabbing","ascension_level":20}