{"gold_per_floor":[210,227,242,242,67,67,78,78,129,139,64,64,81,81],"floor_reached":14,"playtime":539,"items_purged":["Strike_G"],"score":164,"play_id":"4f48220c-baff-4008-ba18-30d1df5e9989","local_time":"20190101193545","is_ascension_mode":true,"campfire_choices":[{"data":"Neutralize","floor":6.0,"key":"SMITH"},{"data":"Grand Finale","floor":12,"key":"SMITH"}],"neow_cost":"NONE","seed_source_timestamp":27972967179871,"circlet_count":0,"master_deck":["AscendersBane","Defend_G","Defend_G","Defend_G","Defend_G","Strike_G","Strike_G","Strike_G","Survivor","Neutralize+1","Grand Finale+1","Acrobatics"],"special_seed":0,"relics":["Ring of the Snake","Juzu Bracelet"],"potions_floor_usage":[],"damage_taken":[{"damage":1.0,"enemies":"Small Slimes","floor":1.0,"turns":5.0},{"damage":0.0,"enemies":"Cultist","floor":2.0,"turns":4.0},{"damage":2.0,"enemies":"2 Louse","floor":3.0,"turns":4.0},{"damage":0.0,"enemies":"Exordium Wildlife","floor":7.0,"turns":3.0},{"damage":5,"enemies":"3 Louse","floor":10,"turns":7},{"damage":31,"enemies":"Large Slime","floor":13,"turns":14},{"damage":0,"enemies":"Exordium Thugs","floor":14,"turns":1}],"seed_played":"3658781865943565955","potions_obtained":[{"floor":3.0,"key":"SkillPotion"},{"floor":7.0,"key":"Fire Potion"}],"is_trial":false,"path_per_floor":["M","M","M","?","$","R","M","?","T","M","$","R","M","M"],"character_chosen":"THE_SILENT","items_purchased":["Grand Finale"],"campfire_rested":0,"item_purchase_floors":[5],"current_hp_per_floor":[58,58,56,49,49,49,49,49,49,44,44,44,13,13],"gold":81,"neow_bonus":"HUNDRED_GOLD","is_prod":false,"is_daily":false,"chose_seed":false,"campfire_upgraded":2,"win_rate":0,"timestamp":1546342545,"path_taken":["M","M","M","?","$","R","M","?","T","M","$","R","M","M"],"build_version":"2018-12-20","purchased_purges":1,"victory":false,"max_hp_per_floor":[66,66,66,66,66,66,66,66,66,66,66,66,66,66],"card_choices":[{"not_picked":["Poisoned Stab","Deflect","Bane"],"picked":"SKIP","floor":1.0},{"not_picked":["Dagger Throw","Finisher","Prepared"],"picked":"SKIP","floor":2.0},{"not_picked":["Deflect","Dagger Throw","Flying Knee"],"picked":"SKIP","floor":3.0},{"not_picked":["Deflect","Quick Slash","Caltrops"],"picked":"SKIP","floor":7.0},{"not_picked":["PiercingWail","Noxious Fumes"],"picked":"Acrobatics","floor":10},{"not_picked":["Cloak And Dagger","Finisher","Corpse Explosion"],"picked":"SKIP","floor":13}],"player_experience":1654520,"relics_obtained":[{"floor":9,"key":"Juzu Bracelet"}],"event_choices":[{"cards_removed":["Strike_G"],"damage_healed":0.0,"max_hp_gain":0.0,"max_hp_loss":0.0,"gold_gain":0.0,"event_name":"Golden Wing","player_choice":"Card Removal","floor":4.0,"gold_loss":0.0,"damage_taken":7.0},{"cards_removed":["Defend_G"],"damage_healed":0,"gold_gain":0,"player_choice":"Forget","damage_taken":0,"max_hp_gain":0,"max_hp_loss":0,"event_name":"Living Wall","floor":8,"gold_loss":0}],"is_beta":false,"boss_relics":[],"items_purged_floors":[11],"is_endless":false,"potions_floor_spawned":[3,7],"killed_by":"Exordium Thugs","ascension_level":20}