{"gold_per_floor":[119,44,44,58,333,364,364,106,130,130,144,144,178,193,193,270,270,289,299,199,216,91,91,91,107,107,107,107,124,148,159,159,230,230,241,241,241,260,260,285,297,38,38,38,50,60,10,10,10,10,10,10,10,10,45,45],"floor_reached":57,"playtime":2042,"items_purged":["Regret","Strike_B","Zap","Strike_B","Strike_B"],"score":2676,"play_id":"847db663-8fde-4d02-aa1c-ecb05e1c471f","local_time":"20190106222513","is_ascension_mode":true,"campfire_choices":[{"data":"Streamline","floor":7.0,"key":"SMITH"},{"data":"Apotheosis","floor":10.0,"key":"SMITH"},{"data":"Machine Learning","floor":12.0,"key":"SMITH"},{"data":"Recycle","floor":15.0,"key":"SMITH"},{"floor":23.0,"key":"REST"},{"floor":28.0,"key":"REST"},{"floor":32.0,"key":"REST"},{"data":"Machine Learning","floor":41.0,"key":"SMITH"},{"floor":44.0,"key":"REST"},{"floor":49.0,"key":"RECALL"},{"data":"Hologram","floor":53.0,"key":"SMITH"}],"neow_cost":"NONE","seed_source_timestamp":37412157715737,"circlet_count":0,"master_deck":["AscendersBane","Defend_B","Defend_B","Defend_B","Dualcast","Recycle+1","Gash","Streamline+1","Apotheosis+1","Machine Learning+1","Reinforced Body","Hyperbeam","Hyperbeam","Conserve Battery","Meteor Strike","Meteor Strike","Hologram+1","Self Repair","Machine Learning+1"],"special_seed":0,"relics":["Cracked Core","NeowsBlessing","Ancient Tea Set","Blood Vial","Bag of Preparation","Philosopher\u0027s Stone","Matryoshka","Bronze Scales","Smiling Mask","Snecko Eye","MawBank","Medical Kit","Mummified Hand","Pocketwatch","Pantograph"],"potions_floor_usage":[56,56],"damage_taken":[{"damage":0.0,"enemies":"Jaw Worm","floor":1.0,"turns":1.0},{"damage":0.0,"enemies":"Small Slimes","floor":4.0,"turns":1.0},{"damage":0.0,"enemies":"Gremlin Nob","floor":6.0,"turns":1.0},{"damage":0.0,"enemies":"Cultist","floor":11.0,"turns":3.0},{"damage":16.0,"enemies":"Lagavulin","floor":13.0,"turns":6.0},{"damage":0.0,"enemies":"Blue Slaver","floor":14.0,"turns":4.0},{"damage":6.0,"enemies":"The Guardian","floor":16.0,"turns":11.0},{"damage":14.0,"enemies":"Shell Parasite","floor":18.0,"turns":5.0},{"damage":23.0,"enemies":"Chosen","floor":19.0,"turns":5.0},{"damage":6.0,"enemies":"Snake Plant","floor":21.0,"turns":4.0},{"damage":0.0,"enemies":"3 Cultists","floor":25.0,"turns":2.0},{"damage":0.0,"enemies":"Snecko","floor":29.0,"turns":3.0},{"damage":21.0,"enemies":"Shelled Parasite and Fungi","floor":31.0,"turns":5.0},{"damage":48.0,"enemies":"Champ","floor":33.0,"turns":11.0},{"damage":0.0,"enemies":"3 Darklings","floor":35.0,"turns":2.0},{"damage":24.0,"enemies":"Orb Walker","floor":38.0,"turns":3.0},{"damage":36.0,"enemies":"Reptomancer","floor":40.0,"turns":4.0},{"damage":0.0,"enemies":"4 Shapes","floor":45.0,"turns":2.0},{"damage":25.0,"enemies":"Maw","floor":46.0,"turns":4.0},{"damage":30.0,"enemies":"Donu and Deca","floor":50.0,"turns":6.0},{"damage":0.0,"enemies":"Time Eater","floor":51.0,"turns":12.0},{"damage":36.0,"enemies":"Shield and Spear","floor":55.0,"turns":4.0},{"damage":48,"enemies":"The Heart","floor":56,"turns":10}],"seed_played":"2793481825083487739","potions_obtained":[{"floor":1.0,"key":"Weak Potion"},{"floor":11.0,"key":"Explosive Potion"},{"floor":25.0,"key":"Energy Potion"},{"floor":55.0,"key":"Regen Potion"}],"is_trial":false,"path_per_floor":["M","?","T","M","?","E","R","$","T","R","M","R","E","M","R","B",null,"M","M","$","M","$","R","?","M","T","?","R","M","T","M","R","B",null,"M","?","?","M","?","E","R","$","T","R","M","M","$","?","R","B","B",null,"R","$","E","B",null],"character_chosen":"DEFECT","items_purchased":["Apotheosis","Medical Kit"],"campfire_rested":4,"item_purchase_floors":[8,42],"current_hp_per_floor":[64,64,64,64,64,64,64,64,64,64,66,66,52,54,54,50,66,54,33,33,29,29,50,50,52,52,52,71,71,71,50,71,33,62,64,64,64,49,49,25,25,25,25,45,47,34,34,34,34,13,25,57,57,57,33,34],"gold":45,"neow_bonus":"THREE_ENEMY_KILL","is_prod":false,"is_daily":false,"chose_seed":false,"campfire_upgraded":6,"win_rate":0,"timestamp":1546784713,"path_taken":["M","?","?","M","?","E","R","$","T","R","M","R","E","M","R","BOSS","M","M","?","M","$","R","?","M","T","?","R","?","?","M","R","BOSS","M","?","?","M","?","E","R","?","T","R","M","M","$","?","R","BOSS","BOSS","R","$","E","BOSS"],"build_version":"2019-01-03v4","purchased_purges":5,"victory":true,"max_hp_per_floor":[71,71,71,71,71,71,71,71,71,71,71,71,71,71,71,71,71,71,71,71,71,71,71,71,71,71,71,71,71,71,71,71,71,71,71,67,67,67,67,67,67,67,67,67,67,67,67,67,67,67,67,67,67,67,67,67],"card_choices":[{"not_picked":["Steam","Compile Driver"],"picked":"Recycle","floor":1.0},{"not_picked":["Barrage","Compile Driver"],"picked":"Gash","floor":4.0},{"not_picked":["Lockon","Cold Snap"],"picked":"Streamline","floor":6.0},{"not_picked":["Redo","Sweeping Beam"],"picked":"Machine Learning","floor":11.0},{"not_picked":["Sunder","BootSequence"],"picked":"Reinforced Body","floor":13.0},{"not_picked":["Redo","Beam Cell"],"picked":"Hyperbeam","floor":14.0},{"not_picked":["Fission","Electrodynamics"],"picked":"Hyperbeam","floor":16.0},{"not_picked":["Compile Driver","Ball Lightning","Redo+1"],"picked":"SKIP","floor":18.0},{"not_picked":["Compile Driver","Turbo","Force Field"],"picked":"SKIP","floor":19.0},{"not_picked":["Barrage+1","Streamline"],"picked":"Conserve Battery","floor":21.0},{"not_picked":["Skim","Darkness"],"picked":"Meteor Strike","floor":25.0},{"not_picked":["Compile Driver","Go for the Eyes"],"picked":"Hologram","floor":29.0},{"not_picked":["Sweeping Beam","Ball Lightning"],"picked":"Self Repair","floor":31.0},{"not_picked":["Creative AI","Seek"],"picked":"Machine Learning","floor":33.0},{"not_picked":["Gash","Tempest","Beam Cell"],"picked":"SKIP","floor":35.0},{"not_picked":["Hologram","White Noise","Barrage+1"],"picked":"SKIP","floor":38.0},{"not_picked":["Ball Lightning+1","White Noise","Cold Snap+1"],"picked":"SKIP","floor":40.0},{"not_picked":["Chaos","Gash","Static Discharge"],"picked":"SKIP","floor":45.0},{"not_picked":["Gash+1","Cold Snap","Stack+1"],"picked":"SKIP","floor":46.0},{"not_picked":["Barrage","Stack+1","Redo+1"],"picked":"SKIP","floor":55.0}],"player_experience":1798155,"relics_obtained":[{"floor":6.0,"key":"Ancient Tea Set"},{"floor":9.0,"key":"Blood Vial"},{"floor":13.0,"key":"Bag of Preparation"},{"floor":26.0,"key":"Matryoshka"},{"floor":30.0,"key":"Bronze Scales"},{"floor":30.0,"key":"Smiling Mask"},{"floor":40.0,"key":"MawBank"},{"floor":43.0,"key":"Mummified Hand"},{"floor":43.0,"key":"Pocketwatch"},{"floor":55.0,"key":"Pantograph"}],"event_choices":[{"cards_removed":["Strike_B"],"damage_healed":0.0,"max_hp_gain":0.0,"max_hp_loss":0.0,"gold_gain":0.0,"event_name":"The Cleric","player_choice":"Card Removal","floor":2.0,"gold_loss":75.0,"damage_taken":0.0},{"damage_healed":0.0,"max_hp_gain":0.0,"max_hp_loss":0.0,"gold_gain":275.0,"event_name":"Golden Shrine","player_choice":"Desecrate","floor":5.0,"gold_loss":0.0,"damage_taken":0.0,"cards_obtained":["Regret"]},{"damage_healed":0.0,"max_hp_gain":0.0,"max_hp_loss":0.0,"gold_gain":0.0,"event_name":"The Mausoleum","player_choice":"Ignored","floor":24.0,"gold_loss":0.0,"damage_taken":0.0},{"damage_healed":0.0,"max_hp_gain":0.0,"max_hp_loss":0.0,"gold_gain":0.0,"event_name":"Duplicator","player_choice":"Copied","floor":27.0,"gold_loss":0.0,"damage_taken":0.0,"cards_obtained":["Meteor Strike"]},{"damage_healed":0.0,"max_hp_gain":0.0,"max_hp_loss":4.0,"gold_gain":0.0,"event_name":"Winding Halls","player_choice":"Max HP","floor":36.0,"gold_loss":0.0,"damage_taken":0.0},{"damage_healed":0.0,"max_hp_gain":0.0,"max_hp_loss":0.0,"gold_gain":0.0,"event_name":"Tomb of Lord Red Mask","player_choice":"Ignored","floor":37.0,"gold_loss":0.0,"damage_taken":0.0},{"cards_removed":["Defend_B"],"damage_healed":0.0,"max_hp_gain":0.0,"max_hp_loss":0.0,"gold_gain":0.0,"event_name":"Falling","player_choice":"Removed Skill","floor":39.0,"gold_loss":0.0,"damage_taken":0.0},{"damage_healed":0.0,"max_hp_gain":0.0,"max_hp_loss":0.0,"gold_gain":0.0,"event_name":"SensoryStone","player_choice":"Memory 1","floor":48.0,"gold_loss":0.0,"damage_taken":0.0}],"is_beta":false,"boss_relics":[{"not_picked":["Ectoplasm","Pandora\u0027s Box"],"picked":"Philosopher\u0027s Stone"},{"not_picked":["Empty Cage","Coffee Dripper"],"picked":"Snecko Eye"}],"items_purged_floors":[8,20,22,42,47],"is_endless":false,"potions_floor_spawned":[1,11,13,18,25,33,38,46,55],"ascension_level":20}