{"gold_per_floor":[118,268,193,29,29,29,29,43,69,105,128,128,152,1,1,94,94,108,33,33,56,56,56,56],"floor_reached":24,"playtime":458,"items_purged":[],"score":534,"play_id":"c6dbc878-fa65-436f-9363-11772e5c24ed","local_time":"20190804145225","is_ascension_mode":true,"campfire_choices":[{"data":"Well Laid Plans","floor":6.0,"key":"SMITH"},{"data":"Bouncing Flask","floor":12.0,"key":"SMITH"},{"data":"Catalyst","floor":15.0,"key":"SMITH"},{"data":"Burst","floor":23.0,"key":"SMITH"}],"neow_cost":"NONE","seed_source_timestamp":592581488197390,"circlet_count":0,"master_deck":["AscendersBane","Strike_G","Strike_G+1","Strike_G","Strike_G","Defend_G+1","Defend_G+1","Defend_G","Defend_G+1","Defend_G","Survivor","Neutralize","Catalyst+1","Well Laid Plans+1","Blade Dance","Bouncing Flask+1","Predator","Burst+1"],"special_seed":0,"relics":["Ring of the Snake","Happy Flower","Golden Idol","War Paint","Sozu"],"potions_floor_usage":[],"damage_taken":[{"damage":7.0,"enemies":"2 Louse","floor":1.0,"turns":4.0},{"damage":1.0,"enemies":"Jaw Worm","floor":8.0,"turns":6.0},{"damage":55.0,"enemies":"Gremlin Nob","floor":10.0,"turns":6.0},{"damage":0.0,"enemies":"Small Slimes","floor":11.0,"turns":3.0},{"damage":0.0,"enemies":"Exordium Wildlife","floor":13.0,"turns":5.0},{"damage":0.0,"enemies":"Slime Boss","floor":16.0,"turns":3.0},{"damage":33.0,"enemies":"Chosen","floor":18.0,"turns":5.0},{"damage":15.0,"enemies":"Spheric Guardian","floor":21.0,"turns":5.0},{"damage":14,"enemies":"Gremlin Leader","floor":24,"turns":3}],"seed_played":"-2296978017478552522","potions_obtained":[{"floor":8.0,"key":"FairyPotion"},{"floor":10.0,"key":"Fire Potion"},{"floor":11.0,"key":"Swift Potion"}],"is_trial":false,"path_per_floor":["M","?","?","$","?","R","?","M","T","E","M","R","M","$","R","B",null,"M","?","?","M","$","R","E"],"character_chosen":"THE_SILENT","items_purchased":["Catalyst","Well Laid Plans","Burst"],"campfire_rested":0,"item_purchase_floors":[4,4,14],"current_hp_per_floor":[52,52,52,52,52,52,34,33,33,6,6,6,6,6,6,6,47,14,14,26,11,11,11,0],"gold":56,"neow_bonus":"RANDOM_COMMON_RELIC","is_prod":false,"is_daily":false,"chose_seed":false,"campfire_upgraded":4,"win_rate":0,"timestamp":1564897945,"path_taken":["M","?","?","?","?","R","?","?","T","E","M","R","M","$","R","BOSS","M","?","?","M","$","R","E"],"build_version":"2019-07-17","purchased_purges":0,"victory":false,"max_hp_per_floor":[66,66,66,66,60,60,60,60,60,60,60,60,60,60,60,60,60,60,60,60,60,60,60,60],"card_choices":[{"not_picked":["Quick Slash","Bane","Cloak And Dagger"],"picked":"SKIP","floor":1.0},{"not_picked":["Concentrate","Dagger Throw"],"picked":"Blade Dance","floor":8.0},{"not_picked":["Storm of Steel","Backflip"],"picked":"Bouncing Flask","floor":10.0},{"not_picked":["Dagger Spray","Slice","Backflip"],"picked":"SKIP","floor":11.0},{"not_picked":["Predator","Prepared","Dodge and Roll"],"picked":"SKIP","floor":13.0},{"not_picked":["Prepared","Dodge and Roll"],"picked":"Predator","floor":13.0},{"not_picked":["Infinite Blades","Accuracy","Choke"],"picked":"SKIP","floor":18.0},{"not_picked":["Blade Dance","Deflect","Outmaneuver"],"picked":"SKIP","floor":21.0}],"player_experience":756648,"relics_obtained":[{"floor":9.0,"key":"War Paint"}],"event_choices":[{"damage_healed":0.0,"max_hp_gain":0.0,"max_hp_loss":0.0,"gold_gain":150.0,"event_name":"Liars Game","player_choice":"AGREE","floor":2.0,"gold_loss":0.0,"damage_taken":0.0,"cards_obtained":["Doubt"]},{"cards_removed":["Doubt"],"damage_healed":0.0,"max_hp_gain":0.0,"max_hp_loss":0.0,"gold_gain":0.0,"event_name":"The Cleric","player_choice":"Card Removal","floor":3.0,"gold_loss":75.0,"damage_taken":0.0},{"damage_healed":0.0,"max_hp_gain":0.0,"max_hp_loss":6.0,"gold_gain":0.0,"event_name":"Golden Idol","player_choice":"Lose Max HP","floor":5.0,"gold_loss":0.0,"damage_taken":0.0,"relics_obtained":["Golden Idol"]},{"damage_healed":0.0,"max_hp_gain":0.0,"max_hp_loss":0.0,"gold_gain":0.0,"event_name":"Shining Light","player_choice":"Entered Light","floor":7.0,"gold_loss":0.0,"damage_taken":18.0,"cards_upgraded":["Strike_G","Defend_G"]},{"cards_removed":["Strike_G"],"damage_healed":0.0,"max_hp_gain":0.0,"max_hp_loss":0.0,"gold_gain":0.0,"event_name":"Beggar","player_choice":"Gave Gold","floor":19.0,"gold_loss":75.0,"damage_taken":0.0},{"damage_healed":12.0,"max_hp_gain":0.0,"max_hp_loss":0.0,"gold_gain":0.0,"event_name":"The Library","player_choice":"Heal","floor":20.0,"gold_loss":0.0,"damage_taken":0.0}],"is_beta":false,"boss_relics":[{"not_picked":["Black Star","Fusion Hammer"],"picked":"Sozu"}],"items_purged_floors":[],"is_endless":false,"potions_floor_spawned":[8,10,11],"killed_by":"Gremlin Leader","ascension_level":20}