{"gold_per_floor":[111,36,36,52,8,43,43,60,60,60,60,74,74,106,106,177,177,194,221,221,239,99,99,130,180,180,180,214,73,73,73,73,144,144,155,455,505,519,537,572,447,477,504,504,518,518,550,400,400,400,400,400,400,29,54,54],"floor_reached":57,"playtime":3397,"items_purged":["Strike_G","Strike_G","Strike_G","Strike_G","Defend_G"],"score":3510,"play_id":"f19d2ac3-b317-4160-9dfd-e5ac9c33c065","local_time":"20190212170619","is_ascension_mode":true,"campfire_choices":[{"data":"Bouncing Flask","floor":7.0,"key":"SMITH"},{"data":"Calculated Gamble","floor":10.0,"key":"SMITH"},{"data":"Expertise","floor":15.0,"key":"SMITH"},{"data":"Calculated Gamble","floor":23.0,"key":"SMITH"},{"data":"Acrobatics","floor":27.0,"key":"SMITH"},{"data":"Reflex","floor":30.0,"key":"SMITH"},{"data":"Wraith Form v2","floor":32.0,"key":"SMITH"},{"data":"Concentrate","floor":44,"key":"SMITH"},{"data":"Neutralize","floor":46,"key":"SMITH"},{"floor":49,"key":"RECALL"},{"data":"Calculated Gamble","floor":53,"key":"SMITH"}],"neow_cost":"NONE","seed_source_timestamp":23231015474317,"circlet_count":0,"master_deck":["AscendersBane","Defend_G","Defend_G","Defend_G","Defend_G","Survivor","Neutralize+1","Backflip","Backflip","Calculated Gamble+1","Bouncing Flask+1","Grand Finale+1","Expertise+1","Wraith Form v2+1","Ghostly","Ghostly","Calculated Gamble+1","Acrobatics+1","Reflex+1","Escape Plan","Concentrate+1","After Image","Concentrate+1","Calculated Gamble+1","Tactician","Wraith Form v2"],"special_seed":0,"relics":["Ring of the Snake","NeowsBlessing","Molten Egg 2","Pen Nib","Juzu Bracelet","Runic Pyramid","Red Mask","Strawberry","Omamori","Philosopher\u0027s Stone","Old Coin","Pear","Gremlin Horn","Happy Flower","Calipers","Whetstone"],"potions_floor_usage":[56,56,56,56],"damage_taken":[{"damage":0.0,"enemies":"Cultist","floor":1.0,"turns":1.0},{"damage":0.0,"enemies":"Jaw Worm","floor":4.0,"turns":1.0},{"damage":0.0,"enemies":"3 Sentries","floor":6.0,"turns":2.0},{"damage":1.0,"enemies":"2 Louse","floor":8.0,"turns":3.0},{"damage":1.0,"enemies":"2 Fungi Beasts","floor":12.0,"turns":3.0},{"damage":6.0,"enemies":"Gremlin Nob","floor":14.0,"turns":3.0},{"damage":21.0,"enemies":"Slime Boss","floor":16.0,"turns":6.0},{"damage":2.0,"enemies":"Chosen","floor":18.0,"turns":5.0},{"damage":28.0,"enemies":"Masked Bandits","floor":19.0,"turns":3.0},{"damage":0.0,"enemies":"2 Thieves","floor":21.0,"turns":3.0},{"damage":6.0,"enemies":"Book of Stabbing","floor":24.0,"turns":6.0},{"damage":0.0,"enemies":"Slavers","floor":28.0,"turns":4.0},{"damage":0.0,"enemies":"Collector","floor":33.0,"turns":6.0},{"damage":0.0,"enemies":"Orb Walker","floor":35.0,"turns":4.0},{"damage":0.0,"enemies":"3 Shapes","floor":38.0,"turns":3.0},{"damage":0,"enemies":"Transient","floor":39,"turns":6},{"damage":0,"enemies":"Giant Head","floor":40,"turns":5},{"damage":0,"enemies":"Nemesis","floor":42,"turns":3},{"damage":0,"enemies":"3 Darklings","floor":45,"turns":1},{"damage":0,"enemies":"Reptomancer","floor":47,"turns":1},{"damage":3,"enemies":"Time Eater","floor":50,"turns":6},{"damage":0,"enemies":"Awakened One","floor":51,"turns":6},{"damage":0,"enemies":"Shield and Spear","floor":55,"turns":2},{"damage":0,"enemies":"The Heart","floor":56,"turns":6}],"seed_played":"-4246555048786863308","potions_obtained":[{"floor":6.0,"key":"PowerPotion"},{"floor":8.0,"key":"GamblersBrew"},{"floor":18.0,"key":"Regen Potion"},{"floor":39,"key":"EntropicBrew"}],"is_trial":false,"path_per_floor":["M","$","?","M","$","E","R","M","T","R","$","M","?","E","R","B",null,"M","?","?","M","$","R","E","?","T","R","E","$","R","?","R","B",null,"M","?","?","M","M","E","$","E","T","R","M","R","E","$","R","B","B",null,"R","$","E","B",null],"character_chosen":"THE_SILENT","items_purchased":["Calculated Gamble","Acrobatics","Reflex","Concentrate","Tactician","Wraith Form v2"],"campfire_rested":0,"item_purchase_floors":[5,22,22,29,54,54],"current_hp_per_floor":[59,59,59,59,59,59,59,58,58,58,58,57,62,56,56,35,62,60,41,35,35,35,35,36,36,36,36,36,36,36,36,36,36,41,41,41,37,37,37,47,47,47,47,47,47,47,47,47,47,44,44,50,50,50,50,52],"gold":54,"neow_bonus":"THREE_ENEMY_KILL","is_prod":false,"is_daily":false,"chose_seed":false,"campfire_upgraded":10,"win_rate":0,"timestamp":1549962379,"path_taken":["M","?","?","?","$","E","R","M","T","R","$","M","?","E","R","BOSS","M","?","?","M","$","R","E","?","T","R","E","?","R","?","R","BOSS","M","?","?","M","M","E","$","E","T","R","M","R","E","$","R","BOSS","BOSS","R","$","E","BOSS"],"build_version":"2019-01-23","purchased_purges":5,"victory":true,"max_hp_per_floor":[66,66,66,66,66,66,66,66,66,66,66,66,71,71,71,71,71,71,71,35,35,35,35,42,42,42,42,42,42,42,42,42,42,42,42,42,42,42,42,52,52,52,52,52,52,52,52,52,52,52,52,52,52,52,52,52],"card_choices":[{"not_picked":["Sucker Punch","Crippling Poison"],"picked":"Backflip","floor":1.0},{"not_picked":["Skewer","Choke"],"picked":"Backflip","floor":4.0},{"not_picked":["Flying Knee","Dodge and Roll"],"picked":"Bouncing Flask","floor":6.0},{"not_picked":["Dagger Spray+1","Outmaneuver"],"picked":"Grand Finale+1","floor":8.0},{"not_picked":["PiercingWail","Crippling Poison","Riddle With Holes+1"],"picked":"SKIP","floor":12.0},{"not_picked":["Prepared","Dagger Spray+1"],"picked":"Expertise","floor":14.0},{"not_picked":["Tools of the Trade","Burst"],"picked":"Wraith Form v2","floor":16.0},{"not_picked":["Outmaneuver","Deflect","Blade Dance"],"picked":"SKIP","floor":18.0},{"not_picked":["Prepared","Dash+1"],"picked":"Calculated Gamble","floor":21.0},{"not_picked":["PiercingWail","Bane+1"],"picked":"Escape Plan","floor":24.0},{"not_picked":["Quick Slash+1","Skewer+1","Blade Dance"],"picked":"SKIP","floor":28.0},{"not_picked":["Phantasmal Killer","Wraith Form v2"],"picked":"After Image","floor":33.0},{"not_picked":["Heel Hook+1","Deadly Poison","Flying Knee+1"],"picked":"SKIP","floor":35.0},{"not_picked":["Dagger Spray+1","PiercingWail","Poisoned Stab+1"],"picked":"SKIP","floor":38.0},{"not_picked":["Choke+1","Escape Plan","Caltrops+1"],"picked":"SKIP","floor":39},{"not_picked":["Masterful Stab+1","Night Terror"],"picked":"Concentrate","floor":40},{"not_picked":["Dagger Spray+1","Sucker Punch+1","Deflect"],"picked":"SKIP","floor":42},{"not_picked":["Poisoned Stab+1","Sucker Punch+1","Escape Plan"],"picked":"SKIP","floor":45},{"not_picked":["Sucker Punch+1","Crippling Poison+1"],"picked":"Calculated Gamble","floor":47},{"not_picked":["Well Laid Plans","Sucker Punch+1","Flechettes+1"],"picked":"SKIP","floor":55}],"player_experience":2645774,"relics_obtained":[{"floor":6.0,"key":"Molten Egg 2"},{"floor":9.0,"key":"Pen Nib"},{"floor":14.0,"key":"Juzu Bracelet"},{"floor":19.0,"key":"Red Mask"},{"floor":24.0,"key":"Strawberry"},{"floor":28.0,"key":"Omamori"},{"floor":40,"key":"Pear"},{"floor":42,"key":"Gremlin Horn"},{"floor":43,"key":"Happy Flower"},{"floor":47,"key":"Calipers"},{"floor":55,"key":"Whetstone"}],"event_choices":[{"cards_removed":["Strike_G"],"damage_healed":0.0,"max_hp_gain":0.0,"max_hp_loss":0.0,"gold_gain":0.0,"event_name":"Bonfire Elementals","player_choice":"Offered Basic","floor":3.0,"gold_loss":0.0,"damage_taken":0.0},{"damage_healed":0.0,"max_hp_gain":5.0,"max_hp_loss":0.0,"gold_gain":0.0,"event_name":"Big Fish","player_choice":"Donut","floor":13.0,"gold_loss":0.0,"damage_taken":0.0},{"damage_healed":0.0,"max_hp_gain":0.0,"max_hp_loss":0.0,"gold_gain":0.0,"event_name":"Masked Bandits","player_choice":"Fought Bandits","floor":19.0,"gold_loss":0.0,"damage_taken":0.0},{"damage_healed":0.0,"max_hp_gain":0.0,"max_hp_loss":36.0,"gold_gain":0.0,"event_name":"Ghosts","player_choice":"Became a Ghost","floor":20.0,"gold_loss":0.0,"damage_taken":0.0,"cards_obtained":["Ghostly","Ghostly","Ghostly"]},{"damage_healed":0.0,"max_hp_gain":0.0,"max_hp_loss":0.0,"gold_gain":50.0,"event_name":"Nest","player_choice":"Stole From Cult","floor":25.0,"gold_loss":0.0,"damage_taken":0.0},{"damage_healed":0.0,"max_hp_gain":0.0,"max_hp_loss":0.0,"gold_gain":0.0,"event_name":"Upgrade Shrine","player_choice":"Upgraded","floor":31.0,"gold_loss":0.0,"damage_taken":0.0,"cards_upgraded":["Concentrate"]},{"cards_removed":["Ghostly"],"damage_healed":0.0,"max_hp_gain":0.0,"max_hp_loss":0.0,"gold_gain":0.0,"event_name":"WeMeetAgain","player_choice":"Gave Card","floor":36.0,"gold_loss":0.0,"damage_taken":0.0,"relics_obtained":["Old Coin"]},{"damage_healed":0.0,"max_hp_gain":0.0,"max_hp_loss":0.0,"gold_gain":50.0,"event_name":"FaceTrader","player_choice":"Touch","floor":37.0,"gold_loss":0.0,"damage_taken":4.0}],"is_beta":false,"boss_relics":[{"not_picked":["Eternal Feather","Sozu"],"picked":"Runic Pyramid"},{"not_picked":["Ring of the Serpent","Velvet Choker"],"picked":"Philosopher\u0027s Stone"}],"items_purged_floors":[2,29,41,48,54],"is_endless":false,"potions_floor_spawned":[6,8,18,39,45,47],"ascension_level":20}