{"gold_per_floor":[117,117,117,117,134,134,161,161,211,227,241,256,290,304,304,381,381,395,413,424,120,133,2,0,0,0,32,32,82,93,93,93,168,168,188,188,206,206,224,254,49,82,108,143,160,160,172,182,182,182,182],"floor_reached":52,"playtime":1976,"items_purged":["Pain","Defend_R","Writhe"],"score":2298,"play_id":"13f32d00-b585-4c04-91df-5a6e12041a20","local_time":"20181022014930","is_ascension_mode":true,"campfire_choices":[{"data":"Pommel Strike","floor":6,"key":"SMITH"},{"data":"Bash","floor":8,"key":"SMITH"},{"data":"Twin Strike","floor":15,"key":"SMITH"},{"data":"Feed","floor":28,"key":"SMITH"},{"data":"True Grit","floor":32,"key":"SMITH"},{"data":"Perfected Strike","floor":46,"key":"SMITH"},{"data":"Inflame","floor":49,"key":"SMITH"}],"neow_cost":"NONE","seed_source_timestamp":145265210821050,"circlet_count":0,"master_deck":["Strike_R","Strike_R","Strike_R","Strike_R","Defend_R+1","Defend_R+1","Defend_R+1","Bash+1","AscendersBane","Pommel Strike+1","Pommel Strike+1","Twin Strike+1","Twin Strike","Thunderclap","Feed+1","Uppercut","Battle Trance","Inflame+1","Uppercut","True Grit+1","Demon Form","Enlightenment","Perfected Strike+1","Perfected Strike+1"],"relics":["Burning Blood","D_4","NeowsBlessing","WarpedTongs","Orichalcum","Nyarlathotep","Smiling Mask","Boot","TimeTraveler","War Paint","Ancient Tea Set","OneHitWonder","Kunai","BatchProcessingSystem","Bird Faced Urn","MawBank","Bag of Marbles","Regal Pillow","Omamori","Bag of Preparation"],"potions_floor_usage":[20],"damage_taken":[{"damage":0,"enemies":"2 Louse","floor":1,"turns":1},{"damage":0,"enemies":"Cultist","floor":5,"turns":1},{"damage":0,"enemies":"Lagavulin","floor":7,"turns":1},{"damage":1,"enemies":"Small Slimes","floor":10,"turns":2},{"damage":5,"enemies":"3 Louse","floor":11,"turns":3},{"damage":2,"enemies":"Blue Slaver","floor":12,"turns":2},{"damage":5,"enemies":"Gremlin Nob","floor":13,"turns":3},{"damage":2,"enemies":"Looter","floor":14,"turns":2},{"damage":55,"enemies":"Hexaghost","floor":16,"turns":6},{"damage":12,"enemies":"2 Thieves","floor":18,"turns":3},{"damage":3,"enemies":"Chosen","floor":19,"turns":2},{"damage":1,"enemies":"Centurion and Healer","floor":20,"turns":3},{"damage":0,"enemies":"Sentry and Sphere","floor":22,"turns":2},{"damage":43,"enemies":"Slavers","floor":27,"turns":3},{"damage":0,"enemies":"Snake Plant","floor":30,"turns":2},{"damage":9,"enemies":"Automaton","floor":33,"turns":5},{"damage":16,"enemies":"3 Shapes","floor":35,"turns":4},{"damage":7,"enemies":"Orb Walker","floor":37,"turns":2},{"damage":0,"enemies":"Mind Bloom Boss Battle","floor":38,"turns":3},{"damage":0,"enemies":"3 Darklings","floor":39,"turns":2},{"damage":29,"enemies":"Nemesis","floor":40,"turns":3},{"damage":0,"enemies":"Giant Head","floor":42,"turns":3},{"damage":3,"enemies":"Reptomancer","floor":44,"turns":2},{"damage":18,"enemies":"4 Shapes","floor":45,"turns":2},{"damage":0,"enemies":"Jaw Worm Horde","floor":47,"turns":3},{"damage":0,"enemies":"3 Darklings","floor":48,"turns":2},{"damage":0,"enemies":"Time Eater","floor":50,"turns":3},{"damage":0,"enemies":"Donu and Deca","floor":51,"turns":2}],"seed_played":"9199843233557292288","potions_obtained":[{"floor":1,"key":"Ancient Potion"},{"floor":7,"key":"Energy Potion"},{"floor":20,"key":"LiquidBronze"}],"is_trial":false,"path_per_floor":["M","?","?","?","M","R","E","R","T","M","M","M","E","M","R","B",null,"M","M","M","$","M","$","?","?","T","E","R","?","M","?","R","B",null,"M","?","M","?","M","E","$","E","T","E","M","R","M","M","R","B","B"],"character_chosen":"IRONCLAD","items_purchased":["Battle Trance","War Paint","Inflame","Bag of Marbles"],"campfire_rested":0,"item_purchase_floors":[21,21,23,41],"current_hp_per_floor":[74,74,69,46,52,52,58,58,58,63,64,68,69,73,73,24,62,60,63,74,74,86,86,86,86,86,53,53,53,63,63,63,60,89,83,83,82,88,107,111,111,111,111,111,117,117,135,139,139,139,139],"gold":182,"neow_bonus":"THREE_ENEMY_KILL","is_prod":false,"is_daily":false,"chose_seed":false,"campfire_upgraded":7,"win_rate":0,"timestamp":1540144170,"path_taken":["M","?","?","?","?","R","E","R","T","M","M","?","E","M","R","BOSS","M","M","M","$","M","$","?","?","T","E","R","?","?","?","R","BOSS","M","?","M","?","M","E","$","E","T","E","M","R","?","M","R","BOSS","BOSS"],"build_version":"2018-10-18","purchased_purges":3,"victory":true,"max_hp_per_floor":[75,75,75,75,75,75,75,75,75,75,75,75,75,75,75,75,75,79,79,85,85,91,91,91,91,91,95,95,95,99,99,99,99,99,103,103,103,103,107,111,111,111,111,111,127,127,135,139,139,139,139],"card_choices":[{"not_picked":["Clash","Rage"],"picked":"Pommel Strike","floor":1},{"not_picked":["Dual Wield","Rampage"],"picked":"Pommel Strike","floor":5},{"not_picked":["Clothesline","Fiend Fire","Second Wind"],"picked":"SKIP","floor":7},{"not_picked":["True Grit","Spot Weakness"],"picked":"Twin Strike","floor":10},{"not_picked":["Intimidate","Shockwave","Clash"],"picked":"SKIP","floor":11},{"not_picked":["Pummel","Anger"],"picked":"Twin Strike","floor":12},{"not_picked":["Clothesline","Headbutt","Intimidate"],"picked":"SKIP","floor":13},{"not_picked":["Heavy Blade","Power Through"],"picked":"Thunderclap","floor":14},{"not_picked":["Exhume","Bludgeon"],"picked":"Feed","floor":16},{"not_picked":["Anger","True Grit","Intimidate"],"picked":"SKIP","floor":18},{"not_picked":["Flex","Pommel Strike"],"picked":"Uppercut","floor":19},{"not_picked":["Clothesline","Heavy Blade","Clash"],"picked":"SKIP","floor":20},{"not_picked":["Armaments","Anger","Body Slam+1"],"picked":"SKIP","floor":22},{"not_picked":["Iron Wave","Body Slam"],"picked":"Uppercut","floor":27},{"not_picked":["Headbutt","Body Slam","Heavy Blade"],"picked":"SKIP","floor":30},{"not_picked":["Brutality","Immolate"],"picked":"Demon Form","floor":33},{"not_picked":["True Grit+1","Flame Barrier","Flex"],"picked":"SKIP","floor":35},{"not_picked":["Finesse","Dramatic Entrance"],"picked":"Enlightenment","floor":36},{"not_picked":["Thunderclap+1","Second Wind","Combust+1"],"picked":"SKIP","floor":37},{"not_picked":["Warcry","Entrench"],"picked":"Perfected Strike","floor":39},{"not_picked":["Corruption","Armaments","Hemokinesis"],"picked":"SKIP","floor":40},{"not_picked":["Sentinel","Headbutt","Pommel Strike"],"picked":"SKIP","floor":42},{"not_picked":["Shrug It Off","Blood for Blood","Metallicize+1"],"picked":"SKIP","floor":44},{"not_picked":["Twin Strike","Clash","Clothesline"],"picked":"SKIP","floor":45},{"not_picked":["Rampage","Blood for Blood+1"],"picked":"Perfected Strike+1","floor":47},{"not_picked":["Evolve+1","Clash+1","Pummel"],"picked":"SKIP","floor":48}],"player_experience":359183,"relics_obtained":[{"floor":7,"key":"Nyarlathotep"},{"floor":9,"key":"Smiling Mask"},{"floor":13,"key":"Boot"},{"floor":26,"key":"OneHitWonder"},{"floor":27,"key":"Kunai"},{"floor":38,"key":"Bird Faced Urn"},{"floor":40,"key":"MawBank"},{"floor":42,"key":"Regal Pillow"},{"floor":43,"key":"Omamori"},{"floor":44,"key":"Bag of Preparation"}],"event_choices":[{"damage_healed":0,"gold_gain":0,"player_choice":"Rummage","damage_taken":0,"relics_obtained":["WarpedTongs"],"max_hp_gain":0,"max_hp_loss":0,"event_name":"Accursed Blacksmith","floor":2,"gold_loss":0,"cards_obtained":["Pain"]},{"damage_healed":0,"gold_gain":0,"player_choice":"Success","damage_taken":5,"relics_obtained":["Orichalcum"],"max_hp_gain":0,"max_hp_loss":0,"event_name":"Scrap Ooze","floor":3,"gold_loss":0},{"damage_healed":0,"gold_gain":0,"player_choice":"Entered Light","damage_taken":23,"max_hp_gain":0,"max_hp_loss":0,"event_name":"Shining Light","floor":4,"gold_loss":0,"cards_upgraded":["Pommel Strike","Defend_R"]},{"damage_healed":0,"gold_gain":0,"player_choice":"Paid Fearfully","damage_taken":0,"max_hp_gain":0,"max_hp_loss":0,"event_name":"Masked Bandits","floor":24,"gold_loss":2},{"damage_healed":0,"gold_gain":0,"player_choice":"Opened","damage_taken":0,"relics_obtained":["Ancient Tea Set"],"max_hp_gain":0,"max_hp_loss":0,"event_name":"The Mausoleum","floor":25,"gold_loss":0,"cards_obtained":["Writhe"]},{"damage_healed":0,"gold_gain":50,"player_choice":"Stole From Cult","damage_taken":0,"max_hp_gain":0,"max_hp_loss":0,"event_name":"Nest","floor":29,"gold_loss":0},{"damage_healed":0,"gold_gain":0,"cards_transformed":["Strike_R"],"player_choice":"Transformed","damage_taken":0,"max_hp_gain":0,"max_hp_loss":0,"event_name":"Transmorgrifier","floor":31,"gold_loss":0,"cards_obtained":["True Grit"]},{"damage_healed":0,"gold_gain":0,"player_choice":"Memory 1","damage_taken":0,"max_hp_gain":0,"max_hp_loss":0,"event_name":"SensoryStone","floor":36,"gold_loss":0},{"damage_healed":0,"gold_gain":0,"player_choice":"Fight","damage_taken":0,"max_hp_gain":0,"max_hp_loss":0,"event_name":"MindBloom","floor":38,"gold_loss":0}],"is_beta":false,"boss_relics":[{"not_picked":["Sozu","Runic Pyramid"],"picked":"TimeTraveler"},{"not_picked":["Coffee Dripper","Velvet Choker"],"picked":"BatchProcessingSystem"}],"items_purged_floors":[21,23,41],"is_endless":false,"potions_floor_spawned":[1,7,13,20,22,40,42,47],"ascension_level":20}