{"gold_per_floor":[109,120,120,45,45,45,58,58,58,58],"floor_reached":10,"playtime":197,"items_purged":["Strike_G"],"score":112,"play_id":"62ee67e5-8a71-40a9-a336-608b991c15f7","local_time":"20190303171806","is_ascension_mode":true,"campfire_choices":[{"data":"Poisoned Stab","floor":6,"key":"SMITH"},{"data":"Well Laid Plans","floor":8,"key":"SMITH"}],"neow_cost":"NONE","seed_source_timestamp":22508653892998,"circlet_count":0,"master_deck":["AscendersBane","Defend_G","Defend_G","Defend_G","Defend_G","Defend_G","Strike_G","Strike_G","Strike_G","Strike_G","Survivor","Neutralize","Poisoned Stab+1","Well Laid Plans+1"],"relics":["Ring of the Snake","Strawberry","Golden Idol","Lantern"],"potions_floor_usage":[],"damage_taken":[{"damage":9,"enemies":"Cultist","floor":1,"turns":6},{"damage":0,"enemies":"Small Slimes","floor":2,"turns":4},{"damage":0,"enemies":"2 Louse","floor":7,"turns":4},{"damage":0,"enemies":"Gremlin Gang","floor":10,"turns":1}],"seed_played":"-4925302898798880006","potions_obtained":[{"floor":2,"key":"GhostInAJar"},{"floor":5,"key":"Energy Potion"},{"floor":7,"key":"Dexterity Potion"}],"is_trial":false,"path_per_floor":["M","M","?","$","?","R","M","R","T","M"],"character_chosen":"THE_SILENT","items_purchased":[],"campfire_rested":0,"item_purchase_floors":[],"current_hp_per_floor":[57,57,57,57,57,57,57,57,57,57],"gold":58,"neow_bonus":"RANDOM_COMMON_RELIC","is_prod":false,"is_daily":false,"chose_seed":false,"campfire_upgraded":2,"win_rate":0,"timestamp":1551604686,"path_taken":["M","?","?","$","?","R","?","R","T","M"],"build_version":"2019-01-23","purchased_purges":1,"victory":false,"max_hp_per_floor":[73,73,66,66,66,66,66,66,66,66],"card_choices":[{"not_picked":["Prepared","Blade Dance"],"picked":"Poisoned Stab","floor":1},{"not_picked":["Deadly Poison","Choke"],"picked":"Well Laid Plans","floor":2},{"not_picked":["Acrobatics","Crippling Poison","Slice"],"picked":"SKIP","floor":7},{"not_picked":["Acrobatics","Crippling Poison","Slice"],"picked":"SKIP","floor":7}],"player_experience":3282507,"relics_obtained":[{"floor":9,"key":"Lantern"}],"event_choices":[{"damage_healed":0,"gold_gain":0,"player_choice":"Lose Max HP","damage_taken":0,"relics_obtained":["Golden Idol"],"max_hp_gain":0,"max_hp_loss":7,"event_name":"Golden Idol","floor":3,"gold_loss":0},{"damage_healed":0,"gold_gain":0,"player_choice":"Got Potions","damage_taken":0,"max_hp_gain":0,"max_hp_loss":0,"event_name":"Lab","floor":5,"gold_loss":0}],"is_beta":false,"boss_relics":[],"items_purged_floors":[4],"is_endless":false,"potions_floor_spawned":[2,7],"killed_by":"Gremlin Gang","ascension_level":20}