{"gold_per_floor":[219,369,167,167,167,208,233,248,272,272],"floor_reached":10,"playtime":566,"items_purged":["Doubt"],"score":116,"play_id":"048dedd4-c9bb-4ab8-8fdc-2f3b1e708e73","local_time":"20190215233703","is_ascension_mode":true,"campfire_choices":[],"neow_cost":"NONE","seed_source_timestamp":275184423937975,"circlet_count":0,"master_deck":["AscendersBane","Defend_G","Defend_G","Defend_G","Defend_G","Defend_G","Strike_G","Strike_G","Strike_G","Strike_G","Strike_G","Survivor","Neutralize","Calculated Gamble","Well Laid Plans","Backflip","Crippling Poison"],"relics":["Ring of the Snake","Golden Idol","Dream Catcher","Blood Vial"],"potions_floor_usage":[10],"damage_taken":[{"damage":21,"enemies":"Jaw Worm","floor":1,"turns":8},{"damage":41,"enemies":"3 Sentries","floor":6,"turns":22},{"damage":1,"enemies":"2 Louse","floor":7,"turns":4},{"damage":0,"enemies":"Cultist","floor":8,"turns":5},{"damage":6,"enemies":"Exordium Thugs","floor":10,"turns":6}],"seed_played":"2654753273062663074","potions_obtained":[{"floor":6,"key":"Dexterity Potion"}],"is_trial":false,"path_per_floor":["M","?","$","?","?","E","M","M","T","M"],"character_chosen":"THE_SILENT","items_purchased":["Well Laid Plans","Backflip"],"campfire_rested":0,"item_purchase_floors":[3,3],"current_hp_per_floor":[38,38,38,43,43,2,1,1,1,0],"gold":272,"neow_bonus":"HUNDRED_GOLD","is_prod":false,"is_daily":false,"chose_seed":false,"campfire_upgraded":0,"win_rate":0,"timestamp":1550245023,"path_taken":["M","?","$","?","?","E","M","M","T","M"],"build_version":"2019-01-23","purchased_purges":1,"victory":false,"max_hp_per_floor":[66,66,66,71,64,64,64,64,64,64],"card_choices":[{"not_picked":["Underhanded Strike","Bane"],"picked":"Calculated Gamble","floor":1},{"not_picked":["Distraction","Backflip","Choke"],"picked":"SKIP","floor":6},{"not_picked":["Skewer","Flying Knee"],"picked":"Crippling Poison","floor":7},{"not_picked":["Backflip","Skewer","Acrobatics"],"picked":"SKIP","floor":8}],"player_experience":771110,"relics_obtained":[{"floor":6,"key":"Dream Catcher"},{"floor":9,"key":"Blood Vial"}],"event_choices":[{"damage_healed":0,"gold_gain":150,"player_choice":"AGREE","damage_taken":0,"max_hp_gain":0,"max_hp_loss":0,"event_name":"Liars Game","floor":2,"gold_loss":0,"cards_obtained":["Doubt"]},{"damage_healed":0,"gold_gain":0,"player_choice":"Donut","damage_taken":0,"max_hp_gain":5,"max_hp_loss":0,"event_name":"Big Fish","floor":4,"gold_loss":0},{"damage_healed":0,"gold_gain":0,"player_choice":"Lose Max HP","damage_taken":0,"relics_obtained":["Golden Idol"],"max_hp_gain":0,"max_hp_loss":7,"event_name":"Golden Idol","floor":5,"gold_loss":0}],"is_beta":false,"boss_relics":[],"items_purged_floors":[3],"is_endless":false,"potions_floor_spawned":[6],"killed_by":"Exordium Thugs","ascension_level":15}