{"gold_per_floor":[366,366,377,27,37,37,68,68,68,68,79,9,9,9,9,87,87,75,75,85,85,97,123,123,123,123,123,140,140,157,184,184,258,258,258],"floor_reached":35,"playtime":1988,"items_purged":["Strike_G"],"score":723,"play_id":"5dbc57b6-55a3-42df-a298-6bff07bd535a","local_time":"20190221134850","is_ascension_mode":true,"campfire_choices":[{"data":"Envenom","floor":6.0,"key":"SMITH"},{"data":"Neutralize","floor":8.0,"key":"SMITH"},{"data":"Blade Dance","floor":15.0,"key":"SMITH"},{"floor":24,"key":"RECALL"},{"floor":29,"key":"REST"},{"floor":32,"key":"REST"}],"neow_cost":"TEN_PERCENT_HP_LOSS","seed_source_timestamp":4401404264186,"circlet_count":0,"master_deck":["AscendersBane","Defend_G","Defend_G","Defend_G","Defend_G","Defend_G","Strike_G","Survivor","Neutralize+1","Envenom+1","Poisoned Stab","Footwork","Blade Dance+1","Bouncing Flask","After Image","Footwork","Glass Knife","Envenom","Well Laid Plans","Escape Plan","Escape Plan","Night Terror"],"special_seed":0,"relics":["Ring of the Snake","Kunai","Pear","Anchor","Fusion Hammer","CultistMask","Bird Faced Urn","Prayer Wheel","Runic Pyramid"],"potions_floor_usage":[27,27,28],"damage_taken":[{"damage":0.0,"enemies":"2 Louse","floor":1.0,"turns":4.0},{"damage":0.0,"enemies":"Cultist","floor":3.0,"turns":5.0},{"damage":10.0,"enemies":"Jaw Worm","floor":5.0,"turns":5.0},{"damage":6.0,"enemies":"Lagavulin","floor":7.0,"turns":10.0},{"damage":0.0,"enemies":"2 Fungi Beasts","floor":11.0,"turns":4.0},{"damage":30.0,"enemies":"Hexaghost","floor":16.0,"turns":9.0},{"damage":5,"enemies":"2 Thieves","floor":18,"turns":4},{"damage":6,"enemies":"Shell Parasite","floor":20,"turns":8},{"damage":0,"enemies":"Shelled Parasite and Fungi","floor":22,"turns":8},{"damage":2,"enemies":"Book of Stabbing","floor":23,"turns":7},{"damage":35,"enemies":"Slavers","floor":27,"turns":3},{"damage":4,"enemies":"Snake Plant","floor":28,"turns":4},{"damage":17,"enemies":"Cultist and Chosen","floor":30,"turns":8},{"damage":1,"enemies":"Book of Stabbing","floor":31,"turns":7},{"damage":39,"enemies":"bossMod:newCollector","floor":33,"turns":12},{"damage":0,"enemies":"3 Shapes","floor":35,"turns":2}],"seed_played":"-7302045371371700193","potions_obtained":[{"floor":5.0,"key":"SmokeBomb"},{"floor":7.0,"key":"Strength Potion"},{"floor":28,"key":"Fruit Juice"},{"floor":31,"key":"Explosive Potion"}],"is_trial":false,"path_per_floor":["M","?","M","$","M","R","E","R","T","$","M","$","?","?","R","B",null,"M","?","M","?","M","E","R","?","T","E","M","R","M","E","R","B",null,"M"],"character_chosen":"THE_SILENT","items_purchased":["Kunai","Footwork","Bouncing Flask"],"campfire_rested":2,"item_purchase_floors":[4,4,12],"current_hp_per_floor":[59,59,59,59,49,49,53,53,53,53,53,53,58,58,58,28,63,58,58,52,52,52,50,50,50,50,25,36,60,55,66,80,41,70,78],"gold":258,"neow_bonus":"TWO_FIFTY_GOLD","is_prod":false,"is_daily":false,"chose_seed":false,"campfire_upgraded":3,"win_rate":0,"timestamp":1550728130,"path_taken":["M","?","M","$","M","R","E","R","T","$","M","?","?","?","R","BOSS","M","?","M","?","?","E","R","?","T","E","?","R","M","E","R","BOSS","M"],"build_version":"2019-01-23","purchased_purges":1,"victory":false,"max_hp_per_floor":[60,60,60,60,60,60,70,70,70,70,70,70,75,75,75,75,75,75,75,75,75,75,75,75,75,75,75,80,80,80,80,80,80,80,80],"card_choices":[{"not_picked":["PiercingWail","Accuracy","Distraction"],"picked":"SKIP","floor":1.0},{"not_picked":["Blur","Slice"],"picked":"Poisoned Stab","floor":3.0},{"not_picked":["Distraction","Dash","Acrobatics"],"picked":"SKIP","floor":5.0},{"not_picked":["Sucker Punch","Dagger Spray","Predator"],"picked":"SKIP","floor":7.0},{"not_picked":["Dodge and Roll","Backflip"],"picked":"Blade Dance","floor":11.0},{"not_picked":["Tools of the Trade","Glass Knife"],"picked":"After Image","floor":16.0},{"not_picked":["PiercingWail","Deflect"],"picked":"Footwork","floor":18},{"not_picked":["Prepared","Dagger Throw+1","Slice+1"],"picked":"SKIP","floor":20},{"not_picked":["Acrobatics","Deflect","Sucker Punch"],"picked":"SKIP","floor":22},{"not_picked":["Dash","Deflect"],"picked":"Well Laid Plans","floor":23},{"not_picked":["Choke","Caltrops"],"picked":"Escape Plan","floor":28},{"not_picked":["Reflex","Terror"],"picked":"Escape Plan","floor":30},{"not_picked":["Unload","Bane","Quick Slash"],"picked":"SKIP","floor":31},{"not_picked":["Die Die Die","Glass Knife"],"picked":"Night Terror","floor":33}],"player_experience":3005971,"relics_obtained":[{"floor":7.0,"key":"Pear"},{"floor":9.0,"key":"Anchor"},{"floor":23,"key":"Bird Faced Urn"},{"floor":31,"key":"Prayer Wheel"}],"event_choices":[{"damage_healed":0.0,"max_hp_gain":0.0,"max_hp_loss":0.0,"gold_gain":0.0,"event_name":"Match and Keep!","player_choice":"1 cards matched","floor":2.0,"gold_loss":0.0,"damage_taken":0.0,"cards_obtained":["Envenom"]},{"damage_healed":0.0,"max_hp_gain":5.0,"max_hp_loss":0.0,"gold_gain":0.0,"event_name":"Big Fish","player_choice":"Donut","floor":13.0,"gold_loss":0.0,"damage_taken":0.0},{"damage_healed":0.0,"max_hp_gain":0.0,"max_hp_loss":0.0,"gold_gain":0.0,"event_name":"The Cleric","player_choice":"Leave","floor":14.0,"gold_loss":0.0,"damage_taken":0.0},{"damage_healed":0,"gold_gain":0,"cards_transformed":["Strike_G","Strike_G"],"player_choice":"Became Test Subject","damage_taken":0,"max_hp_gain":0,"max_hp_loss":0,"event_name":"Drug Dealer","floor":19,"gold_loss":0,"cards_obtained":["Glass Knife","Envenom"]},{"damage_healed":0,"gold_gain":0,"player_choice":"Trade","damage_taken":0,"relics_obtained":["CultistMask"],"max_hp_gain":0,"max_hp_loss":0,"event_name":"FaceTrader","floor":21,"gold_loss":0},{"cards_removed":["Strike_G"],"damage_healed":0,"gold_gain":0,"player_choice":"Purged","damage_taken":0,"max_hp_gain":0,"max_hp_loss":0,"event_name":"Purifier","floor":25,"gold_loss":0}],"is_beta":false,"boss_relics":[{"not_picked":["Astrolabe","Lizard Tail"],"picked":"Fusion Hammer"},{"not_picked":["Eternal Feather","White Beast Statue"],"picked":"Runic Pyramid"}],"items_purged_floors":[4],"is_endless":false,"potions_floor_spawned":[5,7,16,20,23,27,28,31],"killed_by":"3 Shapes","ascension_level":15}