{"gold_per_floor":[117,117,42,42,54,54,54,89,89,119,119,119,129,54,54,54],"floor_reached":16,"playtime":300,"items_purged":["Strike_G"],"score":262,"play_id":"0bffd846-5698-46fa-a192-d7ce079ce4ac","local_time":"20181118172311","is_ascension_mode":true,"campfire_choices":[{"data":"Neutralize","floor":7.0,"key":"SMITH"},{"data":"Bouncing Flask","floor":11,"key":"SMITH"},{"data":"Tactician","floor":15,"key":"SMITH"}],"neow_cost":"NONE","seed_source_timestamp":1578633992085790,"circlet_count":0,"master_deck":["AscendersBane","Defend_G","Defend_G","Defend_G","Defend_G","Defend_G","Strike_G","Strike_G","Survivor","Neutralize+1","Dagger Throw","Tactician+1","Acrobatics","Bouncing Flask+1"],"special_seed":0,"relics":["Ring of the Snake","NeowsBlessing","Question Card","Vajra","Ninja Scroll","Bag of Preparation"],"potions_floor_usage":[10,16,16],"damage_taken":[{"damage":0.0,"enemies":"Jaw Worm","floor":1.0,"turns":1.0},{"damage":0.0,"enemies":"Small Slimes","floor":5.0,"turns":1.0},{"damage":0.0,"enemies":"Gremlin Nob","floor":8.0,"turns":1.0},{"damage":12,"enemies":"Lagavulin","floor":10,"turns":4},{"damage":0,"enemies":"Cultist","floor":13,"turns":2},{"damage":29,"enemies":"Slime Boss","floor":16,"turns":9}],"seed_played":"-5752058948785612554","potions_obtained":[{"floor":5.0,"key":"FearPotion"},{"floor":10,"key":"GhostInAJar"},{"floor":13,"key":"SkillPotion"}],"is_trial":false,"path_per_floor":["M","?","?","$","M","?","R","E","E","T","E","R","?","M","$","R","B"],"character_chosen":"THE_SILENT","items_purchased":[],"campfire_rested":0,"item_purchase_floors":[],"current_hp_per_floor":[59,64,64,64,64,59,59,59,59,47,47,40,40,40,40,11],"gold":54,"neow_bonus":"THREE_ENEMY_KILL","is_prod":false,"is_daily":false,"chose_seed":false,"campfire_upgraded":3,"win_rate":0,"timestamp":1542532991,"path_taken":["M","?","?","$","?","?","R","E","T","E","R","?","M","$","R","BOSS"],"build_version":"2018-11-15","purchased_purges":1,"victory":false,"max_hp_per_floor":[66,71,71,71,71,71,71,71,71,71,71,71,71,71,71,71],"card_choices":[{"not_picked":["Dagger Spray","Poisoned Stab"],"picked":"Dagger Throw","floor":1.0},{"not_picked":["Dagger Spray","Backstab"],"picked":"Tactician","floor":5.0},{"not_picked":["Burst","Flying Knee","Slice"],"picked":"Acrobatics","floor":8},{"not_picked":["Quick Slash","Eviscerate","Deadly Poison"],"picked":"Bouncing Flask","floor":10},{"not_picked":["Acrobatics","Underhanded Strike","Slice","Endless Agony"],"picked":"SKIP","floor":13}],"player_experience":537060,"relics_obtained":[{"floor":8,"key":"Vajra"},{"floor":9,"key":"Ninja Scroll"},{"floor":10,"key":"Bag of Preparation"}],"event_choices":[{"damage_healed":0.0,"max_hp_gain":5.0,"max_hp_loss":0.0,"gold_gain":0.0,"event_name":"Big Fish","player_choice":"Donut","floor":2.0,"gold_loss":0.0,"damage_taken":0.0},{"cards_removed":["Strike_G"],"damage_healed":0.0,"max_hp_gain":0.0,"max_hp_loss":0.0,"gold_gain":0.0,"event_name":"The Cleric","player_choice":"Card Removal","floor":3.0,"gold_loss":75.0,"damage_taken":0.0},{"damage_healed":0.0,"max_hp_gain":0.0,"max_hp_loss":0.0,"gold_gain":0.0,"event_name":"Scrap Ooze","player_choice":"Success","floor":6.0,"gold_loss":0.0,"damage_taken":5.0,"relics_obtained":["Question Card"]},{"cards_removed":["Strike_G"],"damage_healed":0,"gold_gain":0,"player_choice":"Card Removal","damage_taken":7,"max_hp_gain":0,"max_hp_loss":0,"event_name":"Golden Wing","floor":12,"gold_loss":0}],"is_beta":true,"boss_relics":[],"items_purged_floors":[14],"is_endless":false,"potions_floor_spawned":[5,10,13],"killed_by":"Slime Boss","ascension_level":20}