{"gold_per_floor":[109,34,51,51,51,85,98,115,115,130,130,130,130,430,430,430],"floor_reached":16,"playtime":183,"items_purged":["Strike_G"],"score":250,"play_id":"b88d7291-6b63-47cb-8689-0dcfc4ca1f25","local_time":"20190107192905","is_ascension_mode":true,"campfire_choices":[{"data":"Deadly Poison","floor":12,"key":"SMITH"},{"data":"Deadly Poison","floor":15,"key":"SMITH"}],"neow_cost":"NONE","seed_source_timestamp":27065365309647,"circlet_count":0,"master_deck":["AscendersBane","Defend_G","Defend_G","Defend_G","Defend_G","Defend_G+1","Strike_G","Strike_G","Survivor","Neutralize","Deadly Poison+1","Deadly Poison+1","Deadly Poison+1","Leg Sweep"],"relics":["Ring of the Snake","NeowsBlessing","War Paint","Old Coin"],"potions_floor_usage":[10],"damage_taken":[{"damage":0,"enemies":"2 Louse","floor":1,"turns":1},{"damage":0,"enemies":"Cultist","floor":3,"turns":1},{"damage":0,"enemies":"3 Sentries","floor":6,"turns":2},{"damage":4,"enemies":"Small Slimes","floor":7,"turns":3},{"damage":7,"enemies":"2 Fungi Beasts","floor":8,"turns":4},{"damage":0,"enemies":"Lots of Slimes","floor":10,"turns":2},{"damage":0,"enemies":"Slime Boss","floor":16,"turns":1}],"seed_played":"-6448756353752889183","potions_obtained":[{"floor":1,"key":"SkillPotion"},{"floor":6,"key":"LiquidBronze"},{"floor":8,"key":"Explosive Potion"},{"floor":10,"key":"SneckoOil"}],"is_trial":false,"path_per_floor":["M","$","M","?","$","E","M","M","T","M","?","R","?","?","R","B"],"character_chosen":"THE_SILENT","items_purchased":[],"campfire_rested":0,"item_purchase_floors":[],"current_hp_per_floor":[59,59,59,59,59,59,55,48,48,48,48,48,48,48,48,48],"gold":430,"neow_bonus":"THREE_ENEMY_KILL","is_prod":false,"is_daily":false,"chose_seed":false,"campfire_upgraded":2,"win_rate":0,"timestamp":1546860545,"path_taken":["M","$","M","?","?","E","M","M","T","M","?","R","?","?","R","BOSS"],"build_version":"2019-01-03v4","purchased_purges":1,"victory":false,"max_hp_per_floor":[66,66,66,66,66,66,66,66,66,66,66,66,66,66,66,66],"card_choices":[{"not_picked":["Blur","Finisher"],"picked":"Deadly Poison","floor":1},{"not_picked":["Dodge and Roll","PiercingWail","Heel Hook"],"picked":"SKIP","floor":3},{"not_picked":["Doppelganger","Quick Slash"],"picked":"Deadly Poison","floor":6},{"not_picked":["Slice","Poisoned Stab","Terror"],"picked":"SKIP","floor":7},{"not_picked":["Sucker Punch","Dagger Throw","Deflect"],"picked":"SKIP","floor":8},{"not_picked":["Escape Plan","Acrobatics"],"picked":"Deadly Poison","floor":10}],"player_experience":1826783,"relics_obtained":[{"floor":6,"key":"War Paint"},{"floor":14,"key":"Old Coin"}],"event_choices":[{"cards_removed":["Strike_G"],"damage_healed":0,"gold_gain":0,"player_choice":"Purged","damage_taken":0,"max_hp_gain":0,"max_hp_loss":0,"event_name":"Purifier","floor":4,"gold_loss":0},{"damage_healed":0,"gold_gain":0,"cards_transformed":["Strike_G"],"player_choice":"Change","damage_taken":0,"max_hp_gain":0,"max_hp_loss":0,"event_name":"Living Wall","floor":11,"gold_loss":0,"cards_obtained":["Leg Sweep"]},{"damage_healed":0,"gold_gain":0,"player_choice":"Ignored","damage_taken":0,"max_hp_gain":0,"max_hp_loss":0,"event_name":"Liars Game","floor":13,"gold_loss":0},{"damage_healed":0,"gold_gain":0,"player_choice":"Relic","damage_taken":0,"max_hp_gain":0,"max_hp_loss":0,"event_name":"Wheel of Change","floor":14,"gold_loss":0}],"is_beta":false,"boss_relics":[],"items_purged_floors":[2],"is_endless":false,"potions_floor_spawned":[1,6,8,10],"killed_by":"Slime Boss","ascension_level":20}