{"gold_per_floor":[109,34,109,34,46,46,79,79,79,90,90],"floor_reached":11,"playtime":236,"items_purged":["Strike_G"],"score":128,"play_id":"bcee9eb5-32f2-410a-85ca-1cb36dc2145a","local_time":"20190131122559","is_ascension_mode":true,"campfire_choices":[{"data":"Predator","floor":6,"key":"SMITH"},{"data":"Bouncing Flask","floor":8,"key":"SMITH"}],"neow_cost":"CURSE","seed_source_timestamp":35341759917742,"circlet_count":0,"master_deck":["AscendersBane","Defend_G","Defend_G","Defend_G","Defend_G","Defend_G","Strike_G","Strike_G","Strike_G","Strike_G","Survivor","Neutralize","A Thousand Cuts","Calculated Gamble","Predator+1","Bouncing Flask+1"],"relics":["Ring of the Snake","Centennial Puzzle","Frozen Egg 2"],"potions_floor_usage":[7,11],"damage_taken":[{"damage":7,"enemies":"Small Slimes","floor":1,"turns":5},{"damage":1,"enemies":"2 Louse","floor":5,"turns":3},{"damage":20,"enemies":"Lagavulin","floor":7,"turns":9},{"damage":0,"enemies":"Jaw Worm","floor":10,"turns":3},{"damage":40,"enemies":"Gremlin Nob","floor":11,"turns":3}],"seed_played":"-6793196325086048993","potions_obtained":[{"floor":5,"key":"Strength Potion"},{"floor":7,"key":"PowerPotion"}],"is_trial":false,"path_per_floor":["M","?","?","$","M","R","E","R","T","M","E"],"character_chosen":"THE_SILENT","items_purchased":[],"campfire_rested":0,"item_purchase_floors":[],"current_hp_per_floor":[52,52,41,41,40,40,20,20,20,20,0],"gold":90,"neow_bonus":"THREE_RARE_CARDS","is_prod":false,"is_daily":false,"chose_seed":false,"campfire_upgraded":2,"win_rate":0,"timestamp":1548908759,"path_taken":["M","?","?","$","M","R","E","R","T","M","E"],"build_version":"2019-01-23","purchased_purges":1,"victory":false,"max_hp_per_floor":[66,66,66,66,66,66,66,66,66,66,66],"card_choices":[{"not_picked":["Wraith Form v2","Bullet Time"],"picked":"A Thousand Cuts","floor":0},{"not_picked":["Blade Dance","Acrobatics"],"picked":"Calculated Gamble","floor":1},{"not_picked":["Endless Agony","Choke"],"picked":"Predator","floor":5},{"not_picked":["Dodge and Roll","Doppelganger"],"picked":"Bouncing Flask","floor":7},{"not_picked":["Masterful Stab","Infinite Blades+1","Deadly Poison"],"picked":"SKIP","floor":10}],"player_experience":2428612,"relics_obtained":[{"floor":7,"key":"Centennial Puzzle"},{"floor":9,"key":"Frozen Egg 2"}],"event_choices":[{"cards_removed":["Pain"],"damage_healed":0,"gold_gain":0,"player_choice":"Card Removal","damage_taken":0,"max_hp_gain":0,"max_hp_loss":0,"event_name":"The Cleric","floor":2,"gold_loss":75},{"damage_healed":0,"gold_gain":75,"player_choice":"Gather Gold","damage_taken":11,"max_hp_gain":0,"max_hp_loss":0,"event_name":"World of Goop","floor":3,"gold_loss":0}],"is_beta":false,"boss_relics":[],"items_purged_floors":[4],"is_endless":false,"potions_floor_spawned":[5,7],"killed_by":"Gremlin Nob","ascension_level":16}