{"gold_per_floor":[118,138,148,98,114,114,129,129,129,129,54,54,65,65,65,167,167,185,15,27,27,43,43,43,43,89,89,189,189,224,224,224,323,323,341,142,155,5,5,5,15,15,15,15,27,43,54,65,65,65],"floor_reached":51,"playtime":4024,"items_purged":["Defend_G","Defend_G","Strike_G","Defend_G"],"score":682,"play_id":"76ec8964-a65d-4322-a793-980d67651ca1","local_time":"20181019202411","is_ascension_mode":false,"campfire_choices":[{"data":"Deadly Poison","floor":6.0,"key":"SMITH"},{"data":"Bouncing Flask","floor":8.0,"key":"SMITH"},{"data":"Neutralize","floor":10.0,"key":"SMITH"},{"data":"Survivor","floor":15.0,"key":"SMITH"},{"data":"Noxious Fumes","floor":23.0,"key":"SMITH"},{"data":"Leg Sweep","floor":25.0,"key":"SMITH"},{"data":"Adrenaline","floor":27.0,"key":"SMITH"},{"data":"Backflip","floor":29.0,"key":"SMITH"},{"data":"Footwork","floor":32.0,"key":"SMITH"},{"data":"Catalyst","floor":40.0,"key":"SMITH"},{"data":"Night Terror","floor":42.0,"key":"SMITH"},{"data":"Defend_G","floor":44.0,"key":"SMITH"},{"data":"Defend_G","floor":49,"key":"SMITH"}],"neow_cost":"NONE","seed_source_timestamp":0,"circlet_count":0,"master_deck":["Defend_G+1","Defend_G+1","Strike_G","Strike_G","Survivor+1","Neutralize+1","Backflip+1","Deadly Poison+1","Bouncing Flask+1","Adrenaline+1","Noxious Fumes+1","Leg Sweep+1","Backflip+1","Footwork+1","Glass Knife+1","Catalyst+1","Night Terror+1","Crippling Poison+1"],"special_seed":0,"relics":["Ring of the Snake","Coffee Dripper","Molten Egg 2","Strawberry","Mummified Hand","Runic Pyramid","Pen Nib"],"potions_floor_usage":[50],"damage_taken":[{"damage":0.0,"enemies":"2 Louse","floor":1.0,"turns":4.0},{"damage":0.0,"enemies":"Small Slimes","floor":2.0,"turns":4.0},{"damage":0.0,"enemies":"Jaw Worm","floor":3.0,"turns":4.0},{"damage":4.0,"enemies":"Blue Slaver","floor":5.0,"turns":6.0},{"damage":1.0,"enemies":"2 Fungi Beasts","floor":7.0,"turns":4.0},{"damage":7.0,"enemies":"Large Slime","floor":13.0,"turns":5.0},{"damage":3.0,"enemies":"Hexaghost","floor":16.0,"turns":7.0},{"damage":0.0,"enemies":"Spheric Guardian","floor":18.0,"turns":2.0},{"damage":0.0,"enemies":"2 Thieves","floor":20.0,"turns":5.0},{"damage":2.0,"enemies":"Centurion and Healer","floor":22.0,"turns":6.0},{"damage":7.0,"enemies":"Slavers","floor":30.0,"turns":6.0},{"damage":0.0,"enemies":"Automaton","floor":33.0,"turns":9.0},{"damage":0.0,"enemies":"Orb Walker","floor":35.0,"turns":3.0},{"damage":0.0,"enemies":"3 Darklings","floor":37.0,"turns":6.0},{"damage":0.0,"enemies":"Maw","floor":41.0,"turns":4.0},{"damage":0,"enemies":"Writhing Mass","floor":45,"turns":6},{"damage":0,"enemies":"Sphere and 2 Shapes","floor":46,"turns":3},{"damage":0,"enemies":"3 Darklings","floor":47,"turns":4},{"damage":0,"enemies":"Maw","floor":48,"turns":3},{"damage":1,"enemies":"Donu and Deca","floor":50,"turns":4}],"seed_played":"-8035227495210201546","potions_obtained":[{"floor":5.0,"key":"Energy Potion"},{"floor":7.0,"key":"SpeedPotion"},{"floor":18.0,"key":"GhostInAJar"},{"floor":33.0,"key":"Regen Potion"},{"floor":39.0,"key":"SkillPotion"}],"is_trial":false,"path_per_floor":["M","M","M","?","M","R","M","R","T","R","$","?","M","?","R","B",null,"M","$","M","$","M","R","?","R","T","R","?","R","E","?","R","B",null,"M","$","M","$","?","R","M","R","T","R","M","M","M","M","R","B"],"character_chosen":"THE_SILENT","items_purchased":["Leg Sweep","Catalyst"],"campfire_rested":0,"item_purchase_floors":[19,36],"current_hp_per_floor":[70,70,70,70,66,66,65,65,65,65,65,65,58,51,51,48,70,70,70,70,70,68,68,68,68,75,75,75,75,68,68,68,68,77,77,77,77,77,77,77,77,77,77,77,77,77,77,77,77,76],"gold":65,"neow_bonus":"RANDOM_COLORLESS","is_prod":false,"is_daily":false,"chose_seed":false,"campfire_upgraded":13,"win_rate":0,"timestamp":1539951851,"path_taken":["M","M","M","?","M","R","M","R","T","R","$","?","M","?","R","BOSS","M","$","?","$","M","R","?","R","T","R","?","R","E","?","R","BOSS","M","$","M","$","?","R","M","R","T","R","M","M","M","M","R","BOSS"],"build_version":"2018-10-18","purchased_purges":4,"victory":true,"max_hp_per_floor":[70,70,70,70,70,70,70,70,70,70,70,70,70,70,70,70,70,70,70,70,70,70,70,70,70,77,77,77,77,77,77,77,77,77,77,77,77,77,77,77,77,77,77,77,77,77,77,77,77,77],"card_choices":[{"not_picked":["Terror","Underhanded Strike"],"picked":"Backflip","floor":1.0},{"not_picked":["Heel Hook","Infinite Blades"],"picked":"Deadly Poison","floor":2.0},{"not_picked":["Prepared","Deflect","Bane"],"picked":"SKIP","floor":3.0},{"not_picked":["Predator","Caltrops","Cloak And Dagger"],"picked":"SKIP","floor":5.0},{"not_picked":["Deflect","Underhanded Strike"],"picked":"Bouncing Flask","floor":7.0},{"not_picked":["Acrobatics","Flying Knee","Blade Dance"],"picked":"SKIP","floor":13.0},{"not_picked":["Unload","After Image"],"picked":"Adrenaline","floor":16.0},{"not_picked":["Backstab","Deadly Poison"],"picked":"Noxious Fumes","floor":18.0},{"not_picked":["Predator","Underhanded Strike","Outmaneuver"],"picked":"SKIP","floor":20.0},{"not_picked":["Dagger Spray","Skewer","Blade Dance"],"picked":"SKIP","floor":22.0},{"not_picked":["Dash+1","Sucker Punch+1"],"picked":"Backflip+1","floor":30.0},{"not_picked":["Unload+1","Storm of Steel"],"picked":"Glass Knife+1","floor":33.0},{"not_picked":["Sucker Punch+1","Poisoned Stab+1","Calculated Gamble"],"picked":"SKIP","floor":35.0},{"not_picked":["Acrobatics+1","Outmaneuver","Quick Slash+1"],"picked":"SKIP","floor":37.0},{"not_picked":["Backflip+1","Bane+1"],"picked":"Night Terror","floor":41.0},{"not_picked":["Cloak And Dagger+1","Sucker Punch+1"],"picked":"Crippling Poison+1","floor":45},{"not_picked":["Blade Dance+1","Poisoned Stab+1","Expertise"],"picked":"SKIP","floor":46},{"not_picked":["Underhanded Strike+1","Dagger Spray+1","Quick Slash+1"],"picked":"SKIP","floor":47},{"not_picked":["Slice+1","Blade Dance","PiercingWail"],"picked":"SKIP","floor":48}],"player_experience":372290,"relics_obtained":[{"floor":26.0,"key":"Strawberry"},{"floor":30.0,"key":"Mummified Hand"},{"floor":43.0,"key":"Pen Nib"}],"event_choices":[{"cards_removed":["Strike_G"],"damage_healed":0.0,"max_hp_gain":0.0,"max_hp_loss":0.0,"gold_gain":0.0,"event_name":"The Cleric","player_choice":"Card Removal","floor":4.0,"gold_loss":50.0,"damage_taken":0.0},{"damage_healed":0.0,"max_hp_gain":0.0,"max_hp_loss":0.0,"gold_gain":0.0,"event_name":"Liars Game","player_choice":"Ignored","floor":12.0,"gold_loss":0.0,"damage_taken":0.0},{"cards_removed":["Strike_G"],"damage_healed":0.0,"max_hp_gain":0.0,"max_hp_loss":0.0,"gold_gain":0.0,"event_name":"Golden Wing","player_choice":"Card Removal","floor":14.0,"gold_loss":0.0,"damage_taken":7.0},{"cards_removed":["Forethought"],"damage_healed":0.0,"max_hp_gain":0.0,"max_hp_loss":0.0,"gold_gain":0.0,"event_name":"WeMeetAgain","player_choice":"Gave Card","floor":24.0,"gold_loss":0.0,"damage_taken":0.0,"relics_obtained":["Molten Egg 2"]},{"damage_healed":0.0,"max_hp_gain":0.0,"max_hp_loss":0.0,"gold_gain":100.0,"event_name":"Golden Shrine","player_choice":"Pray","floor":28.0,"gold_loss":0.0,"damage_taken":0.0},{"damage_healed":0.0,"max_hp_gain":0.0,"max_hp_loss":0.0,"gold_gain":0.0,"event_name":"The Library","player_choice":"Read","floor":31.0,"gold_loss":0.0,"damage_taken":0.0,"cards_obtained":["Footwork"]},{"damage_healed":0.0,"max_hp_gain":0.0,"max_hp_loss":0.0,"gold_gain":0.0,"event_name":"The Lab","player_choice":"Got Potions","floor":39.0,"gold_loss":0.0,"damage_taken":0.0}],"is_beta":false,"boss_relics":[{"not_picked":["Snecko Eye","White Beast Statue"],"picked":"Coffee Dripper"},{"not_picked":["Ring of the Serpent","Empty Cage"],"picked":"Runic Pyramid"}],"items_purged_floors":[11,19,36,38],"is_endless":false,"potions_floor_spawned":[5,7,18,33,37,47],"ascension_level":0}