{"gold_per_floor":[113,131,56,76,90,90,106,120,120,120],"floor_reached":10,"playtime":716,"items_purged":["Strike_G"],"score":124,"play_id":"e1cbbf46-1a70-454f-96ee-d102ecb25469","local_time":"20190705160024","is_ascension_mode":true,"campfire_choices":[{"data":"Flechettes","floor":6.0,"key":"SMITH"}],"neow_cost":"NONE","seed_source_timestamp":235531639243484,"circlet_count":0,"master_deck":["AscendersBane","Strike_G","Strike_G","Strike_G","Strike_G","Defend_G","Defend_G","Defend_G","Defend_G","Defend_G","Survivor","Neutralize","Flechettes+1","Backflip","Tactician","Acrobatics"],"special_seed":0,"relics":["Ring of the Snake","NeowsBlessing","Bottled Lightning"],"potions_floor_usage":[],"damage_taken":[{"damage":0.0,"enemies":"Cultist","floor":1.0,"turns":1.0},{"damage":0.0,"enemies":"Jaw Worm","floor":2.0,"turns":1.0},{"damage":0.0,"enemies":"Small Slimes","floor":4.0,"turns":1.0},{"damage":3.0,"enemies":"Looter","floor":5.0,"turns":4.0},{"damage":7.0,"enemies":"Exordium Wildlife","floor":7.0,"turns":7.0},{"damage":3.0,"enemies":"Exordium Thugs","floor":8.0,"turns":6.0},{"damage":39,"enemies":"3 Sentries","floor":10,"turns":8}],"seed_played":"-3883608242890510929","potions_obtained":[{"floor":1.0,"key":"GhostInAJar"},{"floor":4.0,"key":"Ancient Potion"}],"is_trial":false,"path_per_floor":["M","M","$","M","M","R","M","M","T","E"],"character_chosen":"THE_SILENT","items_purchased":[],"campfire_rested":0,"item_purchase_floors":[],"current_hp_per_floor":[59,59,59,59,56,56,49,46,46,7],"gold":120,"neow_bonus":"THREE_ENEMY_KILL","is_prod":false,"is_daily":false,"chose_seed":false,"campfire_upgraded":1,"win_rate":0,"timestamp":1562313624,"path_taken":["M","M","$","?","M","R","M","M","T","E"],"build_version":"2019-07-01","purchased_purges":1,"victory":false,"max_hp_per_floor":[66,66,66,66,66,66,66,66,66,66],"card_choices":[{"not_picked":["Setup","Well Laid Plans"],"picked":"Flechettes","floor":1.0},{"not_picked":["PiercingWail","Underhanded Strike","Cloak And Dagger"],"picked":"SKIP","floor":2.0},{"not_picked":["PiercingWail","Underhanded Strike","Cloak And Dagger"],"picked":"SKIP","floor":2.0},{"not_picked":["Dodge and Roll","Leg Sweep"],"picked":"Backflip","floor":4.0},{"not_picked":["Cloak And Dagger","Slice"],"picked":"Tactician","floor":5.0},{"not_picked":["Phantasmal Killer","Slice","Infinite Blades"],"picked":"SKIP","floor":7.0},{"not_picked":["Quick Slash","Blade Dance"],"picked":"Acrobatics","floor":8.0}],"player_experience":1551776,"relics_obtained":[{"floor":9.0,"key":"Bottled Lightning"}],"event_choices":[],"is_beta":false,"boss_relics":[],"items_purged_floors":[3],"is_endless":false,"potions_floor_spawned":[1,4,5],"killed_by":"3 Sentries","ascension_level":20}