{"gold_per_floor":[360,360,16,16,37,77,77,98,151,170,39,39,52,92,92,191,191,207,232,10,10,35,71,71,71,71,85,85,106,106,130,130,225,225,250,269,294,294,627,303,303,303,382,395,91,111,30,48,48,48],"floor_reached":51,"playtime":1950,"items_purged":["Strike_B","Strike_B","Defend_B"],"score":1457,"play_id":"9251ad84-66c3-4792-a0f9-46be79909798","local_time":"20181011200500","is_ascension_mode":true,"campfire_choices":[{"floor":7,"key":"REST"},{"data":"Zap","floor":12,"key":"SMITH"},{"data":"Dualcast","floor":15,"key":"SMITH"},{"data":"Go for the Eyes","floor":24,"key":"SMITH"},{"data":"Go for the Eyes","floor":30,"key":"SMITH"},{"data":"Turbo","floor":32,"key":"SMITH"},{"data":"FTL","floor":42,"key":"SMITH"},{"data":"Turbo","floor":49,"key":"SMITH"}],"neow_cost":"TEN_PERCENT_HP_LOSS","seed_source_timestamp":71555260741511,"circlet_count":0,"master_deck":["Strike_B","Defend_B","Defend_B","Defend_B","Zap+1","Dualcast+1","AscendersBane","Go for the Eyes+1","Gash","Reprogram","Turbo+1","Self Repair","Gash","Core Surge","Go for the Eyes+1","Buffer+1","Gash","Gash","Steam","FTL+1","Turbo+1","FTL","Turbo"],"special_seed":0,"relics":["Cracked Core","Unceasing Top","Letter Opener","Gambling Chip","Pen Nib","Sundial","Coffee Dripper","Medical Kit","Orichalcum","Matryoshka","Philosopher\u0027s Stone","TheAbacus","FossilizedHelix","Question Card","Frozen Egg 2","Vajra"],"potions_floor_usage":[13,14,14,16,23,50,50],"damage_taken":[{"damage":6,"enemies":"Jaw Worm","floor":1,"turns":4},{"damage":1,"enemies":"2 Louse","floor":5,"turns":3},{"damage":49,"enemies":"Gremlin Nob","floor":6,"turns":5},{"damage":4,"enemies":"Cultist","floor":8,"turns":3},{"damage":9,"enemies":"Red Slaver","floor":10,"turns":4},{"damage":1,"enemies":"Looter","floor":13,"turns":3},{"damage":17,"enemies":"3 Sentries","floor":14,"turns":4},{"damage":3,"enemies":"Hexaghost","floor":16,"turns":7},{"damage":0,"enemies":"Chosen","floor":18,"turns":3},{"damage":10,"enemies":"Shell Parasite","floor":19,"turns":2},{"damage":11,"enemies":"Snake Plant","floor":22,"turns":4},{"damage":8,"enemies":"Book of Stabbing","floor":23,"turns":4},{"damage":0,"enemies":"Cultist and Chosen","floor":27,"turns":4},{"damage":0,"enemies":"Shelled Parasite and Fungi","floor":29,"turns":3},{"damage":0,"enemies":"Chosen and Byrds","floor":31,"turns":3},{"damage":0,"enemies":"Automaton","floor":33,"turns":3},{"damage":0,"enemies":"3 Shapes","floor":35,"turns":2},{"damage":0,"enemies":"Orb Walker","floor":36,"turns":1},{"damage":0,"enemies":"Spire Growth","floor":37,"turns":2},{"damage":0,"enemies":"Mind Bloom Boss Battle","floor":41,"turns":2},{"damage":0,"enemies":"Reptomancer","floor":44,"turns":3},{"damage":0,"enemies":"4 Shapes","floor":46,"turns":2},{"damage":0,"enemies":"Maw","floor":48,"turns":2},{"damage":0,"enemies":"Donu and Deca","floor":50,"turns":2}],"seed_played":"5965150183899912518","potions_obtained":[{"floor":8,"key":"Weak Potion"},{"floor":10,"key":"AttackPotion"},{"floor":13,"key":"Fire Potion"},{"floor":14,"key":"FocusPotion"},{"floor":16,"key":"GamblersBrew"},{"floor":22,"key":"PowerPotion"},{"floor":23,"key":"EssenceOfSteel"},{"floor":31,"key":"Strength Potion"},{"floor":37,"key":"Energy Potion"}],"is_trial":false,"path_per_floor":["M","?","$","T","M","E","R","M","T","M","$","R","M","E","R","B",null,"M","M","$","?","M","E","R","?","T","M","$","M","R","M","R","B",null,"M","M","M","?","?","$","?","R","T","M","$","M","$","M","R","B"],"character_chosen":"DEFECT","items_purchased":["Unceasing Top","Gash","Medical Kit","TheAbacus","Vajra","FTL"],"campfire_rested":1,"item_purchase_floors":[3,11,20,40,45,47],"current_hp_per_floor":[58,58,58,58,57,8,25,21,21,12,12,12,18,8,8,12,47,54,51,51,51,47,46,46,46,46,53,53,58,58,58,58,58,58,58,58,58,55,55,55,58,58,58,58,58,58,58,58,58,58],"gold":48,"neow_bonus":"TWO_FIFTY_GOLD","is_prod":false,"is_daily":false,"chose_seed":false,"campfire_upgraded":7,"win_rate":0,"timestamp":1539259500,"path_taken":["M","?","$","?","M","E","R","?","T","M","$","R","M","E","R","BOSS","M","M","$","?","M","E","R","?","T","?","?","M","R","M","R","BOSS","M","M","M","?","?","?","?","R","T","?","$","M","$","M","R","BOSS"],"build_version":"2018-10-04v2","purchased_purges":3,"victory":true,"max_hp_per_floor":[64,58,58,58,58,58,58,58,58,58,58,58,58,58,58,58,58,58,58,58,58,58,58,58,58,58,58,58,58,58,58,58,58,58,58,58,58,58,58,58,58,58,58,58,58,58,58,58,58,58],"card_choices":[{"not_picked":["Leap","Sweeping Beam"],"picked":"Go for the Eyes","floor":1},{"not_picked":["Loop","Leap"],"picked":"Gash","floor":5},{"not_picked":["Rebound","Hologram"],"picked":"Reprogram","floor":6},{"not_picked":["Cold Snap","Go for the Eyes"],"picked":"Turbo","floor":8},{"not_picked":["Turbo","Stack"],"picked":"Self Repair","floor":10},{"not_picked":["Streamline","Ball Lightning"],"picked":"Core Surge","floor":13},{"not_picked":["Loop","Aggregate"],"picked":"Go for the Eyes","floor":14},{"not_picked":["Multi-Cast","Biased Cognition"],"picked":"Buffer","floor":16},{"not_picked":["Reprogram","Stack"],"picked":"Gash","floor":18},{"not_picked":["Sweeping Beam+1","Conserve Battery","Go for the Eyes"],"picked":"SKIP","floor":19},{"not_picked":["Hello World","Redo","Barrage+1"],"picked":"SKIP","floor":22},{"not_picked":["Stack","Ball Lightning","Chaos"],"picked":"SKIP","floor":23},{"not_picked":["Barrage","Loop"],"picked":"Gash","floor":27},{"not_picked":["Barrage","Electrodynamics","Hello World"],"picked":"SKIP","floor":29},{"not_picked":["Force Field","Ball Lightning"],"picked":"Steam","floor":31},{"not_picked":["Stack","Defragment+1"],"picked":"FTL","floor":35},{"not_picked":["Rebound","Auto Shields","Undo+1"],"picked":"SKIP","floor":36},{"not_picked":["Ball Lightning","Hello World","Stack"],"picked":"SKIP","floor":37},{"not_picked":["Sweeping Beam","Core Surge","Steam","Hologram"],"picked":"SKIP","floor":44},{"not_picked":["Consume+1","Conserve Battery","Leap","Turbo"],"picked":"SKIP","floor":46},{"not_picked":["Consume+1","Conserve Battery","Leap"],"picked":"Turbo","floor":46},{"not_picked":["Steam","Chill","Consume+1"],"picked":"Turbo","floor":48}],"player_experience":283963,"relics_obtained":[{"floor":4,"key":"Letter Opener"},{"floor":6,"key":"Gambling Chip"},{"floor":9,"key":"Pen Nib"},{"floor":14,"key":"Sundial"},{"floor":23,"key":"Orichalcum"},{"floor":26,"key":"Matryoshka"},{"floor":41,"key":"FossilizedHelix"},{"floor":43,"key":"Question Card"},{"floor":43,"key":"Frozen Egg 2"}],"event_choices":[{"event_name":"Golden Idol","player_choice":"Lose Max HP","floor":2,"damage_taken":0},{"event_name":"Accursed Blacksmith","player_choice":"Forge","floor":21,"damage_taken":0},{"event_name":"Back to Basics","player_choice":"Elegance","floor":25,"damage_taken":0},{"event_name":"The Woman in Blue","player_choice":"Bought 0 Potions","floor":38,"damage_taken":0},{"event_name":"The Moai Head","player_choice":"Gave Idol","floor":39,"damage_taken":0},{"event_name":"MindBloom","player_choice":"Fight","floor":41,"damage_taken":0}],"is_beta":false,"boss_relics":[{"not_picked":["Tiny House","White Beast Statue"],"picked":"Coffee Dripper"},{"not_picked":["Calling Bell","Orrery"],"picked":"Philosopher\u0027s Stone"}],"items_purged_floors":[11,40,45],"is_endless":false,"potions_floor_spawned":[8,10,13,14,16,22,23,31,35,36,37,41],"ascension_level":16}