{"gold_per_floor":[110,70,70,70,70,70,105,105,128,164,164,164,185,185,185,316,316,341,341,341,120,145,145,163,163,163,78,78,78,78,92,92,218,218,242,307,307,640,653,653,680,680,680,580,580,580,94,94,94,94],"floor_reached":51,"playtime":17413,"items_purged":["Strike_R","Anger+1","Body Slam+1"],"score":771,"play_id":"98209c97-3e25-4b30-b4bf-02a7f3ec338d","local_time":"20190724000828","is_ascension_mode":false,"campfire_choices":[{"data":"Spot Weakness","floor":6.0,"key":"SMITH"},{"data":"Armaments","floor":8.0,"key":"SMITH"},{"data":"Clash","floor":11.0,"key":"SMITH"},{"data":"Bash","floor":15.0,"key":"SMITH"},{"data":"Rampage","floor":23.0,"key":"SMITH"},{"data":"Battle Trance","floor":25.0,"key":"SMITH"},{"data":"Fiend Fire","floor":29.0,"key":"SMITH"},{"data":"Ghostly","floor":32.0,"key":"SMITH"},{"data":"Dark Embrace","floor":40.0,"key":"SMITH"},{"data":"Corruption","floor":42.0,"key":"SMITH"},{"floor":46.0,"key":"RECALL"},{"data":"Evolve","floor":49.0,"key":"SMITH"}],"neow_cost":"NONE","seed_source_timestamp":4566946938418,"circlet_count":0,"master_deck":["Bash+1","Clash+1","Spot Weakness+1","Armaments+1","Fiend Fire+1","Rampage+1","Battle Trance+1","Ghostly+1","Ghostly+1","Ghostly+1","Ghostly+1","Ghostly+1","Rampage+1","Dark Embrace+1","Corruption+1","Reaper+1","Ghostly Armor+1","Body Slam+1","Demon Form+1","Pommel Strike+1","True Grit+1","Evolve+1"],"special_seed":0,"relics":["Burning Blood","NeowsBlessing","Pocketwatch","Centennial Puzzle","Gremlin Horn","Coffee Dripper","Sundial","Molten Egg 2","Blood Vial","Red Skull","Pandora\u0027s Box","Ice Cream","Shuriken","Potion Belt","Mercury Hourglass","Mark of the Bloom","TheAbacus","Letter Opener"],"potions_floor_usage":[50,50,50],"damage_taken":[{"damage":0.0,"enemies":"Jaw Worm","floor":1.0,"turns":1.0},{"damage":0.0,"enemies":"Lagavulin","floor":7.0,"turns":1.0},{"damage":0.0,"enemies":"Gremlin Nob","floor":10.0,"turns":1.0},{"damage":0.0,"enemies":"Small Slimes","floor":13.0,"turns":3.0},{"damage":17.0,"enemies":"The Guardian","floor":16.0,"turns":12.0},{"damage":12.0,"enemies":"Shell Parasite","floor":18.0,"turns":5.0},{"damage":15.0,"enemies":"2 Thieves","floor":22.0,"turns":3.0},{"damage":0.0,"enemies":"3 Cultists","floor":24.0,"turns":3.0},{"damage":0.0,"enemies":"Centurion and Healer","floor":31.0,"turns":3.0},{"damage":2.0,"enemies":"Automaton","floor":33.0,"turns":7.0},{"damage":0.0,"enemies":"3 Darklings","floor":35.0,"turns":4.0},{"damage":3.0,"enemies":"2 Orb Walkers","floor":36.0,"turns":5.0},{"damage":0.0,"enemies":"Orb Walker","floor":39.0,"turns":3.0},{"damage":3.0,"enemies":"Reptomancer","floor":41.0,"turns":4.0},{"damage":0,"enemies":"Donu and Deca","floor":50,"turns":4}],"seed_played":"-4957733495181401980","potions_obtained":[{"floor":7.0,"key":"Dexterity Potion"},{"floor":13.0,"key":"Strength Potion"},{"floor":14.0,"key":"LiquidBronze"},{"floor":14.0,"key":"Swift Potion"},{"floor":22.0,"key":"SneckoOil"},{"floor":39.0,"key":"Energy Potion"}],"is_trial":false,"path_per_floor":["M","$","?","$","?","R","E","R","T","E","R","?","M","?","R","B",null,"M","?","?","$","M","R","M","R","T","?","?","R","?","M","R","B",null,"M","?","T","?","M","R","E","R","T","$","?","R","$","T","R","B",null],"character_chosen":"IRONCLAD","items_purchased":["Spot Weakness","Rampage","Battle Trance","Evolve","GamblersBrew","SpeedPotion","TheAbacus"],"campfire_rested":0,"item_purchase_floors":[2,21,21,47,47,47,47],"current_hp_per_floor":[80,80,73,73,53,53,59,59,59,65,65,65,71,71,71,60,80,74,74,74,74,65,65,71,71,71,71,40,40,40,40,40,40,40,40,40,40,40,40,40,40,40,40,40,40,40,40,40,40,40],"gold":94,"neow_bonus":"THREE_ENEMY_KILL","is_prod":false,"is_daily":false,"chose_seed":false,"campfire_upgraded":11,"win_rate":0,"timestamp":1563898108,"path_taken":["M","$","?","$","?","R","E","R","T","E","R","?","M","?","R","BOSS","M","?","?","$","M","R","?","R","T","?","?","R","?","?","R","BOSS","M","?","?","?","M","R","E","R","T","$","?","R","$","?","R","BOSS"],"build_version":"2019-07-17","purchased_purges":3,"victory":true,"max_hp_per_floor":[80,80,80,80,80,80,80,80,80,80,80,80,80,80,80,80,80,80,80,80,80,80,80,80,80,80,80,40,40,40,40,40,40,40,40,40,40,40,40,40,40,40,40,40,40,40,40,40,40,40],"card_choices":[{"not_picked":["Seeing Red","Twin Strike"],"picked":"Clash","floor":1.0},{"not_picked":["Corruption","Shrug It Off"],"picked":"Armaments","floor":7.0},{"not_picked":["Corruption","Headbutt","Rage"],"picked":"SKIP","floor":10.0},{"not_picked":["Body Slam","Perfected Strike","Dark Embrace"],"picked":"SKIP","floor":13.0},{"not_picked":["Impervious","Immolate"],"picked":"Fiend Fire","floor":16.0},{"not_picked":["Thunderclap+1","Body Slam","Cleave"],"picked":"SKIP","floor":18.0},{"not_picked":["Metallicize","Clash+1","Pummel+1"],"picked":"SKIP","floor":22.0},{"not_picked":["Power Through","Twin Strike","Double Tap"],"picked":"SKIP","floor":24.0},{"not_picked":["Sever Soul+1","Shockwave"],"picked":"Rampage+1","floor":31.0},{"not_picked":["Exhume","Double Tap"],"picked":"Dark Embrace","floor":33.0},{"not_picked":["Carnage+1","Clash+1","Headbutt+1"],"picked":"SKIP","floor":35.0},{"not_picked":["Clash+1","Infernal Blade"],"picked":"Pommel Strike+1","floor":36.0},{"not_picked":["Bloodletting","Reckless Charge+1","Clash+1"],"picked":"SKIP","floor":39.0},{"not_picked":["Carnage+1","Clothesline+1"],"picked":"True Grit+1","floor":41.0}],"player_experience":5824641,"relics_obtained":[{"floor":7.0,"key":"Pocketwatch"},{"floor":9.0,"key":"Centennial Puzzle"},{"floor":10.0,"key":"Gremlin Horn"},{"floor":20.0,"key":"Sundial"},{"floor":26.0,"key":"Molten Egg 2"},{"floor":36.0,"key":"Ice Cream"},{"floor":37.0,"key":"Shuriken"},{"floor":41.0,"key":"Potion Belt"},{"floor":43.0,"key":"Mercury Hourglass"},{"floor":48.0,"key":"Letter Opener"}],"event_choices":[{"cards_removed":["Strike_R"],"damage_healed":0.0,"max_hp_gain":0.0,"max_hp_loss":0.0,"gold_gain":0.0,"event_name":"Golden Wing","player_choice":"Card Removal","floor":3.0,"gold_loss":0.0,"damage_taken":7.0},{"damage_healed":0.0,"max_hp_gain":0.0,"max_hp_loss":0.0,"gold_gain":0.0,"event_name":"Golden Idol","player_choice":"Take Damage","floor":5.0,"gold_loss":0.0,"damage_taken":20.0,"relics_obtained":["Golden Idol"]},{"damage_healed":0.0,"max_hp_gain":0.0,"max_hp_loss":0.0,"gold_gain":0.0,"event_name":"Liars Game","player_choice":"Ignored","floor":12.0,"gold_loss":0.0,"damage_taken":0.0},{"damage_healed":0.0,"max_hp_gain":0.0,"max_hp_loss":0.0,"gold_gain":0.0,"event_name":"Lab","player_choice":"Got Potions","floor":14.0,"gold_loss":0.0,"damage_taken":0.0},{"damage_healed":0.0,"max_hp_gain":0.0,"max_hp_loss":0.0,"gold_gain":0.0,"event_name":"Cursed Tome","player_choice":"Ignored","floor":19.0,"gold_loss":0.0,"damage_taken":0.0},{"damage_healed":0.0,"max_hp_gain":0.0,"max_hp_loss":0.0,"gold_gain":0.0,"event_name":"Wheel of Change","player_choice":"Relic","floor":20.0,"gold_loss":0.0,"damage_taken":0.0},{"damage_healed":0.0,"max_hp_gain":0.0,"max_hp_loss":0.0,"gold_gain":0.0,"event_name":"Addict","player_choice":"Obtained Relic","floor":27.0,"gold_loss":85.0,"damage_taken":0.0,"relics_obtained":["Blood Vial"]},{"damage_healed":0.0,"max_hp_gain":0.0,"max_hp_loss":40.0,"gold_gain":0.0,"event_name":"Ghosts","player_choice":"Became a Ghost","floor":28.0,"gold_loss":0.0,"damage_taken":0.0,"cards_obtained":["Ghostly","Ghostly","Ghostly","Ghostly","Ghostly"]},{"damage_healed":0.0,"max_hp_gain":0.0,"max_hp_loss":0.0,"gold_gain":0.0,"event_name":"WeMeetAgain","player_choice":"Gave Potion","floor":30.0,"gold_loss":0.0,"damage_taken":0.0,"relics_obtained":["Red Skull"]},{"damage_healed":0.0,"max_hp_gain":0.0,"max_hp_loss":0.0,"gold_gain":0.0,"event_name":"Mysterious Sphere","player_choice":"Fight","floor":36.0,"gold_loss":0.0,"damage_taken":0.0},{"damage_healed":0.0,"max_hp_gain":0.0,"max_hp_loss":0.0,"gold_gain":333.0,"event_name":"The Moai Head","player_choice":"Gave Idol","floor":38.0,"relics_lost":["Golden Idol"],"gold_loss":0.0,"damage_taken":0.0},{"damage_healed":0.0,"max_hp_gain":0.0,"max_hp_loss":0.0,"gold_gain":0.0,"event_name":"MindBloom","player_choice":"Upgrade","floor":45.0,"gold_loss":0.0,"damage_taken":0.0,"cards_upgraded":["Ghostly","Ghostly","Ghostly","Ghostly","Ghostly Armor","Demon Form"],"relics_obtained":["Mark of the Bloom"]}],"is_beta":false,"boss_relics":[{"not_picked":["Fusion Hammer","White Beast Statue"],"picked":"Coffee Dripper"},{"not_picked":["Velvet Choker","Orrery"],"picked":"Pandora\u0027s Box"}],"items_purged_floors":[21,44,47],"is_endless":false,"potions_floor_spawned":[7,13,18,22,24,39],"ascension_level":0}