{"gold_per_floor":[112,37,56,6,16,16,28,28,28,38,38,56,82,12,12,117,117,132,145,156,78,91,91,91,91,159,10,23,23,23,35,35,139,139,156,76,92,92,110,110,124,124,124,134,34,53,53,67,67,67],"floor_reached":51,"playtime":2858,"items_purged":["Defend_G","Defend_G","Strike_G"],"score":678,"play_id":"ff47cac2-01ca-4a55-8385-30865956bfd4","local_time":"20181029150942","is_ascension_mode":false,"campfire_choices":[{"data":"Neutralize","floor":6.0,"key":"SMITH"},{"data":"Backflip","floor":8.0,"key":"SMITH"},{"data":"Catalyst","floor":15.0,"key":"SMITH"},{"data":"Well Laid Plans","floor":23.0,"key":"SMITH"},{"data":"Footwork","floor":25.0,"key":"SMITH"},{"data":"Noxious Fumes","floor":32.0,"key":"SMITH"},{"data":"Noxious Fumes","floor":40.0,"key":"SMITH"},{"data":"Footwork","floor":42.0,"key":"SMITH"},{"data":"Footwork","floor":49,"key":"SMITH"}],"neow_cost":"NONE","seed_source_timestamp":13472940294589,"circlet_count":0,"master_deck":["Defend_G","Defend_G","Defend_G","Survivor","Neutralize+1","Purity","Backflip+1","Calculated Gamble","Crippling Poison","Envenom","Envenom","Catalyst+1","Bullet Time","Grand Finale+1","Footwork+1","Leg Sweep+1","Footwork+1","Dodge and Roll","Well Laid Plans+1","Footwork+1","Footwork+1","Noxious Fumes+1","Noxious Fumes+1","Envenom","Leg Sweep+1","Well Laid Plans+1","Concentrate","Deadly Poison+1","Catalyst+1"],"special_seed":0,"relics":["Ring of the Snake","Ice Cream","Astrolabe","The Courier","Cursed Key"],"potions_floor_usage":[48,50,50],"damage_taken":[{"damage":0.0,"enemies":"Small Slimes","floor":1.0,"turns":5.0},{"damage":0.0,"enemies":"2 Louse","floor":3.0,"turns":2.0},{"damage":0.0,"enemies":"Cultist","floor":5.0,"turns":4.0},{"damage":0.0,"enemies":"Blue Slaver","floor":7.0,"turns":5.0},{"damage":0.0,"enemies":"Exordium Thugs","floor":10.0,"turns":5.0},{"damage":3.0,"enemies":"Lots of Slimes","floor":12.0,"turns":3.0},{"damage":15.0,"enemies":"Gremlin Nob","floor":13.0,"turns":5.0},{"damage":20.0,"enemies":"The Guardian","floor":16.0,"turns":9.0},{"damage":2.0,"enemies":"Shell Parasite","floor":18.0,"turns":11.0},{"damage":0.0,"enemies":"Spheric Guardian","floor":19.0,"turns":10.0},{"damage":0.0,"enemies":"Shelled Parasite and Fungi","floor":20.0,"turns":7.0},{"damage":0.0,"enemies":"Snake Plant","floor":22.0,"turns":7.0},{"damage":3.0,"enemies":"Centurion and Healer","floor":28.0,"turns":10.0},{"damage":1.0,"enemies":"Colosseum Slavers","floor":29.0,"turns":8.0},{"damage":0.0,"enemies":"Snecko","floor":31.0,"turns":10.0},{"damage":1.0,"enemies":"Automaton","floor":33.0,"turns":12.0},{"damage":3.0,"enemies":"3 Darklings","floor":35.0,"turns":6.0},{"damage":3.0,"enemies":"3 Shapes","floor":37.0,"turns":8.0},{"damage":17.0,"enemies":"Sphere and 2 Shapes","floor":39.0,"turns":6.0},{"damage":0.0,"enemies":"Maw","floor":41.0,"turns":8.0},{"damage":0.0,"enemies":"4 Shapes","floor":44.0,"turns":7.0},{"damage":22.0,"enemies":"3 Darklings","floor":46.0,"turns":7.0},{"damage":0,"enemies":"Sphere and 2 Shapes","floor":48,"turns":6},{"damage":12,"enemies":"Time Eater","floor":50,"turns":8}],"seed_played":"-8272944251422621118","potions_obtained":[{"floor":3.0,"key":"Strength Potion"},{"floor":7.0,"key":"Swift Potion"},{"floor":13.0,"key":"Regen Potion"},{"floor":16.0,"key":"Ancient Potion"},{"floor":33.0,"key":"Weak Potion"},{"floor":39.0,"key":"Regen Potion"}],"is_trial":false,"path_per_floor":["M","$","M","?","M","R","M","R","T","M","?","M","E","$","R","B",null,"M","M","M","$","M","R","?","R","T","$","M","?","?","M","R","B",null,"M","$","M","?","M","R","M","R","T","M","$","M","$","M","R","B"],"character_chosen":"THE_SILENT","items_purchased":["Catalyst","Well Laid Plans","Footwork","Footwork","Noxious Fumes"],"campfire_rested":0,"item_purchase_floors":[14,21,27,27,27],"current_hp_per_floor":[70,70,70,70,70,70,70,70,70,70,70,67,52,52,52,32,70,68,68,68,68,68,68,68,68,68,68,65,64,64,64,64,63,70,67,67,64,64,47,47,47,47,47,47,47,25,25,25,25,65],"gold":67,"neow_bonus":"RANDOM_COLORLESS","is_prod":false,"is_daily":false,"chose_seed":false,"campfire_upgraded":9,"win_rate":0,"timestamp":1540796982,"path_taken":["M","$","M","?","?","R","M","R","T","M","?","M","E","$","R","BOSS","M","M","M","$","M","R","?","R","T","$","M","?","?","?","R","BOSS","M","$","M","?","?","R","M","R","T","M","$","M","$","M","R","BOSS"],"build_version":"2018-10-25v2","purchased_purges":3,"victory":true,"max_hp_per_floor":[70,70,70,70,70,70,70,70,70,70,70,70,70,70,70,70,70,70,70,70,70,70,70,70,70,70,70,70,70,70,70,70,70,70,70,70,70,66,66,66,66,66,66,66,66,66,66,66,66,66],"card_choices":[{"not_picked":["Outmaneuver","Quick Slash"],"picked":"Backflip","floor":1.0},{"not_picked":["Acrobatics","Dagger Throw","Underhanded Strike"],"picked":"SKIP","floor":3.0},{"not_picked":["Acrobatics","Quick Slash"],"picked":"Calculated Gamble","floor":5.0},{"not_picked":["Flechettes","Dagger Spray","Slice"],"picked":"SKIP","floor":7.0},{"not_picked":["Dagger Spray","Choke","Dodge and Roll"],"picked":"SKIP","floor":10.0},{"not_picked":["Quick Slash","Caltrops","Deflect"],"picked":"SKIP","floor":12.0},{"not_picked":["Distraction","Sucker Punch"],"picked":"Envenom","floor":13.0},{"not_picked":["Wraith Form v2","Unload"],"picked":"Bullet Time","floor":16.0},{"not_picked":["Finisher+1","Dagger Throw"],"picked":"Footwork","floor":18.0},{"not_picked":["PiercingWail","Underhanded Strike"],"picked":"Dodge and Roll","floor":19.0},{"not_picked":["Dagger Throw","Slice","Finisher"],"picked":"SKIP","floor":20.0},{"not_picked":["Terror","Caltrops","Dagger Throw"],"picked":"SKIP","floor":22.0},{"not_picked":["Poisoned Stab","Finisher","Backstab"],"picked":"SKIP","floor":28.0},{"not_picked":["Sucker Punch","Deflect"],"picked":"Noxious Fumes","floor":31.0},{"not_picked":["Storm of Steel","Phantasmal Killer"],"picked":"Envenom","floor":33.0},{"not_picked":["Crippling Poison","Outmaneuver"],"picked":"Leg Sweep+1","floor":35.0},{"not_picked":["Outmaneuver","Flying Knee"],"picked":"Well Laid Plans+1","floor":37.0},{"not_picked":["Cloak And Dagger+1","Expertise+1"],"picked":"Concentrate","floor":39.0},{"not_picked":["Caltrops","Distraction"],"picked":"Deadly Poison+1","floor":41.0},{"not_picked":["Deflect","Slice+1","Heel Hook+1"],"picked":"SKIP","floor":44.0},{"not_picked":["Finisher","Cloak And Dagger","Dagger Spray"],"picked":"SKIP","floor":46.0},{"not_picked":["Slice+1","Leg Sweep"],"picked":"Catalyst+1","floor":48}],"player_experience":714334,"relics_obtained":[{"floor":13.0,"key":"Ice Cream"},{"floor":26.0,"key":"The Courier"}],"event_choices":[{"cards_removed":["Strike_G"],"damage_healed":0.0,"max_hp_gain":0.0,"max_hp_loss":0.0,"gold_gain":0.0,"event_name":"The Cleric","player_choice":"Card Removal","floor":4.0,"gold_loss":50.0,"damage_taken":0.0},{"damage_healed":0.0,"max_hp_gain":0.0,"max_hp_loss":0.0,"gold_gain":0.0,"event_name":"Match and Keep!","player_choice":"2 cards matched","floor":11.0,"gold_loss":0.0,"damage_taken":0.0,"cards_obtained":["Crippling Poison","Envenom"]},{"damage_healed":0.0,"max_hp_gain":0.0,"max_hp_loss":0.0,"gold_gain":0.0,"event_name":"Cursed Tome","player_choice":"Ignored","floor":24.0,"gold_loss":0.0,"damage_taken":0.0},{"damage_healed":0.0,"max_hp_gain":0.0,"max_hp_loss":0.0,"gold_gain":0.0,"event_name":"Colosseum","player_choice":"Fight","floor":29.0,"gold_loss":0.0,"damage_taken":0.0},{"damage_healed":0.0,"max_hp_gain":0.0,"max_hp_loss":0.0,"gold_gain":0.0,"event_name":"Colosseum","player_choice":"Fled From Nobs","floor":29.0,"gold_loss":0.0,"damage_taken":0.0},{"damage_healed":0.0,"max_hp_gain":0.0,"max_hp_loss":4.0,"gold_gain":0.0,"event_name":"Winding Halls","player_choice":"Max HP","floor":38.0,"gold_loss":0.0,"damage_taken":0.0}],"is_beta":false,"boss_relics":[{"not_picked":["Orrery","Pandora\u0027s Box"],"picked":"Astrolabe"},{"not_picked":["Sozu","Philosopher\u0027s Stone"],"picked":"Cursed Key"}],"items_purged_floors":[2,36,45],"is_endless":false,"potions_floor_spawned":[3,7,13,16,20,28,33,37,39,41],"ascension_level":0}