{"gold_per_floor":[115,115,40,40,52,64,86,98,134,162,193,205,217,229],"floor_reached":14,"playtime":299,"items_purged":["Strike_B"],"score":156,"play_id":"3091bb7f-4cf5-4b93-882d-9505376d77bd","local_time":"20190110155015","is_ascension_mode":true,"campfire_choices":[{"data":"Capacitor","floor":6.0,"key":"SMITH"},{"data":"Sunder","floor":12.0,"key":"SMITH"}],"neow_cost":"NONE","seed_source_timestamp":14264607236340,"circlet_count":0,"master_deck":["AscendersBane","Strike_B","Strike_B","Strike_B","Defend_B","Defend_B","Defend_B","Defend_B","Zap","Dualcast","Recycle","Capacitor+1","Coolheaded","Sunder+1"],"special_seed":0,"relics":["Orrery","MawBank","Anchor","Smiling Mask","Happy Flower"],"potions_floor_usage":[],"damage_taken":[{"damage":21.0,"enemies":"Jaw Worm","floor":1.0,"turns":5.0},{"damage":0.0,"enemies":"2 Louse","floor":7.0,"turns":3.0},{"damage":13.0,"enemies":"Cultist","floor":10.0,"turns":5.0},{"damage":10.0,"enemies":"Blue Slaver","floor":11.0,"turns":7.0},{"damage":13,"enemies":"Exordium Thugs","floor":14,"turns":5}],"seed_played":"5753606181078426070","potions_obtained":[{"floor":7.0,"key":"Ancient Potion"}],"is_trial":false,"path_per_floor":["M","?","$","?","?","R","M","?","T","M","M","R","T","M"],"character_chosen":"DEFECT","items_purchased":[],"campfire_rested":0,"item_purchase_floors":[],"current_hp_per_floor":[43,48,48,30,30,30,30,30,30,17,7,7,7,0],"gold":229,"neow_bonus":"BOSS_RELIC","is_prod":false,"is_daily":false,"chose_seed":false,"campfire_upgraded":2,"win_rate":0,"timestamp":1547106615,"path_taken":["M","?","$","?","?","R","?","?","T","M","M","R","?","M"],"build_version":"2019-01-03v4","purchased_purges":1,"victory":false,"max_hp_per_floor":[71,76,76,76,76,76,76,76,76,76,76,76,76,76],"card_choices":[{"not_picked":["Blizzard","Beam Cell"],"picked":"Recycle","floor":0.0},{"not_picked":["Cold Snap","Stack"],"picked":"Recycle","floor":0.0},{"not_picked":["Stack","Steam Power"],"picked":"Capacitor","floor":0.0},{"not_picked":["Static Discharge","Doom and Gloom","Leap"],"picked":"SKIP","floor":1.0},{"not_picked":["Scrape","Leap","Sweeping Beam"],"picked":"SKIP","floor":7.0},{"not_picked":["Genetic Algorithm","Beam Cell"],"picked":"Coolheaded","floor":10.0},{"not_picked":["Streamline","Compile Driver"],"picked":"Sunder","floor":11.0}],"player_experience":1910702,"relics_obtained":[{"floor":9.0,"key":"Smiling Mask"},{"floor":13.0,"key":"Happy Flower"}],"event_choices":[{"damage_healed":0.0,"max_hp_gain":5.0,"max_hp_loss":0.0,"gold_gain":0.0,"event_name":"Big Fish","player_choice":"Donut","floor":2.0,"gold_loss":0.0,"damage_taken":0.0},{"damage_healed":0.0,"max_hp_gain":0.0,"max_hp_loss":0.0,"gold_gain":0.0,"event_name":"Scrap Ooze","player_choice":"Success","floor":4.0,"gold_loss":0.0,"damage_taken":18.0,"relics_obtained":["MawBank"]},{"cards_removed":["Recycle"],"damage_healed":0.0,"max_hp_gain":0.0,"max_hp_loss":0.0,"gold_gain":0.0,"event_name":"WeMeetAgain","player_choice":"Gave Card","floor":5.0,"gold_loss":0.0,"damage_taken":0.0,"relics_obtained":["Anchor"]},{"damage_healed":0.0,"max_hp_gain":0.0,"max_hp_loss":0.0,"gold_gain":0.0,"event_name":"Liars Game","player_choice":"Ignored","floor":8.0,"gold_loss":0.0,"damage_taken":0.0}],"is_beta":false,"boss_relics":[],"items_purged_floors":[3],"is_endless":false,"potions_floor_spawned":[7],"killed_by":"Exordium Thugs","ascension_level":20}