{"gold_per_floor":[110,35,110,125,8,8,20,20,74,74,103,117,117,117,117,188,188,203,128,145,176,13,13,13,27,95,95,128,128,160,176,176,176],"floor_reached":33,"playtime":1111,"items_purged":["Bash"],"score":612,"play_id":"ae0ed795-0e87-4540-8445-6112f2276df7","local_time":"20190601100128","is_ascension_mode":true,"campfire_choices":[{"data":"Sword Boomerang","floor":8.0,"key":"SMITH"},{"data":"Inflame","floor":10.0,"key":"SMITH"},{"data":"Power Through","floor":13.0,"key":"SMITH"},{"floor":15.0,"key":"RECALL"},{"data":"True Grit","floor":23.0,"key":"SMITH"},{"data":"Double Tap","floor":27.0,"key":"SMITH"},{"data":"Exhume","floor":29.0,"key":"SMITH"},{"data":"Shrug It Off","floor":32.0,"key":"SMITH"}],"neow_cost":"PERCENT_DAMAGE","seed_source_timestamp":41869882335652,"circlet_count":0,"master_deck":["AscendersBane","Strike_R","Strike_R","Defend_R","Defend_R","Defend_R","Defend_R","Reaper","Inflame+1","Sword Boomerang+1","Uppercut+1","Shrug It Off+1","Power Through+1","Double Tap+1","True Grit+1","Exhume+1"],"special_seed":0,"relics":["Burning Blood","Ancient Tea Set","Charon\u0027s Ashes","Busted Crown","Red Mask","Centennial Puzzle","Meat on the Bone","Ornamental Fan","Anchor"],"potions_floor_usage":[33],"damage_taken":[{"damage":11.0,"enemies":"Jaw Worm","floor":1.0,"turns":6.0},{"damage":11.0,"enemies":"2 Louse","floor":4.0,"turns":3.0},{"damage":18.0,"enemies":"Small Slimes","floor":7.0,"turns":3.0},{"damage":0.0,"enemies":"Gremlin Nob","floor":11.0,"turns":2.0},{"damage":28.0,"enemies":"Gremlin Gang","floor":12.0,"turns":6.0},{"damage":60.0,"enemies":"Slime Boss","floor":16.0,"turns":12.0},{"damage":16.0,"enemies":"Spheric Guardian","floor":18.0,"turns":4.0},{"damage":1.0,"enemies":"Shell Parasite","floor":20.0,"turns":4.0},{"damage":26.0,"enemies":"Masked Bandits","floor":21.0,"turns":3.0},{"damage":10.0,"enemies":"Centurion and Healer","floor":25.0,"turns":5.0},{"damage":73.0,"enemies":"Slavers","floor":28.0,"turns":8.0},{"damage":24.0,"enemies":"Book of Stabbing","floor":30.0,"turns":5.0},{"damage":9.0,"enemies":"Shelled Parasite and Fungi","floor":31.0,"turns":6.0},{"damage":71,"enemies":"Collector","floor":33,"turns":8}],"seed_played":"-792185912899657684","potions_obtained":[{"floor":7.0,"key":"Regen Potion"},{"floor":12.0,"key":"Energy Potion"},{"floor":18.0,"key":"SkillPotion"},{"floor":21.0,"key":"Poison Potion"},{"floor":31.0,"key":"Weak Potion"}],"is_trial":false,"path_per_floor":["M","?","?","M","$","?","M","R","T","R","E","M","R","?","R","B",null,"M","?","M","?","$","R","?","M","T","R","E","R","E","M","R","B"],"character_chosen":"IRONCLAD","items_purchased":["Uppercut","Centennial Puzzle"],"campfire_rested":0,"item_purchase_floors":[5,22],"current_hp_per_floor":[51,51,40,43,43,43,43,43,43,43,49,41,41,41,41,7,58,55,55,60,57,57,57,57,75,75,75,32,32,48,57,57,0],"gold":176,"neow_bonus":"THREE_RARE_CARDS","is_prod":false,"is_daily":false,"chose_seed":false,"campfire_upgraded":7,"win_rate":0,"timestamp":1559354488,"path_taken":["M","?","?","M","$","?","?","R","T","R","E","M","R","?","R","BOSS","M","?","M","?","$","R","?","?","T","R","E","R","E","M","R","BOSS"],"build_version":"2019-01-23","purchased_purges":1,"victory":false,"max_hp_per_floor":[75,75,75,75,75,75,75,75,75,75,75,75,75,75,75,75,75,75,75,75,75,75,75,75,75,75,75,75,75,75,75,75,75],"card_choices":[{"not_picked":["Double Tap","Berserk"],"picked":"Reaper","floor":0.0},{"not_picked":["Warcry","Shrug It Off"],"picked":"Inflame","floor":1.0},{"not_picked":["Warcry","Armaments"],"picked":"Sword Boomerang","floor":4.0},{"not_picked":["Metallicize","Body Slam"],"picked":"Shrug It Off","floor":7.0},{"not_picked":["Armaments","Corruption","Wild Strike"],"picked":"SKIP","floor":11.0},{"not_picked":["Ghostly Armor","Iron Wave"],"picked":"Power Through","floor":12.0},{"not_picked":["Immolate","Berserk"],"picked":"Double Tap","floor":16.0},{"not_picked":["Cleave"],"picked":"SKIP","floor":18.0},{"not_picked":[],"picked":"True Grit","floor":20.0},{"not_picked":["Clothesline"],"picked":"SKIP","floor":25.0},{"not_picked":["Heavy Blade"],"picked":"SKIP","floor":28.0},{"not_picked":["Havoc"],"picked":"SKIP","floor":30.0},{"not_picked":["Sword Boomerang"],"picked":"SKIP","floor":31.0}],"player_experience":4949094,"relics_obtained":[{"floor":9.0,"key":"Ancient Tea Set"},{"floor":11.0,"key":"Charon\u0027s Ashes"},{"floor":21.0,"key":"Red Mask"},{"floor":26.0,"key":"Meat on the Bone"},{"floor":28.0,"key":"Ornamental Fan"},{"floor":30.0,"key":"Anchor"}],"event_choices":[{"cards_removed":["Strike_R"],"damage_healed":0.0,"max_hp_gain":0.0,"max_hp_loss":0.0,"gold_gain":0.0,"event_name":"The Cleric","player_choice":"Card Removal","floor":2.0,"gold_loss":75.0,"damage_taken":0.0},{"damage_healed":0.0,"max_hp_gain":0.0,"max_hp_loss":0.0,"gold_gain":75.0,"event_name":"World of Goop","player_choice":"Gather Gold","floor":3.0,"gold_loss":0.0,"damage_taken":11.0},{"damage_healed":0.0,"max_hp_gain":0.0,"max_hp_loss":0.0,"gold_gain":0.0,"event_name":"Upgrade Shrine","player_choice":"Upgraded","floor":6.0,"gold_loss":0.0,"damage_taken":0.0,"cards_upgraded":["Uppercut"]},{"cards_removed":["Strike_R"],"damage_healed":0.0,"max_hp_gain":0.0,"max_hp_loss":0.0,"gold_gain":0.0,"event_name":"Living Wall","player_choice":"Forget","floor":14.0,"gold_loss":0.0,"damage_taken":0.0},{"cards_removed":["Strike_R"],"damage_healed":0.0,"max_hp_gain":0.0,"max_hp_loss":0.0,"gold_gain":0.0,"event_name":"Beggar","player_choice":"Gave Gold","floor":19.0,"gold_loss":75.0,"damage_taken":0.0},{"damage_healed":0.0,"max_hp_gain":0.0,"max_hp_loss":0.0,"gold_gain":0.0,"event_name":"Masked Bandits","player_choice":"Fought Bandits","floor":21.0,"gold_loss":0.0,"damage_taken":0.0},{"damage_healed":0.0,"max_hp_gain":0.0,"max_hp_loss":0.0,"gold_gain":0.0,"event_name":"Match and Keep!","player_choice":"1 cards matched","floor":24.0,"gold_loss":0.0,"damage_taken":0.0,"cards_obtained":["Exhume"]}],"is_beta":false,"boss_relics":[{"not_picked":["Snecko Eye","Cursed Key"],"picked":"Busted Crown"}],"items_purged_floors":[5],"is_endless":false,"potions_floor_spawned":[7,12,18,21,31],"killed_by":"Collector","ascension_level":20}