{"gold_per_floor":[109,123,134,134,134,163,163,180,180,193,211,238,238,263,263,338,338,353,333,91,105,121,155,169,169],"floor_reached":25,"playtime":1737,"items_purged":["Flex"],"score":429,"play_id":"a6a8d938-5804-402b-bb14-144e7e9387f1","local_time":"20190804181646","is_ascension_mode":true,"campfire_choices":[{"data":"Bludgeon","floor":7.0,"key":"SMITH"},{"data":"Shockwave","floor":13.0,"key":"SMITH"},{"floor":15.0,"key":"REST"}],"neow_cost":"NONE","seed_source_timestamp":10868148605739,"circlet_count":0,"master_deck":["AscendersBane","Bash","Metallicize","Burning Pact+1","Spot Weakness","Bludgeon+1","Shrug It Off","Shockwave+1","Fiend Fire","Havoc","Havoc","Shrug It Off","Pummel","Impervious","Flame Barrier","Inflame","Ghostly Armor","Flame Barrier","Disarm","Pummel","Offering"],"special_seed":0,"relics":["Burning Blood","Pear","Ornamental Fan","Singing Bowl","Bag of Preparation","Pocketwatch","Pandora\u0027s Box","Membership Card","Boot"],"potions_floor_usage":[25],"damage_taken":[{"damage":5.0,"enemies":"Jaw Worm","floor":1.0,"turns":5.0},{"damage":0.0,"enemies":"2 Louse","floor":2.0,"turns":4.0},{"damage":6.0,"enemies":"Cultist","floor":3.0,"turns":3.0},{"damage":29.0,"enemies":"Lagavulin","floor":6.0,"turns":6.0},{"damage":0.0,"enemies":"Large Slime","floor":8.0,"turns":4.0},{"damage":2.0,"enemies":"Blue Slaver","floor":10.0,"turns":4.0},{"damage":0.0,"enemies":"2 Fungi Beasts","floor":11.0,"turns":4.0},{"damage":12.0,"enemies":"Gremlin Nob","floor":12.0,"turns":3.0},{"damage":16.0,"enemies":"Lagavulin","floor":14.0,"turns":7.0},{"damage":25.0,"enemies":"The Guardian","floor":16.0,"turns":10.0},{"damage":10.0,"enemies":"3 Byrds","floor":18.0,"turns":6.0},{"damage":0.0,"enemies":"Chosen","floor":21.0,"turns":4.0},{"damage":13.0,"enemies":"Centurion and Healer","floor":22.0,"turns":6.0},{"damage":22.0,"enemies":"Book of Stabbing","floor":23.0,"turns":7.0},{"damage":15.0,"enemies":"3 Cultists","floor":24.0,"turns":4.0},{"damage":50,"enemies":"Gremlin Leader","floor":25,"turns":4}],"seed_played":"3642226506389077854","potions_obtained":[{"floor":1.0,"key":"Fire Potion"},{"floor":2.0,"key":"Fire Potion"},{"floor":11.0,"key":"Explosive Potion"},{"floor":16.0,"key":"SkillPotion"},{"floor":23.0,"key":"BloodPotion"}],"is_trial":false,"path_per_floor":["M","M","M","?","?","E","R","M","T","M","M","E","R","E","R","B",null,"M","?","$","M","M","E","M","E"],"character_chosen":"IRONCLAD","items_purchased":["Membership Card"],"campfire_rested":1,"item_purchase_floors":[20],"current_hp_per_floor":[69,75,75,80,54,31,31,37,37,41,49,43,43,35,61,42,77,73,73,73,79,72,56,49,0],"gold":169,"neow_bonus":"THREE_CARDS","is_prod":false,"is_daily":false,"chose_seed":false,"campfire_upgraded":2,"win_rate":0,"timestamp":1564957006,"path_taken":["M","M","M","?","?","E","R","M","T","M","M","E","R","E","R","BOSS","M","?","$","?","M","E","M","E"],"build_version":"2019-07-17","purchased_purges":1,"victory":false,"max_hp_per_floor":[75,75,75,85,85,85,85,85,85,85,87,87,87,89,89,89,89,89,89,89,89,89,89,91,91],"card_choices":[{"not_picked":["Shrug It Off","Flex"],"picked":"Metallicize","floor":0.0},{"not_picked":["Combust","Flex"],"picked":"Burning Pact","floor":1.0},{"not_picked":["Thunderclap","True Grit","Flex"],"picked":"SKIP","floor":2.0},{"not_picked":["Anger","Uppercut"],"picked":"Spot Weakness","floor":3.0},{"not_picked":["Twin Strike","Armaments"],"picked":"Bludgeon","floor":6.0},{"not_picked":["Clash","Perfected Strike","Warcry"],"picked":"SKIP","floor":8.0},{"not_picked":["Anger","Clash"],"picked":"Shrug It Off","floor":10.0},{"not_picked":["Clothesline","Cleave","Perfected Strike"],"picked":"Singing Bowl","floor":11.0},{"not_picked":["Whirlwind","Power Through"],"picked":"Shockwave","floor":12.0},{"not_picked":["Feed","Iron Wave","Perfected Strike"],"picked":"Singing Bowl","floor":14.0},{"not_picked":["Juggernaut","Barricade"],"picked":"Fiend Fire","floor":16.0},{"not_picked":["Dropkick","Heavy Blade"],"picked":"Flame Barrier","floor":18.0},{"not_picked":["Thunderclap","Metallicize"],"picked":"Disarm","floor":21.0},{"not_picked":["Hemokinesis","Rupture+1"],"picked":"Pummel","floor":22.0},{"not_picked":["Twin Strike","Shockwave"],"picked":"Offering","floor":23.0},{"not_picked":["Clothesline","Inflame","Clash"],"picked":"Singing Bowl","floor":24.0}],"player_experience":468605,"relics_obtained":[{"floor":6.0,"key":"Ornamental Fan"},{"floor":9.0,"key":"Singing Bowl"},{"floor":12.0,"key":"Bag of Preparation"},{"floor":14.0,"key":"Pocketwatch"},{"floor":23.0,"key":"Boot"}],"event_choices":[{"damage_healed":0.0,"max_hp_gain":0.0,"max_hp_loss":0.0,"gold_gain":0.0,"event_name":"Scrap Ooze","player_choice":"Success","floor":4.0,"gold_loss":0.0,"damage_taken":5.0,"relics_obtained":["Pear"]},{"damage_healed":0.0,"max_hp_gain":0.0,"max_hp_loss":0.0,"gold_gain":0.0,"event_name":"Shining Light","player_choice":"Entered Light","floor":5.0,"gold_loss":0.0,"damage_taken":26.0,"cards_upgraded":["Defend_R","Burning Pact"]},{"damage_healed":0.0,"max_hp_gain":0.0,"max_hp_loss":0.0,"gold_gain":0.0,"event_name":"The Woman in Blue","player_choice":"Bought 1 Potion","floor":19.0,"gold_loss":0.0,"damage_taken":0.0}],"is_beta":false,"boss_relics":[{"not_picked":["Calling Bell","Black Star"],"picked":"Pandora\u0027s Box"}],"items_purged_floors":[20],"is_endless":false,"potions_floor_spawned":[1,2,11,16,18,22,23],"killed_by":"Gremlin Leader","ascension_level":15}