{"gold_per_floor":[117,117,192,43,62,62,78,78,78,78,96,96,115,153,153,246,246,259,309,309,96,137,137,101,101],"floor_reached":25,"playtime":1379,"items_purged":["Strike_G"],"score":398,"play_id":"e8eac943-788b-40c5-8868-329fcb3f19db","local_time":"20190217225140","is_ascension_mode":true,"campfire_choices":[{"data":"Cloak And Dagger","floor":6.0,"key":"SMITH"},{"data":"Predator","floor":10.0,"key":"SMITH"},{"data":"Neutralize","floor":12.0,"key":"SMITH"},{"data":"Accuracy","floor":15.0,"key":"SMITH"},{"data":"Grand Finale","floor":23.0,"key":"SMITH"}],"neow_cost":"PERCENT_DAMAGE","seed_source_timestamp":48732985675155,"circlet_count":0,"master_deck":["AscendersBane","Defend_G","Defend_G","Defend_G","Defend_G","Strike_G","Strike_G","Strike_G","Survivor","Neutralize+1","Cloak And Dagger+1","Bandage Up","Predator+1","Accuracy+1","Terror","Grand Finale+1","Acrobatics"],"special_seed":0,"relics":["Ring of the Snake","Ornamental Fan","Golden Idol","Orichalcum","Juzu Bracelet","Orrery","Red Mask"],"potions_floor_usage":[25,25],"damage_taken":[{"damage":3.0,"enemies":"Small Slimes","floor":1.0,"turns":6.0},{"damage":0.0,"enemies":"Jaw Worm","floor":5.0,"turns":6.0},{"damage":0.0,"enemies":"2 Louse","floor":7.0,"turns":2.0},{"damage":4.0,"enemies":"Gremlin Gang","floor":11.0,"turns":5.0},{"damage":0.0,"enemies":"2 Fungi Beasts","floor":13.0,"turns":3.0},{"damage":8.0,"enemies":"3 Sentries","floor":14.0,"turns":10.0},{"damage":30.0,"enemies":"The Guardian","floor":16.0,"turns":11.0},{"damage":21.0,"enemies":"Shell Parasite","floor":18.0,"turns":7.0},{"damage":2.0,"enemies":"Masked Bandits","floor":22.0,"turns":2.0},{"damage":16.0,"enemies":"2 Thieves","floor":24.0,"turns":5.0},{"damage":63,"enemies":"Slavers","floor":25,"turns":7}],"seed_played":"-7266215189097009504","potions_obtained":[{"floor":7.0,"key":"PowerPotion"},{"floor":11.0,"key":"Energy Potion"},{"floor":24.0,"key":"Ancient Potion"}],"is_trial":false,"path_per_floor":["M","?","?","$","M","R","M","?","T","R","M","R","M","E","R","B",null,"M","?","?","$","?","R","M","E"],"character_chosen":"THE_SILENT","items_purchased":["Cloak And Dagger","Bandage Up","GhostInAJar","AttackPotion"],"campfire_rested":0,"item_purchase_floors":[4,4,21,21],"current_hp_per_floor":[41,30,19,19,23,23,27,27,27,27,27,27,31,27,27,1,45,28,28,60,60,60,60,48,0],"gold":101,"neow_bonus":"REMOVE_TWO","is_prod":false,"is_daily":false,"chose_seed":false,"campfire_upgraded":5,"win_rate":0,"timestamp":1550415100,"path_taken":["M","?","?","$","M","R","M","?","T","R","M","R","M","E","R","BOSS","M","?","?","$","?","R","M","E"],"build_version":"2019-01-23","purchased_purges":1,"victory":false,"max_hp_per_floor":[66,66,66,66,66,66,66,60,60,60,60,60,60,60,60,60,60,60,60,60,60,60,60,60,60],"card_choices":[{"not_picked":["Quick Slash","Dagger Spray","Slice"],"picked":"SKIP","floor":1.0},{"not_picked":["Calculated Gamble","Dodge and Roll"],"picked":"Predator","floor":5.0},{"not_picked":["Dagger Throw","Bane"],"picked":"Accuracy","floor":7.0},{"not_picked":["Slice","Deflect","Bane"],"picked":"SKIP","floor":11.0},{"not_picked":["Blur","Dash"],"picked":"Terror","floor":13.0},{"not_picked":["Dodge and Roll","Quick Slash"],"picked":"Grand Finale","floor":14.0},{"not_picked":["Corpse Explosion","Deflect"],"picked":"Acrobatics","floor":17.0},{"not_picked":["Dagger Spray+1","Prepared"],"picked":"Escape Plan","floor":18.0},{"not_picked":["Catalyst","Deflect+1","Dagger Throw"],"picked":"SKIP","floor":24.0}],"player_experience":2880527,"relics_obtained":[{"floor":9.0,"key":"Orichalcum"},{"floor":14.0,"key":"Juzu Bracelet"},{"floor":22.0,"key":"Red Mask"}],"event_choices":[{"damage_healed":0.0,"max_hp_gain":0.0,"max_hp_loss":0.0,"gold_gain":0.0,"event_name":"Scrap Ooze","player_choice":"Success","floor":2.0,"gold_loss":0.0,"damage_taken":11.0,"relics_obtained":["Ornamental Fan"]},{"damage_healed":0.0,"max_hp_gain":0.0,"max_hp_loss":0.0,"gold_gain":75.0,"event_name":"World of Goop","player_choice":"Gather Gold","floor":3.0,"gold_loss":0.0,"damage_taken":11.0},{"damage_healed":0.0,"max_hp_gain":0.0,"max_hp_loss":6.0,"gold_gain":0.0,"event_name":"Golden Idol","player_choice":"Lose Max HP","floor":8.0,"gold_loss":0.0,"damage_taken":0.0,"relics_obtained":["Golden Idol"]},{"damage_healed":0.0,"max_hp_gain":0.0,"max_hp_loss":0.0,"gold_gain":100.0,"event_name":"The Joust","player_choice":"Bet on Murderer","floor":19.0,"gold_loss":50.0,"damage_taken":0.0},{"cards_removed":["Escape Plan"],"damage_healed":32.0,"max_hp_gain":0.0,"max_hp_loss":0.0,"gold_gain":0.0,"event_name":"Bonfire Elementals","player_choice":"Offered Uncommon","floor":20.0,"gold_loss":0.0,"damage_taken":0.0},{"damage_healed":0.0,"max_hp_gain":0.0,"max_hp_loss":0.0,"gold_gain":0.0,"event_name":"Masked Bandits","player_choice":"Fought Bandits","floor":22.0,"gold_loss":0.0,"damage_taken":0.0}],"is_beta":false,"boss_relics":[{"not_picked":["White Beast Statue","HoveringKite"],"picked":"Orrery"}],"items_purged_floors":[21],"is_endless":false,"potions_floor_spawned":[7,11,22,24],"killed_by":"Slavers","ascension_level":20}