{"gold_per_floor":[109,109,34,34,34,34,47,58,58,58],"floor_reached":10,"playtime":103,"items_purged":[],"score":126,"play_id":"a6f08c2a-d84f-4496-b9fc-ae22081c445a","local_time":"20190130131914","is_ascension_mode":true,"campfire_choices":[{"data":"Well Laid Plans","floor":6,"key":"SMITH"}],"neow_cost":"NONE","seed_source_timestamp":5165267280079,"circlet_count":0,"master_deck":["AscendersBane","Defend_G","Defend_G","Defend_G","Defend_G","Defend_G","Strike_G","Strike_G","Strike_G","Strike_G","Survivor","Neutralize","Acrobatics","Well Laid Plans+1","Tactician","Deadly Poison"],"special_seed":0,"relics":["Ring of the Snake","AscMod:CursedFlame","AscMod:MegaStarOfAscension","AscMod:CursedBank","NeowsBlessing","Golden Idol","Pear"],"potions_floor_usage":[],"damage_taken":[{"damage":0.0,"enemies":"Small Slimes","floor":1.0,"turns":1.0},{"damage":0,"enemies":"Jaw Worm","floor":7,"turns":1},{"damage":0,"enemies":"Cultist","floor":8,"turns":1},{"damage":0,"enemies":"3 Sentries","floor":10,"turns":1}],"seed_played":"-7713967286136415000","potions_obtained":[{"floor":7,"key":"Strength Potion"}],"is_trial":false,"path_per_floor":["M","?","$","?","?","R","M","M","T","E"],"character_chosen":"THE_SILENT","items_purchased":["Well Laid Plans"],"campfire_rested":0,"item_purchase_floors":[3],"current_hp_per_floor":[59,63,63,63,63,63,63,63,71,71],"gold":58,"neow_bonus":"THREE_ENEMY_KILL","is_prod":false,"is_daily":false,"chose_seed":false,"campfire_upgraded":1,"win_rate":0,"timestamp":1548825554,"path_taken":["M","?","$","?","?","R","?","?","T","E"],"build_version":"2019-01-23","purchased_purges":0,"victory":false,"max_hp_per_floor":[66,71,71,64,64,64,64,64,74,74],"card_choices":[{"not_picked":["Slice","Backflip"],"picked":"Acrobatics","floor":1.0},{"not_picked":["Sucker Punch","Expertise","Dagger Spray"],"picked":"SKIP","floor":7},{"not_picked":["Prepared","Backstab"],"picked":"Deadly Poison","floor":8}],"player_experience":2399960,"relics_obtained":[{"floor":9,"key":"Pear"}],"event_choices":[{"damage_healed":0.0,"max_hp_gain":5.0,"max_hp_loss":0.0,"gold_gain":0.0,"event_name":"Big Fish","player_choice":"Donut","floor":2.0,"gold_loss":0.0,"damage_taken":0.0},{"damage_healed":0.0,"max_hp_gain":0.0,"max_hp_loss":7.0,"gold_gain":0.0,"event_name":"Golden Idol","player_choice":"Lose Max HP","floor":4.0,"gold_loss":0.0,"damage_taken":0.0,"relics_obtained":["Golden Idol"]},{"damage_healed":0,"gold_gain":0,"cards_transformed":["Strike_G"],"player_choice":"Transformed","damage_taken":0,"max_hp_gain":0,"max_hp_loss":0,"event_name":"Transmorgrifier","floor":5,"gold_loss":0,"cards_obtained":["Tactician"]}],"is_beta":false,"boss_relics":[],"items_purged_floors":[],"is_endless":false,"potions_floor_spawned":[7],"killed_by":"3 Sentries","ascension_level":25}