{"gold_per_floor":[17,31,31,44,44,44,44,44,44,61,61,77,77,111,111,212,212,227,152,77,77,91,91,108,108,161,161,161,172,172,189,189,292,292,309,326,326,326,159,159,172,172,172,172,47,79,99,99,99,99],"floor_reached":51,"playtime":2006,"items_purged":["Strike_R","Whirlwind+1","Infernal Blade"],"score":848,"play_id":"5dbefe7c-91ad-48d0-b848-f00c88796aa5","local_time":"20190705135612","is_ascension_mode":false,"campfire_choices":[{"data":"Whirlwind","floor":6.0,"key":"SMITH"},{"data":"Fiend Fire","floor":8.0,"key":"SMITH"},{"data":"Bash","floor":11.0,"key":"SMITH"},{"data":"Carnage","floor":13.0,"key":"SMITH"},{"data":"Evolve","floor":15.0,"key":"SMITH"},{"data":"Dark Embrace","floor":23.0,"key":"SMITH"},{"data":"Second Wind","floor":25.0,"key":"SMITH"},{"data":"Shrug It Off","floor":28.0,"key":"SMITH"},{"data":"Intimidate","floor":30.0,"key":"SMITH"},{"data":"Defend_R","floor":32.0,"key":"SMITH"},{"data":"Shockwave","floor":40.0,"key":"SMITH"},{"data":"Dropkick","floor":42.0,"key":"SMITH"},{"data":"Rage","floor":44.0,"key":"SMITH"},{"data":"Power Through","floor":49.0,"key":"SMITH"}],"neow_cost":"NO_GOLD","seed_source_timestamp":8766545758776,"circlet_count":0,"master_deck":["Bash+1","Intimidate+1","Fiend Fire+1","Second Wind+1","Shrug It Off+1","Carnage+1","Evolve+1","Dark Embrace+1","Feel No Pain+1","Dropkick+1","Rage+1","Shockwave+1","Battle Trance+1","Dual Wield","Power Through+1","Burning Pact+1"],"special_seed":0,"relics":["Burning Blood","FaceOfCleric","Singing Bowl","Self Forming Clay","Runic Dome","FossilizedHelix","Bag of Marbles","Pandora\u0027s Box","Pantograph","Toxic Egg 2"],"potions_floor_usage":[50,50],"damage_taken":[{"damage":2.0,"enemies":"Small Slimes","floor":1.0,"turns":3.0},{"damage":6.0,"enemies":"Cultist","floor":2.0,"turns":3.0},{"damage":3.0,"enemies":"Jaw Worm","floor":4.0,"turns":4.0},{"damage":16.0,"enemies":"Large Slime","floor":10.0,"turns":5.0},{"damage":0.0,"enemies":"Exordium Thugs","floor":12.0,"turns":3.0},{"damage":12.0,"enemies":"Gremlin Nob","floor":14.0,"turns":3.0},{"damage":65.0,"enemies":"Hexaghost","floor":16.0,"turns":10.0},{"damage":1.0,"enemies":"3 Byrds","floor":18.0,"turns":4.0},{"damage":0.0,"enemies":"Shell Parasite","floor":22.0,"turns":4.0},{"damage":14.0,"enemies":"Snake Plant","floor":24.0,"turns":3.0},{"damage":0.0,"enemies":"Snecko","floor":29.0,"turns":3.0},{"damage":0.0,"enemies":"3 Cultists","floor":31.0,"turns":3.0},{"damage":53.0,"enemies":"Champ","floor":33.0,"turns":12.0},{"damage":56.0,"enemies":"3 Shapes","floor":35.0,"turns":3.0},{"damage":12.0,"enemies":"3 Darklings","floor":36.0,"turns":4.0},{"damage":0.0,"enemies":"Sphere and 2 Shapes","floor":41.0,"turns":4.0},{"damage":0.0,"enemies":"Nemesis","floor":46.0,"turns":3.0},{"damage":0.0,"enemies":"4 Shapes","floor":47.0,"turns":4.0},{"damage":15,"enemies":"Time Eater","floor":50,"turns":10}],"seed_played":"-8881609806095543572","potions_obtained":[{"floor":1.0,"key":"AttackPotion"},{"floor":16.0,"key":"SpeedPotion"},{"floor":18.0,"key":"Energy Potion"},{"floor":24.0,"key":"BloodPotion"},{"floor":31.0,"key":"Dexterity Potion"}],"is_trial":false,"path_per_floor":["M","M","?","M","?","R","?","R","T","M","R","M","R","E","R","B",null,"M","?","$","?","M","R","M","R","T","?","R","M","R","M","R","B",null,"M","M","?","?","$","R","M","R","T","R","$","E","M","?","R","B",null],"character_chosen":"IRONCLAD","items_purchased":["Power Through"],"campfire_rested":0,"item_purchase_floors":[39],"current_hp_per_floor":[80,80,80,80,80,80,80,80,80,73,73,80,80,75,75,17,86,87,87,87,87,90,90,85,85,85,67,67,76,76,104,104,60,107,60,55,97,97,97,97,100,100,100,100,100,103,104,99,99,91],"gold":99,"neow_bonus":"TRANSFORM_TWO_CARDS","is_prod":false,"is_daily":false,"chose_seed":false,"campfire_upgraded":14,"win_rate":0,"timestamp":1562306172,"path_taken":["M","M","?","?","?","R","?","R","T","M","R","M","R","E","R","BOSS","M","?","$","?","M","R","M","R","T","?","R","M","R","M","R","BOSS","M","M","?","?","$","R","M","R","T","R","$","E","?","?","R","BOSS"],"build_version":"2019-07-01","purchased_purges":3,"victory":true,"max_hp_per_floor":[80,80,80,80,80,80,80,80,80,83,83,84,84,85,85,86,86,87,87,87,87,90,90,93,93,93,98,98,101,101,104,104,107,107,110,111,97,97,97,97,100,100,100,100,100,103,104,99,99,100],"card_choices":[{"not_picked":["Sentinel","Wild Strike"],"picked":"Whirlwind","floor":1.0},{"not_picked":["Shrug It Off","Power Through"],"picked":"Second Wind","floor":2.0},{"not_picked":["Wild Strike","Corruption"],"picked":"Shrug It Off","floor":4.0},{"not_picked":["Iron Wave","Flex","Dual Wield"],"picked":"Singing Bowl","floor":10.0},{"not_picked":["Anger","Clothesline"],"picked":"Carnage","floor":12.0},{"not_picked":["True Grit","Thunderclap"],"picked":"Evolve","floor":14.0},{"not_picked":["Immolate","Juggernaut"],"picked":"Dark Embrace","floor":16.0},{"not_picked":["Armaments","Clothesline"],"picked":"Feel No Pain+1","floor":18.0},{"not_picked":["Rage","Iron Wave+1","Reckless Charge"],"picked":"Singing Bowl","floor":22.0},{"not_picked":["Body Slam","Iron Wave","Twin Strike"],"picked":"Singing Bowl","floor":24.0},{"not_picked":["Dual Wield","Warcry","Thunderclap+1"],"picked":"Singing Bowl","floor":29.0},{"not_picked":["Clash","Cleave+1","Clothesline"],"picked":"Singing Bowl","floor":31.0},{"not_picked":["Feed","Exhume","Fiend Fire"],"picked":"Singing Bowl","floor":33.0},{"not_picked":["Armaments","Sword Boomerang","Thunderclap+1"],"picked":"Singing Bowl","floor":35.0},{"not_picked":["Combust","Twin Strike"],"picked":"Battle Trance+1","floor":36.0},{"not_picked":["Iron Wave","Perfected Strike","Inflame"],"picked":"Singing Bowl","floor":41.0},{"not_picked":["Headbutt","Reaper","Power Through"],"picked":"Singing Bowl","floor":46.0},{"not_picked":["Combust","Dual Wield+1"],"picked":"Burning Pact+1","floor":47.0}],"player_experience":5686331,"relics_obtained":[{"floor":9.0,"key":"Singing Bowl"},{"floor":14.0,"key":"Self Forming Clay"},{"floor":26.0,"key":"Bag of Marbles"},{"floor":43.0,"key":"Pantograph"},{"floor":46.0,"key":"Toxic Egg 2"}],"event_choices":[{"damage_healed":0.0,"max_hp_gain":0.0,"max_hp_loss":0.0,"gold_gain":0.0,"event_name":"Wheel of Change","player_choice":"Full Heal","floor":3.0,"gold_loss":0.0,"damage_taken":0.0},{"damage_healed":0.0,"max_hp_gain":0.0,"max_hp_loss":0.0,"gold_gain":0.0,"event_name":"Liars Game","player_choice":"Ignored","floor":5.0,"gold_loss":0.0,"damage_taken":0.0},{"damage_healed":0.0,"max_hp_gain":0.0,"max_hp_loss":0.0,"gold_gain":0.0,"event_name":"FaceTrader","player_choice":"Trade","floor":7.0,"gold_loss":0.0,"damage_taken":0.0,"relics_obtained":["FaceOfCleric"]},{"cards_removed":["Strike_R"],"damage_healed":0.0,"max_hp_gain":0.0,"max_hp_loss":0.0,"gold_gain":0.0,"event_name":"Beggar","player_choice":"Gave Gold","floor":19.0,"gold_loss":75.0,"damage_taken":0.0},{"damage_healed":0.0,"max_hp_gain":0.0,"max_hp_loss":0.0,"gold_gain":0.0,"event_name":"The Mausoleum","player_choice":"Opened","floor":21.0,"gold_loss":0.0,"damage_taken":0.0,"relics_obtained":["FossilizedHelix"]},{"damage_healed":0.0,"max_hp_gain":5.0,"max_hp_loss":0.0,"gold_gain":0.0,"event_name":"Forgotten Altar","player_choice":"Shed Blood","floor":27.0,"gold_loss":0.0,"damage_taken":23.0},{"damage_healed":97.0,"max_hp_gain":0.0,"max_hp_loss":14.0,"gold_gain":0.0,"event_name":"The Moai Head","player_choice":"Heal","floor":37.0,"gold_loss":0.0,"damage_taken":0.0},{"damage_healed":0.0,"max_hp_gain":0.0,"max_hp_loss":0.0,"gold_gain":0.0,"cards_transformed":["Clash"],"event_name":"Transmorgrifier","player_choice":"Transformed","floor":38.0,"gold_loss":0.0,"damage_taken":0.0,"cards_obtained":["Dual Wield"]},{"damage_healed":0.0,"max_hp_gain":0.0,"max_hp_loss":5.0,"gold_gain":0.0,"event_name":"Winding Halls","player_choice":"Max HP","floor":48.0,"gold_loss":0.0,"damage_taken":0.0}],"is_beta":false,"boss_relics":[{"not_picked":["Ectoplasm","Runic Cube"],"picked":"Runic Dome"},{"not_picked":["Fusion Hammer","Orrery"],"picked":"Pandora\u0027s Box"}],"items_purged_floors":[20,39,45],"is_endless":false,"potions_floor_spawned":[1,16,18,24,31,46,47],"ascension_level":0}