{"gold_per_floor":[110,35,35,35,55,55,130,130,130,156,182,182,40,59,59,136,136,148,159,159,59,69,69,69],"floor_reached":24,"playtime":602,"items_purged":["Strike_B","Strike_B"],"score":434,"play_id":"1e4abfe1-df4c-4f1d-a600-e24504641bec","local_time":"20190507015723","is_ascension_mode":true,"campfire_choices":[{"data":"Dualcast","floor":6.0,"key":"SMITH"},{"data":"Zap","floor":8.0,"key":"SMITH"},{"data":"Double Energy","floor":15.0,"key":"SMITH"},{"data":"Impatience","floor":23,"key":"SMITH"}],"neow_cost":"NONE","seed_source_timestamp":62659690517725,"circlet_count":0,"master_deck":["AscendersBane","Strike_B","Strike_B","Defend_B","Defend_B","Defend_B","Zap+1","Dualcast+1","Cold Snap","Glacier","White Noise","Impatience+1","Double Energy+1","All For One","Coolheaded"],"special_seed":0,"relics":["Cracked Core","NeowsBlessing","Regal Pillow","Shuriken","DataDisk","Ice Cream","Nuclear Battery"],"potions_floor_usage":[19,24],"damage_taken":[{"damage":0.0,"enemies":"2 Louse","floor":1.0,"turns":1.0},{"damage":0.0,"enemies":"Jaw Worm","floor":5.0,"turns":1.0},{"damage":0.0,"enemies":"Gremlin Nob","floor":11.0,"turns":1.0},{"damage":0.0,"enemies":"Small Slimes","floor":14.0,"turns":4.0},{"damage":29.0,"enemies":"The Guardian","floor":16.0,"turns":11.0},{"damage":9,"enemies":"Chosen","floor":18,"turns":6},{"damage":2,"enemies":"Spheric Guardian","floor":19,"turns":6},{"damage":2,"enemies":"Snake Plant","floor":22,"turns":4},{"damage":48,"enemies":"Slavers","floor":24,"turns":4}],"seed_played":"3870242637552801270","potions_obtained":[{"floor":5.0,"key":"Ancient Potion"},{"floor":14.0,"key":"SneckoOil"},{"floor":16.0,"key":"Poison Potion"}],"is_trial":false,"path_per_floor":["M","$","?","?","M","R","?","R","T","T","E","?","$","M","R","B",null,"M","M","?","$","M","R","E"],"character_chosen":"DEFECT","items_purchased":["White Noise","Impatience"],"campfire_rested":0,"item_purchase_floors":[13,13],"current_hp_per_floor":[64,64,64,64,64,64,53,53,53,53,53,46,46,46,46,17,58,49,47,47,47,45,45,0],"gold":69,"neow_bonus":"THREE_ENEMY_KILL","is_prod":false,"is_daily":false,"chose_seed":false,"campfire_upgraded":4,"win_rate":0,"timestamp":1557165443,"path_taken":["M","$","?","?","?","R","?","R","T","?","E","?","$","M","R","BOSS","M","M","?","$","M","R","E"],"build_version":"2019-01-23","purchased_purges":2,"victory":false,"max_hp_per_floor":[71,71,71,71,71,71,71,71,71,71,71,71,71,71,71,71,71,71,71,71,71,71,71,71],"card_choices":[{"not_picked":["Rebound","Hello World"],"picked":"Cold Snap","floor":1.0},{"not_picked":["Rebound","Stack","Redo"],"picked":"SKIP","floor":5.0},{"not_picked":["Leap","Turbo"],"picked":"Glacier","floor":11.0},{"not_picked":["Gash","Lockon"],"picked":"Double Energy","floor":14.0},{"not_picked":["Reboot","Buffer"],"picked":"All For One","floor":16.0},{"not_picked":["Conserve Battery","Darkness"],"picked":"Coolheaded","floor":18},{"not_picked":["Redo","Barrage","Lockon"],"picked":"SKIP","floor":19},{"not_picked":["Steam Power","Auto Shields","Genetic Algorithm"],"picked":"SKIP","floor":22}],"player_experience":4634247,"relics_obtained":[{"floor":9.0,"key":"Shuriken"},{"floor":10.0,"key":"DataDisk"},{"floor":11.0,"key":"Ice Cream"}],"event_choices":[{"damage_healed":0.0,"max_hp_gain":0.0,"max_hp_loss":0.0,"gold_gain":0.0,"event_name":"Big Fish","player_choice":"Box","floor":3.0,"gold_loss":0.0,"damage_taken":0.0,"relics_obtained":["Regal Pillow"],"cards_obtained":["Regret"]},{"damage_healed":0.0,"max_hp_gain":0.0,"max_hp_loss":0.0,"gold_gain":0.0,"event_name":"The Cleric","player_choice":"Leave","floor":4.0,"gold_loss":0.0,"damage_taken":0.0},{"damage_healed":0.0,"max_hp_gain":0.0,"max_hp_loss":0.0,"gold_gain":75.0,"event_name":"World of Goop","player_choice":"Gather Gold","floor":7.0,"gold_loss":0.0,"damage_taken":11.0},{"cards_removed":["Regret"],"damage_healed":0.0,"max_hp_gain":0.0,"max_hp_loss":0.0,"gold_gain":0.0,"event_name":"Golden Wing","player_choice":"Card Removal","floor":12.0,"gold_loss":0.0,"damage_taken":7.0},{"cards_removed":["Defend_B"],"damage_healed":0,"gold_gain":0,"player_choice":"Purged","damage_taken":0,"max_hp_gain":0,"max_hp_loss":0,"event_name":"Purifier","floor":20,"gold_loss":0}],"is_beta":false,"boss_relics":[{"not_picked":["Calling Bell","White Beast Statue"],"picked":"Nuclear Battery"}],"items_purged_floors":[2,21],"is_endless":false,"potions_floor_spawned":[5,14,16],"killed_by":"Slavers","ascension_level":20}