{"gold_per_floor":[116,38,38,113,113,113,143,143,195,195,195,40,40,54,54,157,157,175,175,193,193,193,212,212,112,181,181,211,224,235,254,254,351,351,366,366,416,291,307,307,322,322,322,352,352,105,105,122,122,122],"floor_reached":51,"playtime":3193,"items_purged":["Strike_G","Dagger Throw","Defend_G","Survivor"],"score":814,"play_id":"e08e91be-a1ad-4cb6-8e62-4da73300690d","local_time":"20181115124030","is_ascension_mode":false,"campfire_choices":[{"data":"Neutralize","floor":6,"key":"SMITH"},{"data":"Well Laid Plans","floor":8,"key":"SMITH"},{"data":"Terror","floor":10,"key":"SMITH"},{"data":"Noxious Fumes","floor":13,"key":"SMITH"},{"data":"Blur","floor":15,"key":"SMITH"},{"data":"Catalyst","floor":24,"key":"SMITH"},{"data":"Leg Sweep","floor":27,"key":"SMITH"},{"data":"Caltrops","floor":32,"key":"SMITH"},{"data":"Master of Strategy","floor":40,"key":"SMITH"},{"data":"Backflip","floor":42,"key":"SMITH"},{"data":"Purity","floor":47,"key":"SMITH"},{"data":"Defend_G","floor":49,"key":"SMITH"}],"neow_cost":"NONE","seed_source_timestamp":6997448033020,"circlet_count":0,"master_deck":["Defend_G+1","Neutralize+1","Blur+1","Terror+1","Well Laid Plans+1","Noxious Fumes+1","After Image","Accuracy+1","Catalyst+1","Backflip+1","Catalyst+1","Caltrops+1","Leg Sweep+1","Grand Finale+1","Master of Strategy+1","Purity+1"],"special_seed":0,"relics":["Ring of the Snake","Mummified Hand","Potion Belt","Astrolabe","Molten Egg 2","Meat on the Bone","Sundial","Runic Pyramid","FossilizedHelix","Bottled Flame","Art of War"],"potions_floor_usage":[35,35,37,50,50,50,50,50,50,50,50,50],"damage_taken":[{"damage":1.0,"enemies":"2 Louse","floor":1.0,"turns":3.0},{"damage":16,"enemies":"Lagavulin","floor":7,"turns":7},{"damage":0,"enemies":"Small Slimes","floor":14,"turns":4},{"damage":11,"enemies":"The Guardian","floor":16,"turns":11},{"damage":0,"enemies":"Shell Parasite","floor":18,"turns":6},{"damage":0,"enemies":"3 Byrds","floor":20,"turns":6},{"damage":0,"enemies":"Snake Plant","floor":23,"turns":4},{"damage":12,"enemies":"Slavers","floor":28,"turns":6},{"damage":0,"enemies":"Cultist and Chosen","floor":29,"turns":6},{"damage":0,"enemies":"Snecko","floor":30,"turns":5},{"damage":0,"enemies":"Centurion and Healer","floor":31,"turns":8},{"damage":0,"enemies":"Automaton","floor":33,"turns":10},{"damage":0,"enemies":"Orb Walker","floor":35,"turns":4},{"damage":0,"enemies":"2 Orb Walkers","floor":37,"turns":4},{"damage":0,"enemies":"3 Darklings","floor":39,"turns":3},{"damage":0,"enemies":"Transient","floor":41,"turns":5},{"damage":0,"enemies":"Reptomancer","floor":44,"turns":3},{"damage":0,"enemies":"Sphere and 2 Shapes","floor":48,"turns":3},{"damage":0,"enemies":"Awakened One","floor":50,"turns":4}],"seed_played":"-3470990449042204785","potions_obtained":[{"floor":1.0,"key":"GamblersBrew"},{"floor":14,"key":"Swift Potion"},{"floor":20,"key":"SteroidPotion"},{"floor":29,"key":"EntropicBrew"},{"floor":30,"key":"Dexterity Potion"},{"floor":31,"key":"Energy Potion"},{"floor":37,"key":"Ancient Potion"},{"floor":39,"key":"Poison Potion"},{"floor":41,"key":"FearPotion"}],"is_trial":false,"path_per_floor":["M","$","?","?","?","R","E","R","T","R","?","$","R","M","R","B",null,"M","?","M","?","?","M","R","$","T","R","E","M","M","M","R","B",null,"M","?","?","$","M","R","M","R","T","E","?","$","R","M","R","B",null],"character_chosen":"THE_SILENT","items_purchased":["Well Laid Plans","Noxious Fumes","Purity"],"campfire_rested":0,"item_purchase_floors":[2,12,46],"current_hp_per_floor":[69,69,69,58,51,51,35,35,35,35,40,40,40,40,40,29,75,75,75,75,75,75,75,75,75,75,75,63,63,63,63,63,63,75,75,65,65,65,65,65,65,65,65,65,65,65,65,65,65,75],"gold":122,"neow_bonus":"TRANSFORM_CARD","is_prod":false,"is_daily":false,"chose_seed":false,"campfire_upgraded":12,"win_rate":0,"timestamp":1542256830,"path_taken":["M","$","?","?","?","R","E","R","T","R","?","$","R","M","R","BOSS","M","?","M","?","?","M","R","$","T","R","E","M","M","M","R","BOSS","M","?","?","$","M","R","M","R","T","E","?","$","R","M","R","BOSS"],"build_version":"2018-11-08","purchased_purges":4,"victory":true,"max_hp_per_floor":[70,70,70,70,70,70,70,70,70,70,75,75,75,75,75,75,75,75,75,75,75,75,75,75,75,75,75,75,75,75,75,75,75,75,75,75,75,75,75,75,75,75,75,75,75,75,75,75,75,75],"card_choices":[{"not_picked":["Prepared","Dagger Throw"],"picked":"Terror","floor":1.0},{"not_picked":["Blur","Flying Knee","Bane"],"picked":"SKIP","floor":7},{"not_picked":["Sucker Punch","Quick Slash","Outmaneuver"],"picked":"SKIP","floor":14},{"not_picked":["Phantasmal Killer","A Thousand Cuts"],"picked":"After Image","floor":16},{"not_picked":["Setup+1","Outmaneuver+1"],"picked":"Backflip","floor":18},{"not_picked":["Quick Slash","Bouncing Flask"],"picked":"Catalyst","floor":20},{"not_picked":["Cloak And Dagger+1","Tactician"],"picked":"Leg Sweep","floor":23},{"not_picked":["Flying Knee+1","Poisoned Stab+1","Dodge and Roll"],"picked":"SKIP","floor":28},{"not_picked":["Caltrops+1","Tactician","Backstab+1"],"picked":"SKIP","floor":29},{"not_picked":["Dodge and Roll","Slice+1","Cloak And Dagger"],"picked":"SKIP","floor":30},{"not_picked":["Blade Dance","Prepared+1","Setup"],"picked":"SKIP","floor":31},{"not_picked":["Corpse Explosion","Night Terror"],"picked":"Grand Finale+1","floor":33},{"not_picked":["Underhanded Strike+1","PiercingWail+1","Prepared+1"],"picked":"SKIP","floor":35},{"not_picked":["PanicButton","Transmutation"],"picked":"Master of Strategy","floor":36},{"not_picked":["Quick Slash+1","Poisoned Stab+1","Distraction+1"],"picked":"SKIP","floor":39},{"not_picked":["Deadly Poison","Blade Dance","Dodge and Roll+1"],"picked":"SKIP","floor":41},{"not_picked":["Bane+1","Quick Slash+1","Outmaneuver+1"],"picked":"SKIP","floor":44},{"not_picked":["Concentrate+1","Prepared","Choke+1"],"picked":"SKIP","floor":48}],"player_experience":1014651,"relics_obtained":[{"floor":7,"key":"Mummified Hand"},{"floor":9,"key":"Potion Belt"},{"floor":26,"key":"Meat on the Bone"},{"floor":28,"key":"Sundial"},{"floor":37,"key":"FossilizedHelix"},{"floor":43,"key":"Bottled Flame"},{"floor":44,"key":"Art of War"}],"event_choices":[{"cards_removed":["Defend_G"],"damage_healed":0,"gold_gain":0,"player_choice":"Forget","damage_taken":0,"max_hp_gain":0,"max_hp_loss":0,"event_name":"Living Wall","floor":3,"gold_loss":0},{"damage_healed":0,"gold_gain":75,"player_choice":"Gather Gold","damage_taken":11,"max_hp_gain":0,"max_hp_loss":0,"event_name":"World of Goop","floor":4,"gold_loss":0},{"cards_removed":["Defend_G"],"damage_healed":0,"gold_gain":0,"player_choice":"Card Removal","damage_taken":7,"max_hp_gain":0,"max_hp_loss":0,"event_name":"Golden Wing","floor":5,"gold_loss":0},{"damage_healed":0,"gold_gain":0,"player_choice":"Donut","damage_taken":0,"max_hp_gain":5,"max_hp_loss":0,"event_name":"Big Fish","floor":11,"gold_loss":0},{"damage_healed":0,"gold_gain":0,"player_choice":"Ignored","damage_taken":0,"max_hp_gain":0,"max_hp_loss":0,"event_name":"Cursed Tome","floor":19,"gold_loss":0},{"damage_healed":0,"gold_gain":0,"cards_transformed":["Concentrate","Strike_G"],"player_choice":"Became Test Subject","damage_taken":0,"max_hp_gain":0,"max_hp_loss":0,"event_name":"Drug Dealer","floor":21,"gold_loss":0,"cards_obtained":["Dagger Throw","Caltrops"]},{"damage_healed":0,"gold_gain":0,"player_choice":"Gave Potion","damage_taken":0,"relics_obtained":["Molten Egg 2"],"max_hp_gain":0,"max_hp_loss":0,"event_name":"WeMeetAgain","floor":22,"gold_loss":0},{"damage_healed":0,"gold_gain":0,"player_choice":"Memory 3","damage_taken":10,"max_hp_gain":0,"max_hp_loss":0,"event_name":"SensoryStone","floor":36,"gold_loss":0},{"damage_healed":0,"gold_gain":0,"player_choice":"Fight","damage_taken":0,"max_hp_gain":0,"max_hp_loss":0,"event_name":"Mysterious Sphere","floor":37,"gold_loss":0},{"damage_healed":0,"gold_gain":0,"player_choice":"Ignored","damage_taken":0,"max_hp_gain":0,"max_hp_loss":0,"event_name":"Tomb of Lord Red Mask","floor":45,"gold_loss":0}],"is_beta":false,"boss_relics":[{"not_picked":["Fusion Hammer","Empty Cage"],"picked":"Astrolabe"},{"not_picked":["Lizard Tail","White Beast Statue"],"picked":"Runic Pyramid"}],"items_purged_floors":[12,25,38,46],"is_endless":false,"potions_floor_spawned":[1,14,20,29,30,31,37,39,41],"ascension_level":0}