{"gold_per_floor":[114,114,39,39,59,59,89,105,129,54,54,54,64,74,74,151,151,129,129,129,129,148,148,176,76,76,76,87,87,105,121,121,193,193,204,227,227,244,17,50,50,77,101,134,53,87,87,101,101,101,101,101,101,47,77,77],"floor_reached":57,"playtime":3415,"items_purged":["Pain","Strike_G+1","All Out Attack+1"],"score":3197,"play_id":"7b9c9640-59ca-4e95-b647-e4b2ef64e868","local_time":"20190420155140","is_ascension_mode":true,"campfire_choices":[{"data":"Well Laid Plans","floor":6.0,"key":"SMITH"},{"floor":12.0,"key":"REST"},{"data":"Noxious Fumes","floor":15.0,"key":"SMITH"},{"data":"Noxious Fumes","floor":23.0,"key":"SMITH"},{"data":"Ghostly","floor":27.0,"key":"SMITH"},{"data":"Ghostly","floor":29.0,"key":"SMITH"},{"floor":32.0,"key":"RECALL"},{"data":"Well Laid Plans","floor":41.0,"key":"SMITH"},{"data":"Setup","floor":49.0,"key":"SMITH"},{"data":"Impatience","floor":53,"key":"SMITH"}],"neow_cost":"NONE","seed_source_timestamp":9928228355297,"circlet_count":0,"master_deck":["AscendersBane","Defend_G+1","Defend_G+1","Defend_G+1","Defend_G+1","Defend_G+1","Strike_G+1","Survivor","Well Laid Plans+1","Leg Sweep","Venomology","Backflip","Noxious Fumes+1","After Image","Tactician","Ghostly+1","Ghostly+1","Ghostly+1","Noxious Fumes+1","Bouncing Flask","Corpse Explosion","Poisoned Stab+1","Riddle With Holes+1","Well Laid Plans+1","Impatience+1","Backflip","Setup+1"],"special_seed":0,"relics":["Ring of the Snake","NeowsBlessing","Potion Belt","WarpedTongs","Lantern","Regal Pillow","Busted Crown","Darkstone Periapt","Bronze Scales","Astrolabe","Pear","Art of War","Blood Vial","Juzu Bracelet","PreservedInsect","Anchor"],"potions_floor_usage":[50,50,50,55,55,56,56,56,56,56,56,56,56,56],"damage_taken":[{"damage":0.0,"enemies":"Small Slimes","floor":1.0,"turns":1.0},{"damage":1.0,"enemies":"Cultist","floor":5.0,"turns":1.0},{"damage":3.0,"enemies":"3 Sentries","floor":7.0,"turns":1.0},{"damage":5.0,"enemies":"2 Louse","floor":8.0,"turns":3.0},{"damage":16.0,"enemies":"Gremlin Gang","floor":13.0,"turns":5.0},{"damage":0.0,"enemies":"Large Slime","floor":14.0,"turns":8.0},{"damage":18.0,"enemies":"Slime Boss","floor":16.0,"turns":13.0},{"damage":6.0,"enemies":"2 Thieves","floor":18.0,"turns":4.0},{"damage":0.0,"enemies":"3 Byrds","floor":22.0,"turns":7.0},{"damage":0.0,"enemies":"Book of Stabbing","floor":24.0,"turns":10.0},{"damage":0.0,"enemies":"Cultist and Chosen","floor":28.0,"turns":6.0},{"damage":0.0,"enemies":"Centurion and Healer","floor":30.0,"turns":8.0},{"damage":0.0,"enemies":"Sentry and Sphere","floor":31.0,"turns":6.0},{"damage":0.0,"enemies":"Automaton","floor":33.0,"turns":10.0},{"damage":1.0,"enemies":"3 Shapes","floor":35.0,"turns":2.0},{"damage":0.0,"enemies":"Orb Walker","floor":38.0,"turns":5.0},{"damage":0.0,"enemies":"Nemesis","floor":40.0,"turns":9.0},{"damage":0.0,"enemies":"Giant Head","floor":42.0,"turns":10.0},{"damage":0.0,"enemies":"Nemesis","floor":44.0,"turns":9.0},{"damage":0.0,"enemies":"Giant Head","floor":46.0,"turns":9.0},{"damage":0.0,"enemies":"Writhing Mass","floor":48.0,"turns":8.0},{"damage":1,"enemies":"Donu and Deca","floor":50,"turns":9},{"damage":26,"enemies":"Time Eater","floor":51,"turns":13},{"damage":0,"enemies":"Shield and Spear","floor":55,"turns":6},{"damage":43,"enemies":"The Heart","floor":56,"turns":12}],"seed_played":"8396800492648948087","potions_obtained":[{"floor":7.0,"key":"FearPotion"},{"floor":11.0,"key":"LiquidBronze"},{"floor":11.0,"key":"SkillPotion"},{"floor":13.0,"key":"SpeedPotion"},{"floor":14.0,"key":"Regen Potion"},{"floor":24.0,"key":"LiquidBronze"},{"floor":28.0,"key":"EntropicBrew"},{"floor":30.0,"key":"Swift Potion"},{"floor":40.0,"key":"LiquidBronze"},{"floor":48.0,"key":"SpeedPotion"},{"floor":55,"key":"Regen Potion"}],"is_trial":false,"path_per_floor":["M","?","$","?","M","R","E","M","T","$","?","R","M","M","R","B",null,"M","?","?","?","M","R","E","$","T","R","M","R","M","M","R","B",null,"M","T","?","M","$","E","R","E","T","E","$","E","?","M","R","B","B",null,"R","$","E","B",null],"character_chosen":"THE_SILENT","items_purchased":["Well Laid Plans","Impatience","GhostInAJar","Dexterity Potion"],"campfire_rested":1,"item_purchase_floors":[3,39,45,54],"current_hp_per_floor":[59,24,24,24,23,23,20,15,15,15,15,49,33,33,33,30,57,51,51,33,33,33,33,33,33,33,33,33,33,33,33,33,33,33,32,32,32,32,32,42,42,43,43,43,43,43,43,43,43,42,17,37,37,37,39,9],"gold":77,"neow_bonus":"THREE_ENEMY_KILL","is_prod":false,"is_daily":false,"chose_seed":false,"campfire_upgraded":8,"win_rate":0,"timestamp":1555746700,"path_taken":["M","?","$","?","?","R","E","M","T","$","?","R","?","M","R","BOSS","M","?","?","?","M","R","E","$","T","R","M","R","M","M","R","BOSS","M","?","?","M","$","E","R","E","T","E","$","E","?","M","R","BOSS","BOSS","R","$","E","BOSS"],"build_version":"2019-01-23","purchased_purges":3,"victory":true,"max_hp_per_floor":[66,66,66,66,66,66,66,66,66,66,66,66,66,66,66,66,66,66,66,33,33,33,33,33,33,33,33,33,33,33,33,33,33,33,33,33,33,33,33,43,43,43,43,43,43,43,43,43,43,43,43,43,43,43,43,43],"card_choices":[{"not_picked":["Underhanded Strike","Heel Hook","Distraction"],"picked":"SKIP","floor":1.0},{"not_picked":["Sucker Punch","Accuracy"],"picked":"Leg Sweep","floor":5.0},{"not_picked":["Riddle With Holes","Footwork"],"picked":"Venomology","floor":7.0},{"not_picked":["PiercingWail","Slice"],"picked":"Backflip","floor":8.0},{"not_picked":["Slice","Outmaneuver"],"picked":"Noxious Fumes","floor":13.0},{"not_picked":["Slice","Cloak And Dagger","Flechettes"],"picked":"SKIP","floor":14.0},{"not_picked":["Bullet Time","Phantasmal Killer"],"picked":"After Image","floor":16.0},{"not_picked":[],"picked":"Tactician","floor":18.0},{"not_picked":[],"picked":"Noxious Fumes","floor":22.0},{"not_picked":["Deflect"],"picked":"SKIP","floor":24.0},{"not_picked":["Slice"],"picked":"SKIP","floor":28.0},{"not_picked":[],"picked":"Bouncing Flask","floor":30.0},{"not_picked":["Distraction"],"picked":"SKIP","floor":31.0},{"not_picked":[],"picked":"Corpse Explosion","floor":33.0},{"not_picked":["Riddle With Holes"],"picked":"SKIP","floor":35.0},{"not_picked":[],"picked":"Well Laid Plans","floor":38.0},{"not_picked":["Bane+1"],"picked":"SKIP","floor":40.0},{"not_picked":["Slice"],"picked":"SKIP","floor":42.0},{"not_picked":[],"picked":"Backflip","floor":44.0},{"not_picked":[],"picked":"Setup","floor":46.0},{"not_picked":["Dagger Spray+1"],"picked":"SKIP","floor":48.0},{"not_picked":["Blade Dance+1"],"picked":"SKIP","floor":55}],"player_experience":4420461,"relics_obtained":[{"floor":7.0,"key":"Lantern"},{"floor":9.0,"key":"Regal Pillow"},{"floor":24.0,"key":"Darkstone Periapt"},{"floor":26.0,"key":"Bronze Scales"},{"floor":40.0,"key":"Pear"},{"floor":42.0,"key":"Art of War"},{"floor":43.0,"key":"Blood Vial"},{"floor":44.0,"key":"Juzu Bracelet"},{"floor":46.0,"key":"PreservedInsect"},{"floor":55,"key":"Anchor"}],"event_choices":[{"damage_healed":0.0,"max_hp_gain":0.0,"max_hp_loss":0.0,"gold_gain":0.0,"event_name":"Scrap Ooze","player_choice":"Success","floor":2.0,"gold_loss":0.0,"damage_taken":35.0,"relics_obtained":["Potion Belt"]},{"damage_healed":0.0,"max_hp_gain":0.0,"max_hp_loss":0.0,"gold_gain":0.0,"event_name":"Accursed Blacksmith","player_choice":"Rummage","floor":4.0,"gold_loss":0.0,"damage_taken":0.0,"relics_obtained":["WarpedTongs"],"cards_obtained":["Pain"]},{"damage_healed":0.0,"max_hp_gain":0.0,"max_hp_loss":0.0,"gold_gain":0.0,"event_name":"Lab","player_choice":"Got Potions","floor":11.0,"gold_loss":0.0,"damage_taken":0.0},{"damage_healed":0.0,"max_hp_gain":0.0,"max_hp_loss":0.0,"gold_gain":0.0,"event_name":"Back to Basics","player_choice":"Simplicity","floor":19.0,"gold_loss":0.0,"damage_taken":0.0,"cards_upgraded":["Defend_G","Defend_G","Defend_G","Defend_G","Defend_G","Strike_G","Strike_G","Strike_G","Strike_G","Strike_G"]},{"damage_healed":0.0,"max_hp_gain":0.0,"max_hp_loss":33.0,"gold_gain":0.0,"event_name":"Ghosts","player_choice":"Became a Ghost","floor":20.0,"gold_loss":0.0,"damage_taken":0.0,"cards_obtained":["Ghostly","Ghostly","Ghostly"]},{"damage_healed":0.0,"max_hp_gain":0.0,"max_hp_loss":0.0,"gold_gain":0.0,"event_name":"Upgrade Shrine","player_choice":"Upgraded","floor":21.0,"gold_loss":0.0,"damage_taken":0.0,"cards_upgraded":["Ghostly"]},{"cards_removed":["Neutralize"],"damage_healed":0.0,"max_hp_gain":0.0,"max_hp_loss":0.0,"gold_gain":0.0,"event_name":"Falling","player_choice":"Removed Attack","floor":37.0,"gold_loss":0.0,"damage_taken":0.0},{"damage_healed":0.0,"max_hp_gain":0.0,"max_hp_loss":0.0,"gold_gain":0.0,"event_name":"SensoryStone","player_choice":"Memory 1","floor":47.0,"gold_loss":0.0,"damage_taken":0.0}],"is_beta":false,"boss_relics":[{"not_picked":["Fusion Hammer","Ectoplasm"],"picked":"Busted Crown"},{"not_picked":["Eternal Feather","Snecko Eye"],"picked":"Astrolabe"}],"items_purged_floors":[10,25,39],"is_endless":false,"potions_floor_spawned":[7,13,14,24,28,30,40,48,55],"ascension_level":20}