{"gold_per_floor":[109,34,34,34,54,85,85,116,139,36,36,52,52,67,67,191,191,215,233,233,233,179,215,215,246,271,271,312,235,248,248],"floor_reached":31,"playtime":1587,"items_purged":["Decay"],"score":279,"play_id":"3d50327f-d1a2-4d80-969f-5644cfe17098","local_time":"20180715164847","is_ascension_mode":false,"campfire_choices":[{"data":"Flex","floor":7.0,"key":"SMITH"},{"data":"Flex","floor":15.0,"key":"SMITH"},{"floor":24.0,"key":"REST"},{"data":"Demon Form","floor":27.0,"key":"SMITH"}],"neow_cost":"CURSE","seed_source_timestamp":2507776086731,"circlet_count":0,"master_deck":["Strike_R","Strike_R","Strike_R","Strike_R","Strike_R","Defend_R","Defend_R","Bash+1","Cleave","Inflame","Flex+1","Offering","Headbutt","Flex+1","Dropkick","Shrug It Off","Bloodletting","Demon Form+1","Inflame","Dual Wield","Armaments","Dropkick+1","Shrug It Off","Disarm+1","Flame Barrier","J.A.X.","Hemokinesis+1"],"special_seed":0,"relics":["Burning Blood","Dream Catcher","Gremlin Horn","Blood Vial","Golden Idol","White Beast Statue","Bottled Tornado","Red Mask","Anchor","Prayer Wheel"],"potions_floor_usage":[30,31],"damage_taken":[{"damage":4.0,"enemies":"Small Slimes","floor":1.0,"turns":3.0},{"damage":6.0,"enemies":"Cultist","floor":5.0,"turns":3.0},{"damage":29.0,"enemies":"Lagavulin","floor":6.0,"turns":5.0},{"damage":13.0,"enemies":"3 Sentries","floor":8.0,"turns":5.0},{"damage":4.0,"enemies":"2 Louse","floor":12.0,"turns":1.0},{"damage":6.0,"enemies":"Looter","floor":14.0,"turns":2.0},{"damage":37.0,"enemies":"Hexaghost","floor":16.0,"turns":6.0},{"damage":9.0,"enemies":"Spheric Guardian","floor":18.0,"turns":3.0},{"damage":40.0,"enemies":"2 Thieves","floor":19.0,"turns":4.0},{"damage":48.0,"enemies":"Slavers","floor":23.0,"turns":5.0},{"damage":12.0,"floor":25.0,"turns":3.0},{"damage":26.0,"enemies":"Book of Stabbing","floor":28.0,"turns":5.0},{"damage":10,"enemies":"Snake Plant","floor":30,"turns":3},{"damage":30,"enemies":"Cultist and Chosen","floor":31,"turns":6}],"seed_played":"8220934958140699500","potions_obtained":[{"floor":1.0,"key":"Regen Potion"},{"floor":8.0,"key":"EssenceOfSteel"},{"floor":14.0,"key":"PowerPotion"},{"floor":19.0,"key":"SteroidPotion"},{"floor":23.0,"key":"LiquidBronze"},{"floor":25.0,"key":"Poison Potion"},{"floor":28.0,"key":"Swift Potion"},{"floor":30,"key":"Swift Potion"}],"is_trial":false,"path_per_floor":["M","$","?","?","M","E","R","E","T","$","?","M","?","M","R","B",null,"M","M","?","?","$","E","R","?","T","R","E","?","M"],"character_chosen":"IRONCLAD","items_purchased":["Flex","Dropkick","Armaments"],"campfire_rested":1,"item_purchase_floors":[10,10,22],"current_hp_per_floor":[80,80,85,85,85,62,62,55,55,55,55,59,38,40,40,11,85,82,50,50,50,50,24,49,45,45,45,27,27,25,0],"gold":248,"neow_bonus":"TRANSFORM_TWO_CARDS","is_prod":false,"is_daily":false,"chose_seed":false,"campfire_upgraded":3,"win_rate":0,"timestamp":1531666127,"path_taken":["M","$","?","?","?","E","R","E","T","$","?","M","?","M","R","BOSS","M","?","?","?","$","E","R","?","T","R","E","?","?","M"],"build_version":"2018-07-12","purchased_purges":1,"victory":false,"max_hp_per_floor":[80,80,85,85,85,85,85,85,85,85,85,85,85,85,85,85,85,85,85,85,85,85,85,85,85,85,85,85,85,85,85],"card_choices":[{"not_picked":["Rupture","Flex"],"picked":"Inflame","floor":1.0},{"not_picked":["Battle Trance","Havoc"],"picked":"Flex","floor":5.0},{"not_picked":["Seeing Red","Heavy Blade"],"picked":"Offering","floor":6.0},{"not_picked":["Bludgeon","Feel No Pain"],"picked":"Headbutt","floor":8.0},{"not_picked":["Clothesline","Dropkick"],"picked":"Shrug It Off","floor":12.0},{"not_picked":["Anger","Entrench"],"picked":"Bloodletting","floor":14.0},{"not_picked":["Juggernaut","Fiend Fire"],"picked":"Demon Form","floor":16.0},{"not_picked":["Twin Strike","Dual Wield+1"],"picked":"Inflame","floor":18.0},{"not_picked":["Sword Boomerang+1","Twin Strike+1"],"picked":"Dual Wield","floor":19.0},{"not_picked":["Exhume","Body Slam"],"picked":"Dropkick+1","floor":23.0},{"not_picked":["Reckless Charge+1","Cleave"],"picked":"Shrug It Off","floor":24.0},{"not_picked":["Perfected Strike","Wild Strike"],"picked":"Disarm+1","floor":25.0},{"not_picked":["Rampage","Clash"],"picked":"Flame Barrier","floor":28.0},{"not_picked":["Armaments","Searing Blow"],"picked":"Hemokinesis+1","floor":30},{"not_picked":["Wild Strike","Corruption+1","Sever Soul"],"picked":"SKIP","floor":30}],"player_experience":313598,"relics_obtained":[{"floor":6.0,"key":"Dream Catcher"},{"floor":8.0,"key":"Gremlin Horn"},{"floor":9.0,"key":"Blood Vial"},{"floor":23.0,"key":"Bottled Tornado"},{"floor":25.0,"key":"Red Mask"},{"floor":26.0,"key":"Anchor"},{"floor":28.0,"key":"Prayer Wheel"}],"event_choices":[{"event_name":"Big Fish","player_choice":"Donut","floor":3.0,"damage_taken":0.0},{"event_name":"Liars Game","player_choice":"disagreed","floor":4.0,"damage_taken":0.0},{"event_name":"Living Wall","player_choice":"Grow","floor":11.0,"damage_taken":0.0},{"event_name":"Golden Idol","player_choice":"Take Damage","floor":13.0,"damage_taken":0.0},{"event_name":"Ghosts","player_choice":"Ignored","floor":20.0,"damage_taken":0.0},{"event_name":"Purifier","player_choice":"One Purge","floor":21.0,"damage_taken":0.0},{"event_name":"Masked Bandits","player_choice":"Fought over 215 gold","floor":25.0,"damage_taken":0.0},{"event_name":"Drug Dealer","player_choice":"Got JAXXED","floor":29.0,"damage_taken":0.0}],"boss_relics":[{"not_picked":["Calling Bell","Fusion Hammer"],"picked":"White Beast Statue"}],"items_purged_floors":[2],"is_endless":false,"potions_floor_spawned":[1,8,14,16,18,19,23,25,28,30],"killed_by":"Cultist and Chosen","ascension_level":0}