{"gold_per_floor":[111,36,36,56,56,89,89,123,176,176,190,266,266,289,289,387,387,411,411,411,427,452,452,377,411,411,236,236,257,272,297,297,386,386,410,410,410,425,300,340,363,404,427,440,290,324,349,349,349,349,349,349,349,35,75,75],"floor_reached":56,"playtime":3269,"items_purged":["Regret","Defend_G","Strike_G+1","Defend_G","Defend_G"],"score":2390,"play_id":"63e218e9-d564-4dd2-bab0-c52d22ce4bcd","local_time":"20190102153022","is_ascension_mode":true,"campfire_choices":[{"data":"Expertise","floor":7.0,"key":"SMITH"},{"data":"Grand Finale","floor":10.0,"key":"SMITH"},{"data":"Expertise","floor":13.0,"key":"SMITH"},{"floor":15.0,"key":"REST"},{"data":"Setup","floor":23.0,"key":"SMITH"},{"data":"Well Laid Plans","floor":28.0,"key":"SMITH"},{"data":"Acrobatics","floor":32.0,"key":"SMITH"},{"floor":49.0,"key":"RECALL"},{"data":"Backflip","floor":53.0,"key":"SMITH"}],"neow_cost":"CURSE","seed_source_timestamp":559961938191,"circlet_count":0,"master_deck":["AscendersBane","Defend_G+1","Survivor","Neutralize","Grand Finale+1","Expertise+1","Expertise+1","Setup+1","Acrobatics+1","Backflip+1","Well Laid Plans+1","Well Laid Plans+1","Master of Strategy","Thinking Ahead","Backflip","Footwork"],"special_seed":0,"relics":["Ring of the Snake","Golden Idol","Blood Vial","PreservedInsect","Lantern","Regal Pillow","Empty Cage","Gambling Chip","Pantograph","Sozu","The Specimen","Ice Cream","Omamori","Happy Flower"],"potions_floor_usage":[56,56],"damage_taken":[{"damage":0.0,"enemies":"2 Louse","floor":1.0,"turns":3.0},{"damage":10.0,"enemies":"Small Slimes","floor":4.0,"turns":8.0},{"damage":3.0,"enemies":"Gremlin Nob","floor":6.0,"turns":3.0},{"damage":5.0,"enemies":"Lagavulin","floor":8.0,"turns":4.0},{"damage":9.0,"enemies":"Jaw Worm","floor":11.0,"turns":7.0},{"damage":0.0,"enemies":"3 Sentries","floor":12.0,"turns":2.0},{"damage":2.0,"enemies":"2 Fungi Beasts","floor":14.0,"turns":5.0},{"damage":0.0,"enemies":"Slime Boss","floor":16.0,"turns":5.0},{"damage":4.0,"enemies":"Shell Parasite","floor":18.0,"turns":3.0},{"damage":3.0,"enemies":"Spheric Guardian","floor":21.0,"turns":3.0},{"damage":4.0,"enemies":"Cultist and Chosen","floor":22.0,"turns":4.0},{"damage":0.0,"enemies":"Slavers","floor":25.0,"turns":1.0},{"damage":0.0,"enemies":"Snecko","floor":29.0,"turns":2.0},{"damage":0.0,"enemies":"Snake Plant","floor":30.0,"turns":2.0},{"damage":0.0,"enemies":"Sentry and Sphere","floor":31.0,"turns":1.0},{"damage":0.0,"enemies":"Collector","floor":33.0,"turns":4.0},{"damage":0.0,"enemies":"Orb Walker","floor":35.0,"turns":1.0},{"damage":1.0,"enemies":"3 Shapes","floor":38.0,"turns":1.0},{"damage":0.0,"enemies":"Giant Head","floor":40.0,"turns":2.0},{"damage":0.0,"enemies":"Sphere and 2 Shapes","floor":41.0,"turns":1.0},{"damage":11.0,"enemies":"Nemesis","floor":42.0,"turns":3.0},{"damage":0.0,"enemies":"Spire Growth","floor":44.0,"turns":2.0},{"damage":0.0,"enemies":"Reptomancer","floor":46.0,"turns":1.0},{"damage":0.0,"enemies":"Writhing Mass","floor":47.0,"turns":1.0},{"damage":14.0,"enemies":"Donu and Deca","floor":50.0,"turns":2.0},{"damage":22.0,"enemies":"Time Eater","floor":51.0,"turns":3.0},{"damage":0.0,"enemies":"Shield and Spear","floor":55.0,"turns":1.0},{"damage":60,"enemies":"The Heart","floor":56,"turns":3}],"seed_played":"6877172103628521017","potions_obtained":[{"floor":1.0,"key":"Swift Potion"},{"floor":6.0,"key":"Swift Potion"},{"floor":14.0,"key":"Swift Potion"},{"floor":21.0,"key":"Block Potion"},{"floor":25.0,"key":"PowerPotion"},{"floor":29.0,"key":"SkillPotion"}],"is_trial":false,"path_per_floor":["M","$","?","M","?","E","R","E","T","R","M","?","R","M","R","B",null,"M","?","?","M","M","R","?","E","T","$","R","M","M","M","R","B",null,"M","?","?","M","$","E","M","E","T","M","$","E","M","?","R","B","B",null,"R","$","E","B"],"character_chosen":"THE_SILENT","items_purchased":["Well Laid Plans","Backflip","Footwork"],"campfire_rested":1,"item_purchase_floors":[27,54,54],"current_hp_per_floor":[59,59,59,49,31,28,28,25,25,25,18,20,20,20,53,55,59,56,56,56,55,53,53,53,55,55,55,55,57,59,60,60,60,60,60,60,60,59,59,60,60,49,49,51,51,53,55,45,45,46,38,55,55,55,57,0],"gold":75,"neow_bonus":"THREE_RARE_CARDS","is_prod":false,"is_daily":false,"chose_seed":false,"campfire_upgraded":7,"win_rate":0,"timestamp":1546414222,"path_taken":["M","$","?","M","?","E","R","E","T","R","M","?","R","M","R","BOSS","M","?","?","M","M","R","?","E","T","$","R","M","M","M","R","BOSS","M","?","?","?","$","E","M","E","T","M","?","E","M","?","R","BOSS","BOSS","R","$","E","BOSS"],"build_version":"2018-12-20","purchased_purges":5,"victory":false,"max_hp_per_floor":[66,66,60,60,60,60,60,60,60,60,60,60,60,60,60,60,60,60,60,60,60,60,60,60,60,60,60,60,60,60,60,60,60,60,60,60,60,60,60,60,60,60,60,60,60,60,60,60,60,60,60,60,60,60,60,60],"card_choices":[{"not_picked":["Storm of Steel","Phantasmal Killer"],"picked":"Grand Finale","floor":0.0},{"not_picked":["Dagger Spray","Reflex","Distraction"],"picked":"SKIP","floor":1.0},{"not_picked":["Backflip","Cloak And Dagger"],"picked":"Expertise","floor":4.0},{"not_picked":["Blade Dance","Expertise","Dagger Throw"],"picked":"SKIP","floor":6.0},{"not_picked":["Unload","Backstab","Outmaneuver"],"picked":"SKIP","floor":8.0},{"not_picked":["Blade Dance","Noxious Fumes"],"picked":"Expertise","floor":11.0},{"not_picked":["Flying Knee","Bane","Distraction"],"picked":"SKIP","floor":14.0},{"not_picked":["Backstab","Predator"],"picked":"Setup","floor":18.0},{"not_picked":["Dagger Spray","Flying Knee","Quick Slash+1"],"picked":"SKIP","floor":21.0},{"not_picked":["Deadly Poison+1","Endless Agony"],"picked":"Backflip","floor":22.0},{"not_picked":["Cloak And Dagger","Slice","Caltrops"],"picked":"SKIP","floor":25.0},{"not_picked":["Glass Knife","Slice","PiercingWail"],"picked":"SKIP","floor":29.0},{"not_picked":["All Out Attack","Riddle With Holes","Heel Hook"],"picked":"SKIP","floor":30.0},{"not_picked":["Deadly Poison","PiercingWail","Escape Plan+1"],"picked":"SKIP","floor":31.0},{"not_picked":["Glass Knife","Night Terror"],"picked":"Adrenaline","floor":33.0},{"not_picked":["Flying Knee","Calculated Gamble","Sucker Punch"],"picked":"SKIP","floor":35.0},{"not_picked":["Dagger Throw","Prepared"],"picked":"Well Laid Plans+1","floor":38.0},{"not_picked":["Cloak And Dagger+1","Dodge and Roll+1","PiercingWail"],"picked":"SKIP","floor":40.0},{"not_picked":["Escape Plan","Dagger Spray","Underhanded Strike+1"],"picked":"SKIP","floor":41.0},{"not_picked":["Storm of Steel","Escape Plan+1","Prepared"],"picked":"SKIP","floor":42.0},{"not_picked":["Dagger Spray","Deflect","Dodge and Roll+1"],"picked":"SKIP","floor":44.0},{"not_picked":["Cloak And Dagger","Acrobatics","Night Terror"],"picked":"SKIP","floor":46.0},{"not_picked":["Leg Sweep+1","Quick Slash","Dodge and Roll"],"picked":"SKIP","floor":47.0},{"not_picked":["Mayhem","Flash of Steel"],"picked":"Master of Strategy","floor":48.0},{"not_picked":["Blind","Good Instincts"],"picked":"Thinking Ahead","floor":48.0},{"not_picked":["Deadly Poison","Crippling Poison","Dagger Throw+1"],"picked":"SKIP","floor":55.0}],"player_experience":1658507,"relics_obtained":[{"floor":6.0,"key":"Blood Vial"},{"floor":8.0,"key":"PreservedInsect"},{"floor":9.0,"key":"Lantern"},{"floor":12.0,"key":"Regal Pillow"},{"floor":25.0,"key":"Gambling Chip"},{"floor":26.0,"key":"Pantograph"},{"floor":40.0,"key":"The Specimen"},{"floor":42.0,"key":"Ice Cream"},{"floor":46.0,"key":"Omamori"},{"floor":55.0,"key":"Happy Flower"}],"event_choices":[{"damage_healed":0.0,"max_hp_gain":0.0,"max_hp_loss":6.0,"gold_gain":0.0,"event_name":"Golden Idol","player_choice":"Lose Max HP","floor":3.0,"gold_loss":0.0,"damage_taken":0.0,"relics_obtained":["Golden Idol"]},{"damage_healed":0.0,"max_hp_gain":0.0,"max_hp_loss":0.0,"gold_gain":0.0,"event_name":"Shining Light","player_choice":"Entered Light","floor":5.0,"gold_loss":0.0,"damage_taken":18.0,"cards_upgraded":["Defend_G","Strike_G"]},{"damage_healed":0.0,"max_hp_gain":0.0,"max_hp_loss":0.0,"gold_gain":0.0,"event_name":"Dead Adventurer","player_choice":"Searched \u00271\u0027 times","floor":12.0,"gold_loss":0.0,"damage_taken":0.0},{"cards_removed":["Strike_G"],"damage_healed":0.0,"max_hp_gain":0.0,"max_hp_loss":0.0,"gold_gain":0.0,"event_name":"Back to Basics","player_choice":"Elegance","floor":19.0,"gold_loss":0.0,"damage_taken":0.0},{"damage_healed":0.0,"max_hp_gain":0.0,"max_hp_loss":0.0,"gold_gain":0.0,"event_name":"The Library","player_choice":"Read","floor":20.0,"gold_loss":0.0,"damage_taken":0.0,"cards_obtained":["Acrobatics"]},{"cards_removed":["Strike_G"],"damage_healed":0.0,"max_hp_gain":0.0,"max_hp_loss":0.0,"gold_gain":0.0,"event_name":"Beggar","player_choice":"Gave Gold","floor":24.0,"gold_loss":75.0,"damage_taken":0.0},{"cards_removed":["Adrenaline"],"damage_healed":0.0,"max_hp_gain":0.0,"max_hp_loss":0.0,"gold_gain":0.0,"event_name":"Falling","player_choice":"Removed Skill","floor":36.0,"gold_loss":0.0,"damage_taken":0.0},{"cards_removed":["Defend_G"],"damage_healed":0.0,"max_hp_gain":0.0,"max_hp_loss":0.0,"gold_gain":0.0,"event_name":"Wheel of Change","player_choice":"Card Removal","floor":37.0,"gold_loss":0.0,"damage_taken":0.0},{"damage_healed":0.0,"max_hp_gain":0.0,"max_hp_loss":0.0,"gold_gain":0.0,"event_name":"SensoryStone","player_choice":"Memory 3","floor":48.0,"gold_loss":0.0,"damage_taken":10.0}],"is_beta":false,"boss_relics":[{"not_picked":["Tiny House","Philosopher\u0027s Stone"],"picked":"Empty Cage"},{"not_picked":["Black Star","Calling Bell"],"picked":"Sozu"}],"items_purged_floors":[2,27,39,45,54],"is_endless":false,"potions_floor_spawned":[1,6,14,21,25,29,41,44,46,47],"killed_by":"The Heart","ascension_level":20}