{"gold_per_floor":[118,132,57,68,68,68,68,68,91,91,49,63,13,23,23,23],"floor_reached":16,"playtime":475,"items_purged":["Strike_G","Strike_G"],"score":184,"play_id":"f8fe12ca-1e11-4827-b41d-579357c40274","local_time":"20190217171311","is_ascension_mode":true,"campfire_choices":[{"data":"Calculated Gamble","floor":6.0,"key":"SMITH"},{"data":"Neutralize","floor":8.0,"key":"SMITH"},{"data":"Tactician","floor":10.0,"key":"SMITH"},{"data":"Prepared","floor":15.0,"key":"SMITH"}],"neow_cost":"TEN_PERCENT_HP_LOSS","seed_source_timestamp":29108142545858,"circlet_count":0,"master_deck":["AscendersBane","Defend_G","Defend_G","Defend_G","Defend_G","Strike_G","Strike_G","Survivor","Neutralize+1","Calculated Gamble+1","Footwork","Tactician+1","Grand Finale","Prepared+1","Backstab"],"special_seed":0,"relics":["Ring of the Snake","Smiling Mask"],"potions_floor_usage":[],"damage_taken":[{"damage":1.0,"enemies":"2 Louse","floor":1.0,"turns":3.0},{"damage":6.0,"enemies":"Small Slimes","floor":2.0,"turns":5.0},{"damage":0.0,"enemies":"Cultist","floor":4.0,"turns":5.0},{"damage":0.0,"enemies":"Exordium Thugs","floor":11.0,"turns":5.0},{"damage":0.0,"enemies":"Red Slaver","floor":12.0,"turns":4.0},{"damage":6.0,"enemies":"Blue Slaver","floor":14.0,"turns":11.0},{"damage":28,"enemies":"Slime Boss","floor":16,"turns":9}],"seed_played":"-3664407912757499137","potions_obtained":[{"floor":2.0,"key":"SteroidPotion"},{"floor":4.0,"key":"Swift Potion"},{"floor":12.0,"key":"Strength Potion"}],"is_trial":false,"path_per_floor":["M","M","$","M","?","R","?","R","T","R","M","M","$","M","R","B"],"character_chosen":"THE_SILENT","items_purchased":[],"campfire_rested":0,"item_purchase_floors":[],"current_hp_per_floor":[58,52,52,52,57,57,57,57,57,57,57,57,57,51,51,23],"gold":23,"neow_bonus":"REMOVE_TWO","is_prod":false,"is_daily":false,"chose_seed":false,"campfire_upgraded":4,"win_rate":0,"timestamp":1550394791,"path_taken":["M","M","$","M","?","R","?","R","T","R","M","M","$","M","R","BOSS"],"build_version":"2019-01-23","purchased_purges":2,"victory":false,"max_hp_per_floor":[60,60,60,60,65,65,65,65,65,65,65,65,65,65,65,65],"card_choices":[{"not_picked":["Sucker Punch","Deadly Poison"],"picked":"Calculated Gamble","floor":1.0},{"not_picked":["Bane","Prepared"],"picked":"Footwork","floor":2.0},{"not_picked":["Crippling Poison","Deadly Poison"],"picked":"Tactician","floor":4.0},{"not_picked":["Distraction","Accuracy"],"picked":"Grand Finale","floor":11.0},{"not_picked":["Underhanded Strike","Slice"],"picked":"Prepared","floor":12.0},{"not_picked":["Dodge and Roll","Cloak And Dagger"],"picked":"Backstab","floor":14.0}],"player_experience":2870986,"relics_obtained":[{"floor":9.0,"key":"Smiling Mask"}],"event_choices":[{"damage_healed":0.0,"max_hp_gain":5.0,"max_hp_loss":0.0,"gold_gain":0.0,"event_name":"Big Fish","player_choice":"Donut","floor":5.0,"gold_loss":0.0,"damage_taken":0.0},{"damage_healed":0.0,"max_hp_gain":0.0,"max_hp_loss":0.0,"gold_gain":0.0,"event_name":"The Cleric","player_choice":"Leave","floor":7.0,"gold_loss":0.0,"damage_taken":0.0}],"is_beta":false,"boss_relics":[],"items_purged_floors":[3,13],"is_endless":false,"potions_floor_spawned":[2,4,12],"killed_by":"Slime Boss","ascension_level":20}