{"gold_per_floor":[117,117,42,42,42,42,58,58,58,92,103,113,113,113,113,184,184],"floor_reached":17,"playtime":463,"items_purged":["Strike_G"],"score":356,"play_id":"8657167f-7049-4433-94a6-b3c4cfabef7a","local_time":"20190306132631","is_ascension_mode":true,"campfire_choices":[{"data":"Well Laid Plans","floor":6.0,"key":"SMITH"},{"data":"Deadly Poison","floor":8.0,"key":"SMITH"},{"data":"Neutralize","floor":13,"key":"SMITH"},{"floor":15,"key":"DIG"}],"neow_cost":"NONE","seed_source_timestamp":15756593303628,"circlet_count":0,"master_deck":["AscendersBane","Defend_G","Defend_G","Defend_G","Defend_G","Defend_G","Strike_G","Strike_G","Survivor","Neutralize+1","Dagger Throw","Well Laid Plans+1","Deadly Poison+1","Venomology","Calculated Gamble"],"special_seed":0,"relics":["Ring of the Snake","NeowsBlessing","PreservedInsect","Shovel","The Courier","Regal Pillow"],"potions_floor_usage":[16],"damage_taken":[{"damage":0.0,"enemies":"Small Slimes","floor":1.0,"turns":1.0},{"damage":0.0,"enemies":"2 Louse","floor":7.0,"turns":1.0},{"damage":0.0,"enemies":"Lagavulin","floor":10.0,"turns":1.0},{"damage":0.0,"enemies":"Jaw Worm","floor":11.0,"turns":4.0},{"damage":1.0,"enemies":"3 Louse","floor":12.0,"turns":3.0},{"damage":9,"enemies":"The Guardian","floor":16,"turns":11}],"seed_played":"-3978666022612400601","potions_obtained":[{"floor":1.0,"key":"Swift Potion"},{"floor":16,"key":"GamblersBrew"}],"is_trial":false,"path_per_floor":["M","?","$","?","?","R","M","R","T","E","M","M","R","?","R","B",null],"character_chosen":"THE_SILENT","items_purchased":[],"campfire_rested":0,"item_purchase_floors":[],"current_hp_per_floor":[59,59,59,52,34,34,34,34,34,34,34,33,33,38,38,29,29],"gold":184,"neow_bonus":"THREE_ENEMY_KILL","is_prod":false,"is_daily":false,"chose_seed":false,"campfire_upgraded":3,"win_rate":0,"timestamp":1551849991,"path_taken":["M","?","$","?","?","R","M","R","T","E","M","M","R","?","R","BOSS"],"build_version":"2019-01-23","purchased_purges":1,"victory":false,"max_hp_per_floor":[66,66,66,66,66,66,66,66,66,66,66,66,66,71,71,71,71],"card_choices":[{"not_picked":["PiercingWail","Underhanded Strike"],"picked":"Dagger Throw","floor":1.0},{"not_picked":["Cloak And Dagger","Backstab"],"picked":"Deadly Poison","floor":7.0},{"not_picked":["Outmaneuver","Acrobatics"],"picked":"Venomology","floor":10.0},{"not_picked":["Setup","All Out Attack","Outmaneuver"],"picked":"SKIP","floor":11.0},{"not_picked":["Dagger Spray","Infinite Blades"],"picked":"Calculated Gamble","floor":12.0}],"player_experience":3354672,"relics_obtained":[{"floor":9.0,"key":"Shovel"},{"floor":10.0,"key":"The Courier"},{"floor":15,"key":"Regal Pillow"}],"event_choices":[{"damage_healed":0.0,"max_hp_gain":0.0,"max_hp_loss":0.0,"gold_gain":0.0,"cards_transformed":["Strike_G"],"event_name":"Living Wall","player_choice":"Change","floor":2.0,"gold_loss":0.0,"damage_taken":0.0,"cards_obtained":["Well Laid Plans"]},{"cards_removed":["Strike_G"],"damage_healed":0.0,"max_hp_gain":0.0,"max_hp_loss":0.0,"gold_gain":0.0,"event_name":"Golden Wing","player_choice":"Card Removal","floor":4.0,"gold_loss":0.0,"damage_taken":7.0},{"damage_healed":0.0,"max_hp_gain":0.0,"max_hp_loss":0.0,"gold_gain":0.0,"event_name":"Scrap Ooze","player_choice":"Success","floor":5.0,"gold_loss":0.0,"damage_taken":18.0,"relics_obtained":["PreservedInsect"]},{"damage_healed":0,"gold_gain":0,"player_choice":"Donut","damage_taken":0,"max_hp_gain":5,"max_hp_loss":0,"event_name":"Big Fish","floor":14,"gold_loss":0}],"is_beta":false,"boss_relics":[],"items_purged_floors":[3],"is_endless":false,"potions_floor_spawned":[1,11,16],"ascension_level":20}