{"gold_per_floor":[19,94,106,106,31,45,45,79,153,179,179,199,69,99,99,194,194,210,13,13,28,28,28,58,58,58,83,98,126,146,164,164,262,262,282,180,180,255,269,315,315,326,326,326,326,344,39,72,72,72],"floor_reached":51,"playtime":1269,"items_purged":["Defend_R","Defend_R","Defend_R","Defend_R"],"score":1239,"play_id":"d526ce05-fecd-401b-8eb8-9c76499a79ce","local_time":"20180921173918","is_ascension_mode":true,"campfire_choices":[{"data":"Perfected Strike","floor":7.0,"key":"SMITH"},{"data":"Perfected Strike","floor":11.0,"key":"SMITH"},{"data":"Twin Strike","floor":15.0,"key":"SMITH"},{"data":"Bash","floor":23.0,"key":"SMITH"},{"floor":32.0,"key":"REST"},{"data":"1","floor":41.0,"key":"LIFT"},{"data":"2","floor":45.0,"key":"LIFT"},{"data":"3","floor":49,"key":"LIFT"}],"neow_cost":"NO_GOLD","seed_source_timestamp":13971391438105,"circlet_count":0,"master_deck":["Strike_R","Strike_R","Strike_R","Strike_R","Strike_R","Bash+1","Perfected Strike+1","Perfected Strike+1","Offering","Twin Strike+1","Disarm+1","Seeing Red+1","Feed+1","Warcry+1","Twin Strike+1","Perfected Strike+1","Flame Barrier+1","Flex+1","Impervious+1","Shockwave+1","Shrug It Off+1","Shrug It Off+1","Shrug It Off+1","Enlightenment+1","Pommel Strike+1"],"special_seed":0,"relics":["Burning Blood","Thread and Needle","Bag of Marbles","Toxic Egg 2","Smiling Mask","Molten Egg 2","Sozu","Vajra","Blood Vial","Enchiridion","Blue Candle","Girya","Self Forming Clay","Mark of Pain","Incense Burner","Bottled Flame","StoneCalendar","Mummified Hand"],"potions_floor_usage":[50],"damage_taken":[{"damage":0.0,"enemies":"2 Louse","floor":1.0,"turns":3.0},{"damage":3.0,"enemies":"Small Slimes","floor":3.0,"turns":3.0},{"damage":0.0,"enemies":"Cultist","floor":6.0,"turns":3.0},{"damage":6.0,"enemies":"3 Sentries","floor":8.0,"turns":6.0},{"damage":17.0,"enemies":"Lagavulin","floor":10.0,"turns":3.0},{"damage":0.0,"enemies":"Looter","floor":12.0,"turns":1.0},{"damage":16.0,"enemies":"3 Sentries","floor":14.0,"turns":4.0},{"damage":26.0,"enemies":"Hexaghost","floor":16.0,"turns":5.0},{"damage":7.0,"enemies":"2 Thieves","floor":18.0,"turns":2.0},{"damage":0.0,"enemies":"3 Byrds","floor":20.0,"turns":1.0},{"damage":8.0,"enemies":"Centurion and Healer","floor":21.0,"turns":2.0},{"damage":6.0,"enemies":"Gremlin Leader","floor":24.0,"turns":4.0},{"damage":36.0,"enemies":"Slavers","floor":27.0,"turns":4.0},{"damage":6.0,"enemies":"Snecko","floor":28.0,"turns":2.0},{"damage":14.0,"enemies":"Book of Stabbing","floor":29.0,"turns":3.0},{"damage":0.0,"enemies":"Snake Plant","floor":30.0,"turns":1.0},{"damage":2.0,"enemies":"Cultist and Chosen","floor":31.0,"turns":3.0},{"damage":35.0,"enemies":"Collector","floor":33.0,"turns":4.0},{"damage":6.0,"enemies":"Orb Walker","floor":35.0,"turns":1.0},{"damage":0.0,"enemies":"3 Shapes","floor":39.0,"turns":2.0},{"damage":17.0,"enemies":"Mysterious Sphere","floor":40.0,"turns":3.0},{"damage":6.0,"enemies":"Sphere and 2 Shapes","floor":42.0,"turns":3.0},{"damage":0.0,"enemies":"Transient","floor":46.0,"turns":5.0},{"damage":6,"enemies":"Giant Head","floor":48,"turns":5},{"damage":74,"enemies":"Donu and Deca","floor":50,"turns":7}],"seed_played":"2431903974996288406","potions_obtained":[{"floor":3.0,"key":"Dexterity Potion"},{"floor":4.0,"key":"EssenceOfSteel"},{"floor":4.0,"key":"Fruit Juice"},{"floor":4.0,"key":"SmokeBomb"},{"floor":10.0,"key":"Energy Potion"}],"is_trial":false,"path_per_floor":["M","?","M","?","$","M","R","E","T","E","R","M","$","E","R","B",null,"M","$","M","M","?","R","E","?","T","E","M","E","M","M","R","B",null,"M","$","?","?","M","?","R","M","T","?","R","M","$","E","R","B"],"character_chosen":"IRONCLAD","items_purchased":["Seeing Red+1","Vajra","Shrug It Off+1","StoneCalendar"],"campfire_rested":1,"item_purchase_floors":[13,19,36,47],"current_hp_per_floor":[78,67,70,75,75,81,81,81,81,70,70,76,76,66,66,46,75,78,78,84,86,86,86,86,70,70,46,48,46,54,64,95,68,96,98,98,98,88,96,87,87,89,89,89,89,97,97,99,99,37],"gold":72,"neow_bonus":"ONE_RARE_RELIC","is_prod":false,"is_daily":false,"chose_seed":false,"campfire_upgraded":4,"win_rate":0,"timestamp":1537522758,"path_taken":["M","?","?","?","?","M","R","E","T","E","R","M","$","E","R","BOSS","M","$","M","M","?","R","E","?","T","E","M","E","M","M","R","BOSS","M","$","?","?","M","?","R","M","T","?","R","M","$","E","R","BOSS"],"build_version":"2018-09-20","purchased_purges":4,"victory":true,"max_hp_per_floor":[80,80,80,85,85,85,85,85,85,85,85,85,85,85,85,85,85,89,89,89,93,93,93,93,93,93,97,97,101,101,105,105,105,105,105,105,105,105,105,105,105,105,105,105,105,105,105,105,105,109],"card_choices":[{"not_picked":["True Grit","Anger"],"picked":"Perfected Strike","floor":1.0},{"not_picked":["Iron Wave","Battle Trance"],"picked":"Perfected Strike","floor":3.0},{"not_picked":["Intimidate","Iron Wave"],"picked":"Offering","floor":6.0},{"not_picked":["Flame Barrier","Heavy Blade"],"picked":"Twin Strike","floor":8.0},{"not_picked":["Twin Strike","Exhume+1"],"picked":"Disarm+1","floor":10.0},{"not_picked":["Heavy Blade","Carnage","Headbutt"],"picked":"SKIP","floor":12.0},{"not_picked":["Iron Wave","Clash","Blood for Blood"],"picked":"SKIP","floor":14.0},{"not_picked":["Brutality","Offering+1"],"picked":"Feed+1","floor":16.0},{"not_picked":["Searing Blow+1","Clash+1","Pommel Strike+1"],"picked":"SKIP","floor":18.0},{"not_picked":["Clothesline+1","Anger+1","Warcry+1"],"picked":"SKIP","floor":21.0},{"not_picked":["Clothesline+1","Anger+1"],"picked":"Warcry+1","floor":21.0},{"not_picked":["Power Through+1","Anger+1"],"picked":"Twin Strike+1","floor":24.0},{"not_picked":["Shrug It Off+1","Headbutt+1"],"picked":"Perfected Strike+1","floor":27.0},{"not_picked":["Heavy Blade+1","Headbutt+1"],"picked":"Flame Barrier+1","floor":28.0},{"not_picked":["True Grit+1","Spot Weakness+1","Bludgeon+1"],"picked":"SKIP","floor":29.0},{"not_picked":["Cleave+1","Havoc+1"],"picked":"Flex+1","floor":30.0},{"not_picked":["Second Wind+1","Uppercut+1","Sword Boomerang+1"],"picked":"SKIP","floor":31.0},{"not_picked":["Fiend Fire+1","Reaper+1"],"picked":"Impervious+1","floor":33.0},{"not_picked":["Armaments+1","Clothesline+1"],"picked":"Shockwave+1","floor":35.0},{"not_picked":["True Grit+1","Flex+1"],"picked":"Shrug It Off+1","floor":39.0},{"not_picked":["Sentinel+1","Reckless Charge+1"],"picked":"Shrug It Off+1","floor":42.0},{"not_picked":["Good Instincts+1","Panache"],"picked":"Enlightenment+1","floor":44.0},{"not_picked":["Warcry+1","Flex+1","Shrug It Off+1"],"picked":"SKIP","floor":46.0},{"not_picked":["Fire Breathing+1","Infernal Blade+1"],"picked":"Pommel Strike+1","floor":48}],"player_experience":71811,"relics_obtained":[{"floor":8.0,"key":"Bag of Marbles"},{"floor":9.0,"key":"Toxic Egg 2"},{"floor":10.0,"key":"Smiling Mask"},{"floor":14.0,"key":"Molten Egg 2"},{"floor":24.0,"key":"Blood Vial"},{"floor":25.0,"key":"Enchiridion"},{"floor":26.0,"key":"Blue Candle"},{"floor":27.0,"key":"Girya"},{"floor":29.0,"key":"Self Forming Clay"},{"floor":40.0,"key":"Incense Burner"},{"floor":43.0,"key":"Bottled Flame"},{"floor":48,"key":"Mummified Hand"}],"event_choices":[{"event_name":"World of Goop","player_choice":"Gather Gold","floor":2.0,"damage_taken":0.0},{"event_name":"The Lab","player_choice":"Got Potions","floor":4.0,"damage_taken":0.0},{"event_name":"Vampires","player_choice":"Ignored","floor":22.0,"damage_taken":0.0},{"event_name":"Cursed Tome","player_choice":"Obtained Book","floor":25.0,"damage_taken":0.0},{"event_name":"Tomb of Lord Red Mask","player_choice":"Ignored","floor":37.0,"damage_taken":0.0},{"event_name":"FaceTrader","player_choice":"Touch","floor":38.0,"damage_taken":0.0},{"event_name":"Mysterious Sphere","player_choice":"Fight","floor":40.0,"damage_taken":0.0},{"event_name":"SensoryStone","player_choice":"Memory 1","floor":44.0,"damage_taken":0.0}],"is_beta":false,"boss_relics":[{"not_picked":["Philosopher\u0027s Stone","Eternal Feather"],"picked":"Sozu"},{"not_picked":["Velvet Choker","Orrery"],"picked":"Mark of Pain"}],"items_purged_floors":[5,13,19,36],"is_endless":false,"potions_floor_spawned":[3,6,10,14,20,21,28,30,33,39,40],"ascension_level":9}