{"gold_per_floor":[118,136,136,154,174,174,174,99,99,99],"floor_reached":10,"playtime":117,"items_purged":[],"score":116,"play_id":"de32d75e-98e0-458f-94af-2f09bd8440ca","local_time":"20181127102801","is_ascension_mode":true,"campfire_choices":[{"data":"Acrobatics","floor":6,"key":"SMITH"}],"neow_cost":"NONE","seed_source_timestamp":1791244734956,"circlet_count":0,"master_deck":["AscendersBane","Defend_G","Defend_G","Defend_G","Defend_G","Defend_G+1","Strike_G","Strike_G","Strike_G","Survivor+1","Neutralize","Acrobatics+1","Blur"],"relics":["Ring of the Snake","NeowsBlessing","Letter Opener"],"potions_floor_usage":[],"damage_taken":[{"damage":0,"enemies":"Cultist","floor":1,"turns":1},{"damage":0,"enemies":"Jaw Worm","floor":2,"turns":1},{"damage":0,"enemies":"Small Slimes","floor":4,"turns":1},{"damage":7,"enemies":"2 Fungi Beasts","floor":5,"turns":6},{"damage":0,"enemies":"Gremlin Nob","floor":10,"turns":1}],"seed_played":"-7269226678075202539","potions_obtained":[],"is_trial":false,"path_per_floor":["M","M","?","M","M","R","?","?","T","E"],"character_chosen":"THE_SILENT","items_purchased":[],"campfire_rested":0,"item_purchase_floors":[],"current_hp_per_floor":[59,59,52,52,45,45,25,25,25,25],"gold":99,"neow_bonus":"THREE_ENEMY_KILL","is_prod":false,"is_daily":false,"chose_seed":false,"campfire_upgraded":1,"win_rate":0,"timestamp":1543285681,"path_taken":["M","?","?","M","M","R","?","?","T","E"],"build_version":"2018-11-15","purchased_purges":0,"victory":false,"max_hp_per_floor":[66,66,66,66,66,66,66,66,66,66],"card_choices":[{"not_picked":["Sucker Punch","PiercingWail"],"picked":"Acrobatics","floor":1},{"not_picked":["Dagger Spray","Dagger Throw","Blade Dance"],"picked":"SKIP","floor":2},{"not_picked":["Crippling Poison","Terror","Underhanded Strike"],"picked":"SKIP","floor":4},{"not_picked":["Wraith Form v2","Deflect"],"picked":"Blur","floor":5}],"player_experience":1166816,"relics_obtained":[{"floor":9,"key":"Letter Opener"}],"event_choices":[{"cards_removed":["Strike_G"],"damage_healed":0,"gold_gain":0,"player_choice":"Card Removal","damage_taken":7,"max_hp_gain":0,"max_hp_loss":0,"event_name":"Golden Wing","floor":3,"gold_loss":0},{"damage_healed":0,"gold_gain":0,"player_choice":"Entered Light","damage_taken":20,"max_hp_gain":0,"max_hp_loss":0,"event_name":"Shining Light","floor":7,"gold_loss":0,"cards_upgraded":["Defend_G","Survivor"]},{"cards_removed":["Strike_G"],"damage_healed":0,"gold_gain":0,"player_choice":"Card Removal","damage_taken":0,"max_hp_gain":0,"max_hp_loss":0,"event_name":"The Cleric","floor":8,"gold_loss":75}],"is_beta":true,"boss_relics":[],"items_purged_floors":[],"is_endless":false,"potions_floor_spawned":[],"killed_by":"Gremlin Nob","ascension_level":20}