{"gold_per_floor":[109,109,125,41,53,53,73,73,73,73,83,83,83],"floor_reached":13,"playtime":378,"items_purged":[],"score":150,"play_id":"9d7d8ee9-0aa3-44ab-a0e2-8ae9386e5d62","local_time":"20181223113706","is_ascension_mode":true,"campfire_choices":[{"data":"Malaise","floor":6.0,"key":"SMITH"},{"data":"Neutralize","floor":8.0,"key":"SMITH"},{"data":"Backflip","floor":10.0,"key":"SMITH"}],"neow_cost":"PERCENT_DAMAGE","seed_source_timestamp":1378949706290,"circlet_count":0,"master_deck":["AscendersBane","Defend_G","Defend_G","Defend_G","Defend_G","Defend_G","Strike_G","Strike_G","Strike_G","Strike_G","Survivor","Neutralize+1","Leg Sweep","Malaise+1","Tactician","Backflip+1","Footwork"],"special_seed":0,"relics":["Ring of the Snake","Tough Bandages","FossilizedHelix"],"potions_floor_usage":[13],"damage_taken":[{"damage":0.0,"enemies":"2 Louse","floor":1.0,"turns":4.0},{"damage":2.0,"enemies":"Cultist","floor":3.0,"turns":5.0},{"damage":0.0,"enemies":"Jaw Worm","floor":5.0,"turns":8.0},{"damage":29.0,"enemies":"Large Slime","floor":7.0,"turns":15.0},{"damage":0.0,"enemies":"Blue Slaver","floor":11.0,"turns":7.0},{"damage":0,"enemies":"Lagavulin","floor":13,"turns":1}],"seed_played":"2822865148570627227","potions_obtained":[{"floor":1.0,"key":"SpeedPotion"},{"floor":3.0,"key":"Regen Potion"},{"floor":7.0,"key":"AttackPotion"}],"is_trial":false,"path_per_floor":["M","?","M","$","M","R","M","R","T","R","M","?","E"],"character_chosen":"THE_SILENT","items_purchased":["Malaise"],"campfire_rested":0,"item_purchase_floors":[4],"current_hp_per_floor":[44,44,42,42,57,57,28,28,28,28,28,28,28],"gold":83,"neow_bonus":"ONE_RARE_RELIC","is_prod":false,"is_daily":false,"chose_seed":false,"campfire_upgraded":3,"win_rate":0,"timestamp":1545536226,"path_taken":["M","?","M","$","M","R","M","R","T","R","?","?","E"],"build_version":"2018-12-20","purchased_purges":0,"victory":false,"max_hp_per_floor":[66,66,66,66,66,66,66,66,66,66,66,66,66],"card_choices":[{"not_picked":["Heel Hook","Outmaneuver","Poisoned Stab"],"picked":"SKIP","floor":1.0},{"not_picked":["Quick Slash","PiercingWail"],"picked":"Leg Sweep","floor":3.0},{"not_picked":["Dagger Throw","Crippling Poison"],"picked":"Tactician","floor":5.0},{"not_picked":["Slice","Sucker Punch"],"picked":"Backflip","floor":7.0},{"not_picked":["Poisoned Stab","Concentrate"],"picked":"Footwork","floor":11.0}],"player_experience":1423899,"relics_obtained":[{"floor":9.0,"key":"FossilizedHelix"}],"event_choices":[{"cards_removed":["Strike_G"],"damage_healed":0.0,"max_hp_gain":0.0,"max_hp_loss":0.0,"gold_gain":0.0,"event_name":"Purifier","player_choice":"Purged","floor":2.0,"gold_loss":0.0,"damage_taken":0.0},{"damage_healed":0.0,"max_hp_gain":0.0,"max_hp_loss":0.0,"gold_gain":0.0,"event_name":"Dead Adventurer","player_choice":"Searched \u00270\u0027 times","floor":12.0,"gold_loss":0.0,"damage_taken":0.0}],"is_beta":false,"boss_relics":[],"items_purged_floors":[],"is_endless":false,"potions_floor_spawned":[1,3,7],"killed_by":"Lagavulin","ascension_level":20}