{"gold_per_floor":[113,128,128,140,140,140,171,171,197,21,41,59,59,72,72,72],"floor_reached":16,"playtime":356,"items_purged":[],"score":204,"play_id":"c00541a7-ae64-4e82-aba8-3aa908bfcbc1","local_time":"20190718175004","is_ascension_mode":true,"campfire_choices":[{"data":"Blade Dance","floor":6.0,"key":"SMITH"},{"data":"Deadly Poison","floor":15,"key":"SMITH"}],"neow_cost":"NONE","seed_source_timestamp":315714054188300,"circlet_count":0,"master_deck":["AscendersBane","Strike_G","Strike_G","Strike_G","Strike_G","Strike_G","Defend_G","Defend_G","Defend_G","Defend_G","Defend_G","Survivor","Neutralize","Terror","Blade Dance+1","Backflip","Tactician","Choke","Deadly Poison+1"],"special_seed":0,"relics":["Ring of the Snake","NeowsBlessing","Snake Skull","Blood Vial"],"potions_floor_usage":[14,16],"damage_taken":[{"damage":0.0,"enemies":"Cultist","floor":1.0,"turns":1.0},{"damage":0.0,"enemies":"Small Slimes","floor":2.0,"turns":1.0},{"damage":0.0,"enemies":"Jaw Worm","floor":4.0,"turns":1.0},{"damage":32.0,"enemies":"3 Sentries","floor":7.0,"turns":14.0},{"damage":7,"enemies":"3 Louse","floor":11,"turns":4},{"damage":3,"enemies":"Blue Slaver","floor":12,"turns":4},{"damage":6,"enemies":"Exordium Thugs","floor":14,"turns":3},{"damage":21,"enemies":"Hexaghost","floor":16,"turns":9}],"seed_played":"-3310398164934698721","potions_obtained":[{"floor":2.0,"key":"SpeedPotion"},{"floor":4.0,"key":"SteroidPotion"},{"floor":11,"key":"GhostInAJar"},{"floor":12,"key":"Fire Potion"}],"is_trial":false,"path_per_floor":["M","M","?","M","?","R","E","?","T","$","M","M","$","M","R","B"],"character_chosen":"THE_SILENT","items_purchased":["Tactician","Choke"],"campfire_rested":0,"item_purchase_floors":[10,10],"current_hp_per_floor":[59,59,64,64,64,64,32,32,32,32,27,26,26,22,22,3],"gold":72,"neow_bonus":"THREE_ENEMY_KILL","is_prod":false,"is_daily":false,"chose_seed":false,"campfire_upgraded":2,"win_rate":0,"timestamp":1563443404,"path_taken":["M","?","?","M","?","R","E","?","T","$","M","M","?","M","R","BOSS"],"build_version":"2019-07-17","purchased_purges":0,"victory":false,"max_hp_per_floor":[66,66,71,71,71,71,71,71,71,71,71,71,71,71,71,71],"card_choices":[{"not_picked":["Backflip","Prepared"],"picked":"Terror","floor":1.0},{"not_picked":["PiercingWail","Caltrops","Outmaneuver"],"picked":"SKIP","floor":2.0},{"not_picked":["Outmaneuver","Sucker Punch"],"picked":"Blade Dance","floor":4.0},{"not_picked":["Concentrate","Night Terror"],"picked":"Backflip","floor":7.0},{"not_picked":["Backflip","Prepared","PiercingWail"],"picked":"SKIP","floor":11},{"not_picked":["Outmaneuver","Distraction","Dodge and Roll"],"picked":"SKIP","floor":12},{"not_picked":["Dagger Spray","Cloak And Dagger"],"picked":"Deadly Poison","floor":14}],"player_experience":657984,"relics_obtained":[{"floor":7.0,"key":"Snake Skull"},{"floor":9.0,"key":"Blood Vial"}],"event_choices":[{"damage_healed":0.0,"max_hp_gain":5.0,"max_hp_loss":0.0,"gold_gain":0.0,"event_name":"Big Fish","player_choice":"Donut","floor":3.0,"gold_loss":0.0,"damage_taken":0.0},{"damage_healed":0.0,"max_hp_gain":0.0,"max_hp_loss":0.0,"gold_gain":0.0,"event_name":"Liars Game","player_choice":"Ignored","floor":5.0,"gold_loss":0.0,"damage_taken":0.0},{"damage_healed":0.0,"max_hp_gain":0.0,"max_hp_loss":0.0,"gold_gain":0.0,"event_name":"Scrap Ooze","player_choice":"Fled","floor":8.0,"gold_loss":0.0,"damage_taken":0.0}],"is_beta":false,"boss_relics":[],"items_purged_floors":[],"is_endless":false,"potions_floor_spawned":[2,4,11,12],"killed_by":"Hexaghost","ascension_level":20}