{"gold_per_floor":[359,375,167,181,196,224,235,235,235,135,170,170,170,186,186,265,265,284,310,310,225,240,240,240,273,354,354,373,76,87,99,99,170,170,184,184,200,200,75,75,110,127,127,140,140,168,168,249,249,249],"floor_reached":51,"playtime":1845,"items_purged":["Strike_R","Strike_R","Bash"],"score":1879,"play_id":"d4720b20-6ee2-4e4d-b0a5-de0c1c1b1dfd","local_time":"20180923173636","is_ascension_mode":true,"campfire_choices":[{"data":"Sword Boomerang","floor":8,"key":"SMITH"},{"data":"Flex","floor":13,"key":"SMITH"},{"data":"Pummel","floor":15,"key":"SMITH"},{"data":"Strike_R","floor":23,"key":"PURGE"},{"data":"Strike_R","floor":27,"key":"PURGE"},{"data":"Corruption","floor":32,"key":"SMITH"},{"data":"Armaments","floor":40,"key":"SMITH"},{"data":"Decay","floor":45,"key":"PURGE"},{"data":"Defend_R","floor":47,"key":"PURGE"},{"data":"Regret","floor":49,"key":"PURGE"}],"neow_cost":"PERCENT_DAMAGE","seed_source_timestamp":189682583812083,"circlet_count":0,"master_deck":["Defend_R","Defend_R","AscendersBane","Spot Weakness","Sword Boomerang+1","Pummel+1","Thunderclap","Second Wind","Flex+1","Offering","Evolve","Exhume","Corruption+1","Armaments+1","Warcry","Sentinel","Discovery","Limit Break","Seeing Red"],"relics":["Burning Blood","Pocketwatch","Letter Opener","Bag of Preparation","Peace Pipe","Empty Cage","Red Mask","Dead Branch","Vajra","Mummified Hand","Bottled Lightning","Cursed Key","Champion Belt","Self Forming Clay","Paper Frog","Nunchaku","Molten Egg 2"],"potions_floor_usage":[2,6,11,16,25,36,50,50],"damage_taken":[{"damage":7,"enemies":"Cultist","floor":1,"turns":4},{"damage":2,"enemies":"2 Louse","floor":2,"turns":4},{"damage":9,"enemies":"Jaw Worm","floor":4,"turns":3},{"damage":11,"enemies":"Blue Slaver","floor":5,"turns":3},{"damage":0,"enemies":"Gremlin Nob","floor":6,"turns":3},{"damage":0,"enemies":"Exordium Wildlife","floor":7,"turns":2},{"damage":18,"enemies":"Lagavulin","floor":11,"turns":5},{"damage":14,"enemies":"2 Fungi Beasts","floor":14,"turns":3},{"damage":28,"enemies":"The Guardian","floor":16,"turns":6},{"damage":12,"enemies":"Spheric Guardian","floor":18,"turns":3},{"damage":12,"enemies":"Masked Bandits","floor":19,"turns":2},{"damage":6,"enemies":"Chosen","floor":22,"turns":2},{"damage":0,"enemies":"Book of Stabbing","floor":25,"turns":1},{"damage":6,"enemies":"Sentry and Sphere","floor":28,"turns":1},{"damage":6,"enemies":"Centurion and Healer","floor":30,"turns":3},{"damage":0,"enemies":"Snake Plant","floor":31,"turns":1},{"damage":12,"enemies":"Collector","floor":33,"turns":1},{"damage":23,"enemies":"3 Shapes","floor":35,"turns":4},{"damage":17,"enemies":"Mind Bloom Boss Battle","floor":36,"turns":3},{"damage":12,"enemies":"3 Darklings","floor":37,"turns":1},{"damage":6,"enemies":"Giant Head","floor":41,"turns":2},{"damage":10,"enemies":"Maw","floor":42,"turns":3},{"damage":7,"enemies":"Transient","floor":44,"turns":4},{"damage":6,"enemies":"2 Orb Walkers","floor":46,"turns":1},{"damage":12,"enemies":"Time Eater","floor":50,"turns":3}],"seed_played":"8496230861926836207","potions_obtained":[{"floor":1,"key":"SkillPotion"},{"floor":5,"key":"PowerPotion"},{"floor":6,"key":"GamblersBrew"},{"floor":7,"key":"EssenceOfSteel"},{"floor":16,"key":"Weak Potion"},{"floor":19,"key":"SpeedPotion"},{"floor":22,"key":"BloodPotion"},{"floor":30,"key":"Strength Potion"},{"floor":42,"key":"PowerPotion"}],"is_trial":false,"path_per_floor":["M","M","$","M","M","E","M","R","T","$","E","T","R","M","R","B",null,"M","?","?","?","M","R","?","E","T","R","M","$","M","M","R","B",null,"M","?","M","?","$","R","E","M","T","M","R","E","R","T","R","B"],"character_chosen":"IRONCLAD","items_purchased":["Pummel","Thunderclap","Bottled Lightning"],"campfire_rested":0,"item_purchase_floors":[3,3,29],"current_hp_per_floor":[49,53,53,50,45,51,57,57,57,57,45,45,45,37,37,15,60,54,48,41,41,41,41,41,54,54,54,54,54,54,60,60,54,70,70,59,53,53,53,53,53,75,75,75,75,75,75,75,75,75],"gold":249,"neow_bonus":"TWO_FIFTY_GOLD","is_prod":false,"is_daily":false,"chose_seed":false,"campfire_upgraded":5,"win_rate":0,"timestamp":1537695396,"path_taken":["M","M","$","?","M","E","M","R","T","$","E","?","R","M","R","BOSS","M","?","?","?","M","R","?","E","T","R","M","?","?","M","R","BOSS","M","?","?","?","$","R","E","M","T","M","R","E","R","?","R","BOSS"],"build_version":"2018-09-20","purchased_purges":3,"victory":true,"max_hp_per_floor":[75,75,75,75,75,75,75,75,75,75,75,75,75,75,75,75,75,75,75,75,75,75,75,75,75,75,75,75,75,75,75,75,75,75,75,75,75,75,75,75,75,75,75,75,75,75,75,75,75,75],"card_choices":[{"not_picked":["Burning Pact","Flame Barrier"],"picked":"Spot Weakness","floor":1},{"not_picked":["Clash","True Grit"],"picked":"Sword Boomerang","floor":2},{"not_picked":["Spot Weakness","Wild Strike"],"picked":"Second Wind","floor":4},{"not_picked":["Armaments","Headbutt"],"picked":"Flex","floor":5},{"not_picked":["Reckless Charge","Twin Strike","Blood for Blood"],"picked":"SKIP","floor":6},{"not_picked":["Rage","Sword Boomerang","True Grit"],"picked":"SKIP","floor":7},{"not_picked":["Headbutt","Anger"],"picked":"Offering","floor":11},{"not_picked":["Twin Strike","Armaments"],"picked":"Evolve","floor":14},{"not_picked":["Dark Embrace","Fiend Fire"],"picked":"Exhume","floor":16},{"not_picked":["Cleave","Havoc+1","Rage"],"picked":"SKIP","floor":18},{"not_picked":["Headbutt","Pommel Strike+1","Dropkick"],"picked":"SKIP","floor":22},{"not_picked":["Immolate","Pommel Strike+1","Cleave"],"picked":"SKIP","floor":25},{"not_picked":["Body Slam","Combust"],"picked":"Armaments","floor":28},{"not_picked":["Bludgeon","Cleave"],"picked":"Warcry","floor":30},{"not_picked":["Hemokinesis","Perfected Strike+1","Wild Strike+1"],"picked":"SKIP","floor":31},{"not_picked":["Perfected Strike+1","Heavy Blade"],"picked":"Sentinel","floor":35},{"not_picked":["Perfected Strike","Headbutt","Searing Blow"],"picked":"SKIP","floor":37},{"not_picked":["Blind","Purity"],"picked":"Discovery","floor":38},{"not_picked":["Rampage+1","Havoc"],"picked":"Limit Break","floor":41},{"not_picked":["Rampage","Metallicize+1","Wild Strike+1"],"picked":"SKIP","floor":42},{"not_picked":["Heavy Blade","Body Slam","Flex"],"picked":"SKIP","floor":44},{"not_picked":["Immolate","Sword Boomerang"],"picked":"Seeing Red","floor":46}],"player_experience":109584,"relics_obtained":[{"floor":6,"key":"Pocketwatch"},{"floor":9,"key":"Letter Opener"},{"floor":11,"key":"Bag of Preparation"},{"floor":12,"key":"Peace Pipe"},{"floor":19,"key":"Red Mask"},{"floor":25,"key":"Vajra"},{"floor":26,"key":"Mummified Hand"},{"floor":36,"key":"Champion Belt"},{"floor":41,"key":"Self Forming Clay"},{"floor":43,"key":"Paper Frog"},{"floor":46,"key":"Nunchaku"},{"floor":48,"key":"Molten Egg 2"}],"event_choices":[{"event_name":"Masked Bandits","player_choice":"Fought Bandits","floor":19,"damage_taken":0},{"event_name":"Knowing Skull","player_choice":"","floor":20,"damage_taken":0},{"event_name":"Addict","player_choice":"Obtained Relic","floor":21,"damage_taken":0},{"event_name":"The Library","player_choice":"Read","floor":24,"damage_taken":0},{"event_name":"MindBloom","player_choice":"Fight","floor":36,"damage_taken":0},{"event_name":"SensoryStone","player_choice":"Memory 1","floor":38,"damage_taken":0}],"is_beta":false,"boss_relics":[{"not_picked":["Tiny House","Black Blood"],"picked":"Empty Cage"},{"not_picked":["Busted Crown","Pandora\u0027s Box"],"picked":"Cursed Key"}],"items_purged_floors":[3,10,39],"is_endless":false,"potions_floor_spawned":[1,5,6,7,16,19,22,30,33,42,46],"ascension_level":18}