{"gold_per_floor":[210,210,360,360,44,44,44,62,62,62,75,75,75,113,125,226,238,271,283,135,155,170,170,183,183,183,183],"floor_reached":27,"playtime":1319,"items_purged":["Strike_G"],"score":518,"play_id":"b531aadc-c547-44e3-8859-808796ee8f2b","local_time":"20190411092250","is_ascension_mode":true,"campfire_choices":[{"data":"Well Laid Plans","floor":6.0,"key":"SMITH"},{"data":"Noxious Fumes","floor":10.0,"key":"SMITH"},{"data":"Neutralize","floor":12.0,"key":"SMITH"},{"data":"Prepared","floor":15.0,"key":"SMITH"},{"data":"Acrobatics","floor":23.0,"key":"SMITH"},{"data":"Bouncing Flask","floor":25.0,"key":"SMITH"}],"neow_cost":"NONE","seed_source_timestamp":247052550288,"circlet_count":0,"master_deck":["AscendersBane","Defend_G","Defend_G","Defend_G","Defend_G","Defend_G","Strike_G","Survivor","Neutralize+1","Well Laid Plans+1","Noxious Fumes+1","Concentrate","Prepared+1","Wraith Form v2+1","Acrobatics+1","Malaise","Footwork+1","Well Laid Plans+1","Bouncing Flask+1"],"special_seed":0,"relics":["Ring of the Snake","Golden Idol","Bag of Preparation","Tough Bandages","Frozen Egg 2","MawBank","Empty Cage"],"potions_floor_usage":[],"damage_taken":[{"damage":1.0,"enemies":"Small Slimes","floor":1.0,"turns":4.0},{"damage":0.0,"enemies":"2 Louse","floor":8.0,"turns":4.0},{"damage":0.0,"enemies":"Jaw Worm","floor":11.0,"turns":5.0},{"damage":46.0,"enemies":"Gremlin Nob","floor":14.0,"turns":6.0},{"damage":0.0,"enemies":"The Guardian","floor":16.0,"turns":15.0},{"damage":0.0,"enemies":"Shell Parasite","floor":18.0,"turns":10.0},{"damage":0.0,"enemies":"Chosen","floor":21.0,"turns":9.0},{"damage":0.0,"enemies":"Centurion and Healer","floor":22.0,"turns":13.0},{"damage":0.0,"enemies":"Snecko","floor":24.0,"turns":10.0},{"damage":8,"enemies":"Gremlin Leader","floor":27,"turns":2}],"seed_played":"4329207368554298417","potions_obtained":[{"floor":1.0,"key":"Dexterity Potion"},{"floor":14.0,"key":"Weak Potion"}],"is_trial":false,"path_per_floor":["M","?","?","?","$","R","$","M","T","R","M","R","?","E","R","B",null,"M","?","$","M","M","R","M","R","T","E"],"character_chosen":"THE_SILENT","items_purchased":["Tough Bandages","Footwork+1"],"campfire_rested":0,"item_purchase_floors":[5,20],"current_hp_per_floor":[58,58,58,47,47,47,47,47,47,47,47,47,47,1,1,1,45,45,45,45,45,45,45,45,45,45,37],"gold":183,"neow_bonus":"HUNDRED_GOLD","is_prod":false,"is_daily":false,"chose_seed":false,"campfire_upgraded":6,"win_rate":0,"timestamp":1554945770,"path_taken":["M","?","?","?","$","R","?","M","T","R","M","R","?","E","R","BOSS","M","?","$","M","?","R","M","R","T","E"],"build_version":"2019-01-23","purchased_purges":1,"victory":false,"max_hp_per_floor":[66,60,60,60,60,60,60,60,60,60,60,60,60,60,60,60,60,60,60,60,60,60,60,60,60,60,60],"card_choices":[{"not_picked":["Quick Slash","Choke"],"picked":"Well Laid Plans","floor":1.0},{"not_picked":["Outmaneuver","Dagger Spray"],"picked":"Noxious Fumes","floor":8.0},{"not_picked":["Terror","Dagger Spray","Slice"],"picked":"SKIP","floor":11.0},{"not_picked":["Prepared","Accuracy+1","Blade Dance"],"picked":"SKIP","floor":14.0},{"not_picked":["Accuracy+1","Blade Dance"],"picked":"Prepared","floor":14.0},{"not_picked":["Venomology","Adrenaline"],"picked":"Wraith Form v2+1","floor":16.0},{"not_picked":["Underhanded Strike","Infinite Blades+1"],"picked":"Acrobatics","floor":18.0},{"not_picked":["Choke","Terror+1"],"picked":"Well Laid Plans+1","floor":21.0},{"not_picked":["Well Laid Plans+1","Endless Agony","Backstab+1"],"picked":"SKIP","floor":22.0},{"not_picked":["Underhanded Strike","Dodge and Roll"],"picked":"Bouncing Flask","floor":24.0}],"player_experience":4229909,"relics_obtained":[{"floor":9.0,"key":"Frozen Egg 2"},{"floor":14.0,"key":"MawBank"}],"event_choices":[{"damage_healed":0.0,"max_hp_gain":0.0,"max_hp_loss":6.0,"gold_gain":0.0,"event_name":"Golden Idol","player_choice":"Lose Max HP","floor":2.0,"gold_loss":0.0,"damage_taken":0.0,"relics_obtained":["Golden Idol"]},{"damage_healed":0.0,"max_hp_gain":0.0,"max_hp_loss":0.0,"gold_gain":150.0,"event_name":"Liars Game","player_choice":"AGREE","floor":3.0,"gold_loss":0.0,"damage_taken":0.0,"cards_obtained":["Doubt"]},{"damage_healed":0.0,"max_hp_gain":0.0,"max_hp_loss":0.0,"gold_gain":0.0,"event_name":"Scrap Ooze","player_choice":"Success","floor":4.0,"gold_loss":0.0,"damage_taken":11.0,"relics_obtained":["Bag of Preparation"]},{"damage_healed":0.0,"max_hp_gain":0.0,"max_hp_loss":0.0,"gold_gain":0.0,"cards_transformed":["Strike_G"],"event_name":"Living Wall","player_choice":"Change","floor":13.0,"gold_loss":0.0,"damage_taken":0.0,"cards_obtained":["Concentrate"]},{"damage_healed":0.0,"max_hp_gain":0.0,"max_hp_loss":0.0,"gold_gain":0.0,"cards_transformed":["Strike_G"],"event_name":"Transmorgrifier","player_choice":"Transformed","floor":19.0,"gold_loss":0.0,"damage_taken":0.0,"cards_obtained":["Malaise"]}],"is_beta":false,"boss_relics":[{"not_picked":["Cursed Key","Busted Crown"],"picked":"Empty Cage"}],"items_purged_floors":[20],"is_endless":false,"potions_floor_spawned":[1,14,22,24],"killed_by":"Gremlin Leader","ascension_level":20}