{"gold_per_floor":[116,96,106,181,56,56,56,56,82,95,106,22,42,42,42,117,117,136,136,155,66,6,6,6],"floor_reached":24,"playtime":717,"items_purged":["Strike_R"],"score":368,"play_id":"f5e28e8e-5983-4288-bc05-aa09591ff12c","local_time":"20190724074820","is_ascension_mode":true,"campfire_choices":[{"data":"Body Slam","floor":6.0,"key":"SMITH"},{"data":"Flex","floor":8.0,"key":"SMITH"},{"data":"Armaments","floor":15.0,"key":"SMITH"},{"floor":23,"key":"REST"}],"neow_cost":"PERCENT_DAMAGE","seed_source_timestamp":452132934236500,"circlet_count":0,"master_deck":["AscendersBane","Strike_R","Strike_R+1","Defend_R","Defend_R","Defend_R","Defend_R","Bash+1","Flex+1","Body Slam+1","Armaments+1","Feed","Evolve","Second Wind","Impervious","True Grit","Feel No Pain"],"special_seed":0,"relics":["Burning Blood","Gambling Chip","Orichalcum","Empty Cage","Potion Belt"],"potions_floor_usage":[18],"damage_taken":[{"damage":9.0,"enemies":"Jaw Worm","floor":1.0,"turns":5.0},{"damage":1.0,"enemies":"Cultist","floor":3.0,"turns":3.0},{"damage":0.0,"enemies":"2 Louse","floor":10.0,"turns":1.0},{"damage":0.0,"enemies":"Exordium Thugs","floor":11.0,"turns":3.0},{"damage":7.0,"enemies":"Large Slime","floor":13.0,"turns":5.0},{"damage":28.0,"enemies":"Hexaghost","floor":16.0,"turns":9.0},{"damage":40,"enemies":"3 Byrds","floor":18,"turns":9},{"damage":38,"enemies":"Spheric Guardian","floor":20,"turns":18},{"damage":39,"enemies":"Book of Stabbing","floor":24,"turns":7}],"seed_played":"5894944714228657687","potions_obtained":[{"floor":2.0,"key":"GamblersBrew"},{"floor":3.0,"key":"Fire Potion"},{"floor":16.0,"key":"Regen Potion"}],"is_trial":false,"path_per_floor":["M","?","M","?","$","R","?","R","T","M","M","$","M","?","R","B",null,"M","?","M","$","?","R","E"],"character_chosen":"IRONCLAD","items_purchased":["Body Slam","Feed","Feel No Pain"],"campfire_rested":1,"item_purchase_floors":[5,12,21],"current_hp_per_floor":[47,47,52,41,41,41,18,18,18,24,30,30,32,32,32,10,61,45,45,13,13,13,37,0],"gold":6,"neow_bonus":"ONE_RARE_RELIC","is_prod":false,"is_daily":false,"chose_seed":false,"campfire_upgraded":3,"win_rate":0,"timestamp":1563925700,"path_taken":["M","?","?","?","?","R","?","R","T","M","M","$","?","?","R","BOSS","M","?","M","$","?","R","E"],"build_version":"2019-07-17","purchased_purges":1,"victory":false,"max_hp_per_floor":[75,75,75,75,75,75,75,75,75,75,75,75,78,78,78,78,78,81,81,81,81,81,81,81],"card_choices":[{"not_picked":["Anger","Havoc"],"picked":"Flex","floor":1.0},{"not_picked":["Bloodletting","Blood for Blood"],"picked":"Twin Strike","floor":3.0},{"not_picked":["Warcry","Iron Wave","Metallicize"],"picked":"SKIP","floor":10.0},{"not_picked":["Flex","Rampage"],"picked":"Armaments","floor":11.0},{"not_picked":["Flame Barrier","Flex"],"picked":"Evolve","floor":13.0},{"not_picked":["Exhume","Demon Form"],"picked":"Impervious","floor":16.0},{"not_picked":["Hemokinesis","Armaments","Warcry"],"picked":"SKIP","floor":18},{"not_picked":["Disarm+1","Flex","Whirlwind"],"picked":"SKIP","floor":20}],"player_experience":679273,"relics_obtained":[{"floor":9.0,"key":"Orichalcum"}],"event_choices":[{"damage_healed":0.0,"max_hp_gain":0.0,"max_hp_loss":0.0,"gold_gain":0.0,"event_name":"The Woman in Blue","player_choice":"Bought 1 Potion","floor":2.0,"gold_loss":0.0,"damage_taken":0.0},{"damage_healed":0.0,"max_hp_gain":0.0,"max_hp_loss":0.0,"gold_gain":75.0,"event_name":"World of Goop","player_choice":"Gather Gold","floor":4.0,"gold_loss":0.0,"damage_taken":11.0},{"damage_healed":0.0,"max_hp_gain":0.0,"max_hp_loss":0.0,"gold_gain":0.0,"event_name":"Shining Light","player_choice":"Entered Light","floor":7.0,"gold_loss":0.0,"damage_taken":23.0,"cards_upgraded":["Strike_R","Bash"]},{"damage_healed":0.0,"max_hp_gain":0.0,"max_hp_loss":0.0,"gold_gain":0.0,"cards_transformed":["Twin Strike"],"event_name":"Living Wall","player_choice":"Change","floor":14.0,"gold_loss":0.0,"damage_taken":0.0,"cards_obtained":["Second Wind"]},{"damage_healed":0,"gold_gain":0,"player_choice":"Read","damage_taken":0,"max_hp_gain":0,"max_hp_loss":0,"event_name":"The Library","floor":19,"gold_loss":0,"cards_obtained":["True Grit"]},{"damage_healed":0,"gold_gain":0,"player_choice":"Paid Gold","damage_taken":0,"relics_obtained":["Potion Belt"],"max_hp_gain":0,"max_hp_loss":0,"event_name":"WeMeetAgain","floor":22,"gold_loss":60}],"is_beta":false,"boss_relics":[{"not_picked":["Busted Crown","Lizard Tail"],"picked":"Empty Cage"}],"items_purged_floors":[5],"is_endless":false,"potions_floor_spawned":[3,11,16],"killed_by":"Book of Stabbing","ascension_level":20}