{"gold_per_floor":[119,131,150,100,150,150,176,188,234,234,247,263,263,99,99,204,204,214,214,139,139,151,151,0,0,27,27,27,37,65,83,83,180,180,194,242,260,260,70,70,87,87,162,262,262,273,284,0,0,0],"floor_reached":51,"playtime":2535,"items_purged":["Strike_R"],"score":765,"play_id":"c37292bd-f1a3-4deb-9a40-6257da411cf9","local_time":"20190704204943","is_ascension_mode":false,"campfire_choices":[{"data":"Havoc","floor":6.0,"key":"SMITH"},{"data":"Demon Form","floor":13.0,"key":"SMITH"},{"data":"Enlightenment","floor":15.0,"key":"SMITH"},{"data":"Uppercut","floor":23.0,"key":"SMITH"},{"data":"Power Through","floor":27,"key":"SMITH"},{"data":"Feed","floor":32,"key":"SMITH"},{"data":"Evolve","floor":40,"key":"SMITH"},{"data":"Battle Trance","floor":42,"key":"SMITH"},{"data":"Bash","floor":45,"key":"SMITH"},{"data":"Uppercut","floor":49,"key":"SMITH"}],"neow_cost":"NONE","seed_source_timestamp":109065346120196,"circlet_count":0,"master_deck":["Defend_R","Defend_R","Defend_R","Bash+1","Demon Form+1","Havoc+1","Evolve+1","Uppercut+1","Feed+1","Power Through+1","Exhume","Enlightenment+1","Barricade","Battle Trance+1","Demon Form+1","Shrug It Off+1","Clothesline+1","Heavy Blade+1","Reaper","Flame Barrier+1","Madness","Madness","Whirlwind+1","Uppercut+1"],"special_seed":0,"relics":["Burning Blood","Whetstone","Bird Faced Urn","Dream Catcher","Snecko Eye","Juzu Bracelet","Ice Cream","Mark of Pain","FossilizedHelix","ClockworkSouvenir","Shuriken","Red Mask"],"potions_floor_usage":[50],"damage_taken":[{"damage":6.0,"enemies":"Cultist","floor":1.0,"turns":4.0},{"damage":6.0,"enemies":"Jaw Worm","floor":2.0,"turns":4.0},{"damage":8.0,"enemies":"Small Slimes","floor":3.0,"turns":4.0},{"damage":16.0,"enemies":"Lagavulin","floor":7.0,"turns":6.0},{"damage":6.0,"enemies":"2 Fungi Beasts","floor":8.0,"turns":4.0},{"damage":11.0,"enemies":"Blue Slaver","floor":11.0,"turns":6.0},{"damage":20.0,"enemies":"Gremlin Gang","floor":12.0,"turns":5.0},{"damage":30.0,"enemies":"The Guardian","floor":16.0,"turns":9.0},{"damage":12.0,"enemies":"2 Thieves","floor":18.0,"turns":5.0},{"damage":36.0,"enemies":"3 Byrds","floor":22.0,"turns":9.0},{"damage":1,"enemies":"Cultist and Chosen","floor":29,"turns":5},{"damage":21,"enemies":"Book of Stabbing","floor":30,"turns":5},{"damage":22,"enemies":"Snake Plant","floor":31,"turns":5},{"damage":20,"enemies":"Champ","floor":33,"turns":6},{"damage":11,"enemies":"3 Shapes","floor":35,"turns":6},{"damage":38,"enemies":"2 Orb Walkers","floor":36,"turns":4},{"damage":0,"enemies":"Orb Walker","floor":37,"turns":4},{"damage":39,"enemies":"Sphere and 2 Shapes","floor":41,"turns":5},{"damage":0,"enemies":"3 Darklings","floor":46,"turns":4},{"damage":0,"enemies":"Maw","floor":47,"turns":5},{"damage":15,"enemies":"Time Eater","floor":50,"turns":7}],"seed_played":"2113597588501552925","potions_obtained":[{"floor":2.0,"key":"SpeedPotion"},{"floor":3.0,"key":"LiquidBronze"},{"floor":7.0,"key":"Energy Potion"},{"floor":11.0,"key":"Swift Potion"},{"floor":18.0,"key":"Energy Potion"},{"floor":29,"key":"AttackPotion"}],"is_trial":false,"path_per_floor":["M","M","M","?","T","R","E","M","T","?","M","M","R","$","R","B",null,"M","?","?","?","M","R","?","?","T","R","?","M","E","M","R","B",null,"M","?","M","?","$","R","M","R","T","?","R","M","M","?","R","B",null],"character_chosen":"IRONCLAD","items_purchased":["Enlightenment","ClockworkSouvenir"],"campfire_rested":0,"item_purchase_floors":[14,39],"current_hp_per_floor":[80,80,78,78,78,78,68,73,73,73,75,64,64,64,64,47,92,91,91,91,91,69,69,69,69,69,69,69,85,81,76,76,74,108,112,110,120,105,105,105,84,84,84,84,84,109,132,132,132,132],"gold":0,"neow_bonus":"ONE_RANDOM_RARE_CARD","is_prod":false,"is_daily":false,"chose_seed":false,"campfire_upgraded":10,"win_rate":0,"timestamp":1562244583,"path_taken":["M","?","M","?","?","R","E","M","T","?","M","M","R","$","R","BOSS","M","?","?","?","?","R","?","?","T","R","?","M","E","M","R","BOSS","M","?","M","?","?","R","M","R","T","?","R","M","M","?","R","BOSS"],"build_version":"2019-07-01","purchased_purges":1,"victory":true,"max_hp_per_floor":[80,80,80,80,80,80,80,83,83,83,86,89,89,89,89,92,92,95,95,95,95,95,95,95,95,95,95,95,98,101,104,104,108,108,112,116,120,120,120,120,124,124,124,124,124,128,132,132,132,132],"card_choices":[{"not_picked":["Inflame","Carnage"],"picked":"Havoc","floor":1.0},{"not_picked":["Thunderclap","Clash"],"picked":"Evolve","floor":2.0},{"not_picked":["Thunderclap","Twin Strike"],"picked":"Uppercut","floor":3.0},{"not_picked":["Reckless Charge","Whirlwind"],"picked":"Feed","floor":7.0},{"not_picked":["Anger","Evolve"],"picked":"Power Through","floor":8.0},{"not_picked":["Headbutt","Body Slam","Warcry"],"picked":"SKIP","floor":11.0},{"not_picked":["Headbutt","Hemokinesis","Twin Strike"],"picked":"SKIP","floor":12.0},{"not_picked":["Brutality","Offering"],"picked":"Barricade","floor":16.0},{"not_picked":["Body Slam","Thunderclap","Havoc"],"picked":"SKIP","floor":18.0},{"not_picked":["Disarm","Clash"],"picked":"Shrug It Off+1","floor":22.0},{"not_picked":["Shrug It Off","True Grit"],"picked":"Clothesline+1","floor":29},{"not_picked":["Cleave","Clothesline"],"picked":"Heavy Blade+1","floor":30},{"not_picked":["Havoc","Bloodletting","Anger"],"picked":"SKIP","floor":31},{"not_picked":["Barricade","Fiend Fire"],"picked":"Reaper","floor":33},{"not_picked":["Anger+1","Clothesline+1"],"picked":"Flame Barrier+1","floor":35},{"not_picked":["Infernal Blade+1","Seeing Red","Clothesline+1"],"picked":"SKIP","floor":37},{"not_picked":["Clothesline","Iron Wave","Metallicize+1"],"picked":"SKIP","floor":41},{"not_picked":["Thunderclap+1","Rage+1"],"picked":"Whirlwind+1","floor":46},{"not_picked":["Anger+1","Clash"],"picked":"Uppercut","floor":47}],"player_experience":5679625,"relics_obtained":[{"floor":5.0,"key":"Whetstone"},{"floor":7.0,"key":"Bird Faced Urn"},{"floor":9.0,"key":"Dream Catcher"},{"floor":26,"key":"Juzu Bracelet"},{"floor":30,"key":"Ice Cream"},{"floor":36,"key":"FossilizedHelix"},{"floor":43,"key":"Shuriken"}],"event_choices":[{"cards_removed":["Strike_R"],"damage_healed":0.0,"max_hp_gain":0.0,"max_hp_loss":0.0,"gold_gain":0.0,"event_name":"The Cleric","player_choice":"Card Removal","floor":4.0,"gold_loss":50.0,"damage_taken":0.0},{"damage_healed":0.0,"max_hp_gain":0.0,"max_hp_loss":0.0,"gold_gain":0.0,"cards_transformed":["Strike_R"],"event_name":"Living Wall","player_choice":"Change","floor":10.0,"gold_loss":0.0,"damage_taken":0.0,"cards_obtained":["Exhume"]},{"damage_healed":0.0,"max_hp_gain":0.0,"max_hp_loss":0.0,"gold_gain":0.0,"cards_transformed":["Strike_R","Strike_R"],"event_name":"Drug Dealer","player_choice":"Became Test Subject","floor":19.0,"gold_loss":0.0,"damage_taken":0.0,"cards_obtained":["Searing Blow","Battle Trance"]},{"cards_removed":["Searing Blow"],"damage_healed":0.0,"max_hp_gain":0.0,"max_hp_loss":0.0,"gold_gain":0.0,"event_name":"Beggar","player_choice":"Gave Gold","floor":20.0,"gold_loss":75.0,"damage_taken":0.0},{"damage_healed":0.0,"max_hp_gain":0.0,"max_hp_loss":0.0,"gold_gain":0.0,"event_name":"Duplicator","player_choice":"Copied","floor":21.0,"gold_loss":0.0,"damage_taken":0.0,"cards_obtained":["Demon Form"]},{"damage_healed":0,"gold_gain":0,"player_choice":"Paid Fearfully","damage_taken":0,"max_hp_gain":0,"max_hp_loss":0,"event_name":"Masked Bandits","floor":24,"gold_loss":151},{"cards_removed":["Defend_R"],"damage_healed":0,"gold_gain":0,"player_choice":"Purged","damage_taken":0,"max_hp_gain":0,"max_hp_loss":0,"event_name":"Purifier","floor":25,"gold_loss":0},{"damage_healed":0,"gold_gain":0,"player_choice":"Ignored","damage_taken":0,"max_hp_gain":0,"max_hp_loss":0,"event_name":"Vampires","floor":28,"gold_loss":0},{"damage_healed":0,"gold_gain":0,"player_choice":"Fight","damage_taken":0,"max_hp_gain":0,"max_hp_loss":0,"event_name":"Mysterious Sphere","floor":36,"gold_loss":0},{"damage_healed":0,"gold_gain":0,"player_choice":"Embrace Madness","damage_taken":15,"max_hp_gain":0,"max_hp_loss":0,"event_name":"Winding Halls","floor":38,"gold_loss":0,"cards_obtained":["Madness","Madness"]},{"damage_healed":0,"gold_gain":100,"player_choice":"Pray","damage_taken":0,"max_hp_gain":0,"max_hp_loss":0,"event_name":"Golden Shrine","floor":44,"gold_loss":0},{"damage_healed":0,"gold_gain":0,"player_choice":"Paid","damage_taken":0,"relics_obtained":["Red Mask"],"max_hp_gain":0,"max_hp_loss":0,"event_name":"Tomb of Lord Red Mask","floor":48,"gold_loss":284}],"is_beta":false,"boss_relics":[{"not_picked":["Cursed Key","Busted Crown"],"picked":"Snecko Eye"},{"not_picked":["Orrery","White Beast Statue"],"picked":"Mark of Pain"}],"items_purged_floors":[14],"is_endless":false,"potions_floor_spawned":[2,3,7,11,18,29,36,41,46],"ascension_level":0}