{"gold_per_floor":[109,123,53,53,66,85,85,98,167,167,179,179,179,195,195,272,272,285,43,43,63,76,76,76],"floor_reached":24,"playtime":681,"items_purged":[],"score":314,"play_id":"e36da8c1-6df2-4ab9-bc85-74c2761aad31","local_time":"20181012120926","is_ascension_mode":true,"campfire_choices":[{"data":"Capacitor","floor":7,"key":"SMITH"},{"data":"Sunder","floor":10,"key":"SMITH"},{"data":"Zap","floor":12,"key":"SMITH"},{"data":"Gash","floor":15,"key":"SMITH"},{"floor":23,"key":"REST"}],"neow_cost":"TEN_PERCENT_HP_LOSS","seed_source_timestamp":6618712496302,"circlet_count":0,"master_deck":["Zap+1","Dualcast+1","AscendersBane","Sunder+1","Ball Lightning","Capacitor+1","Chill","Gash","Turbo","Leap","Gash+1","Hyperbeam","Lockon","Recycle","Hello World","Redo","Loop","Storm","Compile Driver","Sweeping Beam","Defragment","Electrodynamics","Flash of Steel","Gash"],"relics":["Cracked Core","Dead Branch","Matryoshka","Pandora\u0027s Box","Membership Card"],"potions_floor_usage":[6,16],"damage_taken":[{"damage":7,"enemies":"Small Slimes","floor":1,"turns":3},{"damage":5,"enemies":"Cultist","floor":2,"turns":4},{"damage":0,"enemies":"2 Louse","floor":5,"turns":2},{"damage":7,"enemies":"Large Slime","floor":6,"turns":4},{"damage":4,"enemies":"Exordium Thugs","floor":8,"turns":3},{"damage":2,"enemies":"Blue Slaver","floor":11,"turns":3},{"damage":7,"enemies":"Red Slaver","floor":14,"turns":4},{"damage":16,"enemies":"Hexaghost","floor":16,"turns":8},{"damage":2,"enemies":"Spheric Guardian","floor":18,"turns":3},{"damage":29,"enemies":"3 Byrds","floor":21,"turns":5},{"damage":14,"enemies":"Centurion and Healer","floor":22,"turns":4},{"damage":38,"enemies":"Snake Plant","floor":24,"turns":3}],"seed_played":"-4306033284648238678","potions_obtained":[{"floor":1,"key":"FocusPotion"},{"floor":2,"key":"Energy Potion"},{"floor":8,"key":"Energy Potion"},{"floor":21,"key":"SpeedPotion"}],"is_trial":false,"path_per_floor":["M","M","$","?","M","M","R","M","T","R","M","R","?","M","R","B",null,"M","$","?","M","M","R"],"character_chosen":"DEFECT","items_purchased":["Capacitor","Membership Card","Defragment"],"campfire_rested":1,"item_purchase_floors":[3,19,19],"current_hp_per_floor":[61,56,56,56,56,49,49,45,45,45,43,43,43,36,36,20,56,54,54,54,25,11,31,0],"gold":76,"neow_bonus":"ONE_RARE_RELIC","is_prod":false,"is_daily":false,"chose_seed":false,"campfire_upgraded":4,"win_rate":0,"timestamp":1539317366,"path_taken":["M","M","$","?","M","M","R","M","T","R","M","R","?","M","R","BOSS","M","$","?","M","M","R","M"],"build_version":"2018-10-11","purchased_purges":0,"victory":false,"max_hp_per_floor":[68,68,68,68,68,68,68,68,68,68,68,68,68,68,68,68,68,68,68,68,68,68,68,68],"card_choices":[{"not_picked":["Storm","Fusion"],"picked":"Sunder","floor":1},{"not_picked":["Gash","Leap"],"picked":"Ball Lightning","floor":2},{"not_picked":["Leap","Doom and Gloom"],"picked":"Chill","floor":5},{"not_picked":["FTL","Stack"],"picked":"Gash","floor":6},{"not_picked":["Go for the Eyes","Conserve Battery"],"picked":"Turbo","floor":8},{"not_picked":["Go for the Eyes","Steam"],"picked":"Leap","floor":11},{"not_picked":["Go for the Eyes","Leap"],"picked":"Gash","floor":14},{"not_picked":["Rainbow","Multi-Cast"],"picked":"Hyperbeam","floor":16},{"not_picked":["Compile Driver+1","Darkness","Lockon"],"picked":"SKIP","floor":18},{"not_picked":["Compile Driver+1","Darkness","Lockon"],"picked":"SKIP","floor":18},{"not_picked":["Cold Snap","Turbo"],"picked":"Gash","floor":21},{"not_picked":["Fusion","Steam","Heatsinks+1"],"picked":"SKIP","floor":22}],"player_experience":122426,"relics_obtained":[{"floor":9,"key":"Matryoshka"}],"event_choices":[{"event_name":"FaceTrader","player_choice":"Leave","floor":4,"damage_taken":0},{"event_name":"Upgrade Shrine","player_choice":"Upgraded","floor":13,"damage_taken":0},{"event_name":"Match and Keep!","player_choice":"2 cards matched","floor":20,"damage_taken":0}],"is_beta":false,"boss_relics":[{"not_picked":["FrozenCore","Tiny House"],"picked":"Pandora\u0027s Box"}],"items_purged_floors":[],"is_endless":false,"potions_floor_spawned":[1,2,8,21,22],"killed_by":"Snake Plant","ascension_level":13}