{"gold_per_floor":[113,113,128,128,128,156,156,81,163,191,11,23,23,50,50,129,129,116,133,133,33,49,49,68,68,68,68,94,94,19,51,51,130,130,150,150,60,60,74,74,104,104,104,122,122,154,154,154,154,154],"floor_reached":51,"playtime":1769,"items_purged":["Strike_B","Strike_B"],"score":1511,"play_id":"294a006f-ca18-4e86-be5f-dc6b4a770921","local_time":"20181010221414","is_ascension_mode":true,"campfire_choices":[{"data":"Zap","floor":13.0,"key":"SMITH"},{"data":"Go for the Eyes","floor":15.0,"key":"SMITH"},{"floor":23.0,"key":"REST"},{"floor":27.0,"key":"REST"},{"data":"Defend_B","floor":29.0,"key":"PURGE"},{"floor":32.0,"key":"REST"},{"data":"Strike_B","floor":40.0,"key":"PURGE"},{"data":"Dualcast","floor":42.0,"key":"PURGE"},{"data":"Steam","floor":47.0,"key":"PURGE"},{"data":"Streamline","floor":49.0,"key":"PURGE"}],"neow_cost":"NONE","seed_source_timestamp":720170790485187,"circlet_count":0,"master_deck":["Defend_B+1","Defend_B+1","Zap+1","AscendersBane","Gash","Turbo","Conserve Battery","All For One","Go for the Eyes+1","Echo Form","Seek","Beam Cell","Steam","Beam Cell","Skim","Buffer","FTL","Buffer+1","Gash","Defragment+1","Gash+1","Flash of Steel"],"special_seed":0,"relics":["Cracked Core","NeowsBlessing","WarpedTongs","Mango","Meat on the Bone","Dodecahedron","Vajra","Pear","Fusion Hammer","Unceasing Top","Peace Pipe","Juzu Bracelet","Coffee Dripper","Ginger","Singing Bowl","Anchor","FossilizedHelix","Blue Candle"],"potions_floor_usage":[50],"damage_taken":[{"damage":0.0,"enemies":"Jaw Worm","floor":1.0,"turns":1.0},{"damage":1.0,"enemies":"Cultist","floor":3.0,"turns":1.0},{"damage":0.0,"enemies":"Lagavulin","floor":6.0,"turns":1.0},{"damage":39.0,"enemies":"3 Sentries","floor":10.0,"turns":9.0},{"damage":2.0,"enemies":"Small Slimes","floor":12.0,"turns":3.0},{"damage":7.0,"enemies":"Gremlin Nob","floor":14.0,"turns":4.0},{"damage":29.0,"enemies":"The Guardian","floor":16.0,"turns":9.0},{"damage":22.0,"enemies":"2 Thieves","floor":18.0,"turns":4.0},{"damage":21.0,"enemies":"3 Byrds","floor":19.0,"turns":5.0},{"damage":25.0,"enemies":"Centurion and Healer","floor":22.0,"turns":6.0},{"damage":16.0,"enemies":"Snake Plant","floor":24.0,"turns":5.0},{"damage":12.0,"enemies":"Gremlin Leader","floor":28.0,"turns":6.0},{"damage":30.0,"enemies":"Slavers","floor":31.0,"turns":6.0},{"damage":24.0,"enemies":"Champ","floor":33.0,"turns":8.0},{"damage":18.0,"enemies":"Orb Walker","floor":35.0,"turns":3.0},{"damage":0.0,"enemies":"Mind Bloom Boss Battle","floor":36.0,"turns":5.0},{"damage":0.0,"enemies":"3 Shapes","floor":39.0,"turns":4.0},{"damage":37.0,"enemies":"2 Orb Walkers","floor":41.0,"turns":5.0},{"damage":0.0,"enemies":"Spire Growth","floor":44.0,"turns":4.0},{"damage":0.0,"enemies":"Nemesis","floor":46.0,"turns":5.0},{"damage":0,"enemies":"Time Eater","floor":50,"turns":7}],"seed_played":"-4097913900636307089","potions_obtained":[{"floor":3.0,"key":"Regen Potion"},{"floor":19.0,"key":"EssenceOfSteel"},{"floor":28.0,"key":"FearPotion"},{"floor":35.0,"key":"Energy Potion"}],"is_trial":false,"path_per_floor":["M","?","M","?","?","E","T","$","T","E","$","M","R","E","R","B",null,"M","M","?","$","M","R","M","?","T","R","E","R","$","E","R","B",null,"M","?","?","T","M","R","E","R","T","M","?","E","R","?","R","B"],"character_chosen":"DEFECT","items_purchased":["All For One","Go for the Eyes","FTL"],"campfire_rested":3,"item_purchase_floors":[11,11,30],"current_hp_per_floor":[64,64,63,49,42,56,56,56,56,44,44,54,54,57,57,40,81,59,50,31,31,18,48,44,44,44,74,62,62,62,44,74,62,91,73,73,73,73,75,75,50,50,50,62,64,66,66,66,66,66],"gold":154,"neow_bonus":"THREE_ENEMY_KILL","is_prod":false,"is_daily":false,"chose_seed":false,"campfire_upgraded":2,"win_rate":0,"timestamp":1539180854,"path_taken":["M","?","?","?","?","E","?","$","T","E","$","M","R","E","R","BOSS","M","M","?","?","?","R","M","?","T","R","E","R","$","E","R","BOSS","M","?","?","?","M","R","E","R","T","M","?","E","R","?","R","BOSS"],"build_version":"2018-10-04v2","purchased_purges":2,"victory":true,"max_hp_per_floor":[71,71,71,71,71,85,85,85,85,85,85,85,85,95,95,95,95,95,95,100,100,100,100,100,100,100,100,100,100,100,100,100,100,100,100,100,100,100,102,102,102,102,102,102,104,106,106,106,106,106],"card_choices":[{"not_picked":["Redo","Streamline"],"picked":"Gash","floor":1.0},{"not_picked":["Steam Power","Streamline","Rip and Tear"],"picked":"SKIP","floor":3.0},{"not_picked":["Steam","Cold Snap"],"picked":"Turbo","floor":6.0},{"not_picked":["Leap","Compile Driver"],"picked":"Conserve Battery","floor":10.0},{"not_picked":["Rebound","Leap","Redo"],"picked":"SKIP","floor":12.0},{"not_picked":["Auto Shields","Go for the Eyes"],"picked":"Echo Form","floor":14.0},{"not_picked":["Electrodynamics","Core Surge"],"picked":"Seek","floor":16.0},{"not_picked":["Defragment","Ball Lightning"],"picked":"Beam Cell","floor":18.0},{"not_picked":["Recycle","Sunder"],"picked":"Steam","floor":19.0},{"not_picked":["Hello World","Beam Cell"],"picked":"Steam","floor":22.0},{"not_picked":["Coolheaded","Barrage+1"],"picked":"Beam Cell","floor":24.0},{"not_picked":["Leap","Conserve Battery"],"picked":"Buffer","floor":28.0},{"not_picked":["Sweeping Beam","Tempest"],"picked":"Streamline","floor":31.0},{"not_picked":["Electrodynamics","Multi-Cast"],"picked":"Buffer","floor":33.0},{"not_picked":["Stack+1","Sweeping Beam"],"picked":"Gash","floor":35.0},{"not_picked":["Hyperbeam","Streamline","Turbo"],"picked":"Singing Bowl","floor":39.0},{"not_picked":["Static Discharge","Glacier+1"],"picked":"Defragment+1","floor":41.0},{"not_picked":["Go for the Eyes","Streamline"],"picked":"Gash+1","floor":44.0},{"not_picked":["Bandage Up","Swift Strike","Trip"],"picked":"Singing Bowl","floor":45.0},{"not_picked":["Hologram","Reinforced Body","Glacier"],"picked":"Singing Bowl","floor":46.0}],"player_experience":272259,"relics_obtained":[{"floor":6.0,"key":"Mango"},{"floor":7.0,"key":"Meat on the Bone"},{"floor":9.0,"key":"Dodecahedron"},{"floor":10.0,"key":"Vajra"},{"floor":14.0,"key":"Pear"},{"floor":26.0,"key":"Unceasing Top"},{"floor":28.0,"key":"Peace Pipe"},{"floor":31.0,"key":"Juzu Bracelet"},{"floor":36.0,"key":"Ginger"},{"floor":38.0,"key":"Singing Bowl"},{"floor":41.0,"key":"Anchor"},{"floor":43.0,"key":"FossilizedHelix"},{"floor":46.0,"key":"Blue Candle"}],"event_choices":[{"event_name":"Accursed Blacksmith","player_choice":"Rummage","floor":2.0,"damage_taken":0.0},{"event_name":"Shining Light","player_choice":"Entered Light","floor":4.0,"damage_taken":0.0},{"event_name":"Golden Wing","player_choice":"Card Removal","floor":5.0,"damage_taken":0.0},{"event_name":"Forgotten Altar","player_choice":"Shed Blood","floor":20.0,"damage_taken":0.0},{"event_name":"Transmorgrifier","player_choice":"Transform","floor":25.0,"damage_taken":0.0},{"event_name":"MindBloom","player_choice":"Fight","floor":36.0,"damage_taken":0.0},{"event_name":"Designer","player_choice":"Full Service","floor":37.0,"damage_taken":0.0},{"event_name":"SensoryStone","player_choice":"Memory 1","floor":45.0,"damage_taken":0.0},{"event_name":"Match and Keep!","player_choice":"1 cards matched","floor":48.0,"damage_taken":0.0}],"is_beta":false,"boss_relics":[{"not_picked":["Orrery","White Beast Statue"],"picked":"Fusion Hammer"},{"not_picked":["Runic Dome","FrozenCore"],"picked":"Coffee Dripper"}],"items_purged_floors":[8,21],"is_endless":false,"potions_floor_spawned":[3,19,28,35,44],"ascension_level":14}