{"gold_per_floor":[110,128,128,19,33,73,88,88],"floor_reached":8,"playtime":490,"items_purged":["Strike_G"],"score":93,"play_id":"c5a8f755-c7e6-489d-8b59-60a3b2d917fb","local_time":"20181022183133","is_ascension_mode":true,"campfire_choices":[],"neow_cost":"PERCENT_DAMAGE","seed_source_timestamp":206866994881543,"circlet_count":0,"master_deck":["Defend_G","Defend_G","Defend_G","Defend_G","Defend_G","Strike_G","Strike_G","Survivor","Neutralize","AscendersBane","Calculated Gamble","Riddle With Holes","Underhanded Strike","Escape Plan","Terror","Acrobatics","Dagger Throw"],"special_seed":0,"relics":["Ring of the Snake","BlackFramedGlasses","Golden Idol","Art of War"],"potions_floor_usage":[5,8,8],"damage_taken":[{"damage":1.0,"enemies":"2 Louse","floor":1.0,"turns":2.0},{"damage":0.0,"enemies":"Small Slimes","floor":2.0,"turns":3.0},{"damage":0,"enemies":"Jaw Worm","floor":5,"turns":4},{"damage":39,"enemies":"Lagavulin","floor":6,"turns":8},{"damage":9,"enemies":"Gremlin Gang","floor":7,"turns":7},{"damage":31,"enemies":"3 Sentries","floor":8,"turns":6}],"seed_played":"-2767558050079564277","potions_obtained":[{"floor":2,"key":"SpacePotion"},{"floor":6,"key":"Weak Potion"},{"floor":7,"key":"SpacePotion"}],"is_trial":false,"path_per_floor":["M","M","?","$","M","E","M"],"character_chosen":"THE_SILENT","items_purchased":["Terror"],"campfire_rested":0,"item_purchase_floors":[4],"current_hp_per_floor":[46,49,49,49,53,22,20,0],"gold":88,"neow_bonus":"TRANSFORM_TWO_CARDS","is_prod":false,"is_daily":false,"chose_seed":false,"campfire_upgraded":0,"win_rate":0,"timestamp":1540204293,"path_taken":["M","M","?","$","M","E","?","E"],"build_version":"2018-10-18","purchased_purges":1,"victory":false,"max_hp_per_floor":[70,70,65,65,65,65,65,65],"card_choices":[{"not_picked":["Prepared","Bane"],"picked":"Underhanded Strike","floor":1.0},{"not_picked":["Dagger Spray","Blur"],"picked":"Escape Plan","floor":2},{"not_picked":["Blade Dance","PiercingWail"],"picked":"Acrobatics","floor":5},{"not_picked":["Bane","Blade Dance","Riddle With Holes"],"picked":"SKIP","floor":6},{"not_picked":["Bane","Prepared"],"picked":"Dagger Throw","floor":7}],"player_experience":363816,"relics_obtained":[{"floor":6,"key":"Art of War"}],"event_choices":[{"damage_healed":0,"gold_gain":0,"player_choice":"Lose Max HP","damage_taken":0,"relics_obtained":["Golden Idol"],"max_hp_gain":0,"max_hp_loss":5,"event_name":"Golden Idol","floor":3,"gold_loss":0}],"is_beta":false,"boss_relics":[],"items_purged_floors":[4],"is_endless":false,"potions_floor_spawned":[2,6,7],"killed_by":"3 Sentries","ascension_level":12}