{"gold_per_floor":[110,110,8,8,8,42,42,71,97,110,110,110,124,139,139,213,213,223,57,57,0,0,0,16,16,16,16,16,46,59,59,59,132,132,152,169,0,50,70,70,99,99,178,204,214,245,263,296,296,296,296,296,296,82,108,108],"floor_reached":57,"playtime":2772,"items_purged":["Strike_B","Aggregate"],"score":2963,"play_id":"645e6e0b-fbcb-4621-84b9-9463b70f2d2a","local_time":"20190117233802","is_ascension_mode":true,"campfire_choices":[{"data":"Impatience","floor":7.0,"key":"SMITH"},{"data":"Zap","floor":11.0,"key":"SMITH"},{"data":"Dualcast","floor":15.0,"key":"SMITH"},{"data":"Deep Breath","floor":23.0,"key":"SMITH"},{"data":"Recycle","floor":25.0,"key":"SMITH"},{"floor":27.0,"key":"RECALL"},{"data":"Glacier","floor":32,"key":"SMITH"},{"floor":40,"key":"REST"},{"data":"Reinforced Body","floor":42,"key":"SMITH"},{"data":"Coolheaded","floor":49,"key":"SMITH"},{"data":"Chill","floor":53,"key":"SMITH"}],"neow_cost":"NONE","seed_source_timestamp":37781009500252,"circlet_count":0,"master_deck":["AscendersBane","Zap+1","Dualcast+1","Chill+1","Impatience+1","Echo Form+1","Creative AI+1","Glacier+1","Echo Form+1","Storm+1","Deep Breath+1","Recycle+1","Self Repair+1","Creative AI+1","Loop+1","Coolheaded+1","Reinforced Body+1","Loop+1","Coolheaded+1","Buffer+1"],"special_seed":0,"relics":["Cracked Core","NeowsBlessing","Frozen Egg 2","Gremlin Horn","Regal Pillow","Bag of Marbles","Nuclear Battery","Mummified Hand","Dodecahedron","Empty Cage","Red Mask","Ice Cream","The Courier","Calipers","Pear","Oddly Smooth Stone","Bottled Lightning"],"potions_floor_usage":[56,56],"damage_taken":[{"damage":0.0,"enemies":"Jaw Worm","floor":1.0,"turns":1.0},{"damage":0.0,"enemies":"Gremlin Nob","floor":6.0,"turns":1.0},{"damage":0.0,"enemies":"Lagavulin","floor":8.0,"turns":1.0},{"damage":0.0,"enemies":"Small Slimes","floor":10.0,"turns":3.0},{"damage":0.0,"enemies":"2 Louse","floor":13.0,"turns":3.0},{"damage":0.0,"enemies":"Exordium Thugs","floor":14.0,"turns":7.0},{"damage":41.0,"enemies":"Slime Boss","floor":16.0,"turns":9.0},{"damage":11.0,"enemies":"2 Thieves","floor":18.0,"turns":4.0},{"damage":0.0,"enemies":"Chosen","floor":24.0,"turns":3.0},{"damage":26,"enemies":"Gremlin Leader","floor":29,"turns":3},{"damage":11,"enemies":"Shelled Parasite and Fungi","floor":30,"turns":4},{"damage":4,"enemies":"Champ","floor":33,"turns":5},{"damage":11,"enemies":"Orb Walker","floor":35,"turns":3},{"damage":16,"enemies":"3 Shapes","floor":36,"turns":4},{"damage":42,"enemies":"3 Darklings","floor":39,"turns":3},{"damage":9,"enemies":"Giant Head","floor":41,"turns":4},{"damage":0,"enemies":"Nemesis","floor":44,"turns":5},{"damage":0,"enemies":"Writhing Mass","floor":45,"turns":3},{"damage":47,"enemies":"Reptomancer","floor":46,"turns":4},{"damage":0,"enemies":"Spire Growth","floor":47,"turns":5},{"damage":0,"enemies":"Giant Head","floor":48,"turns":6},{"damage":11,"enemies":"Awakened One","floor":50,"turns":6},{"damage":38,"enemies":"Time Eater","floor":51,"turns":7},{"damage":38,"enemies":"Shield and Spear","floor":55,"turns":5},{"damage":36,"enemies":"The Heart","floor":56,"turns":9}],"seed_played":"8509349266035282154","potions_obtained":[{"floor":6.0,"key":"Weak Potion"},{"floor":14.0,"key":"LiquidBronze"},{"floor":18.0,"key":"Strength Potion"},{"floor":55,"key":"Regen Potion"}],"is_trial":false,"path_per_floor":["M","?","$","?","$","E","R","E","T","M","R","?","M","M","R","B",null,"M","$","?","?","?","R","M","R","T","R","?","E","M","$","R","B",null,"M","M","?","?","M","R","E","R","T","E","M","E","M","E","R","B","B",null,"R","$","E","B",null],"character_chosen":"DEFECT","items_purchased":["Impatience","Deep Breath","Oddly Smooth Stone"],"campfire_rested":1,"item_purchase_floors":[3,19,54],"current_hp_per_floor":[64,57,57,46,46,46,46,46,46,46,46,46,46,46,46,5,55,44,44,44,44,44,44,44,44,44,44,44,28,37,37,37,43,64,71,55,55,55,23,59,70,70,70,71,71,44,54,81,81,70,52,74,74,74,46,25],"gold":108,"neow_bonus":"THREE_ENEMY_KILL","is_prod":false,"is_daily":false,"chose_seed":false,"campfire_upgraded":9,"win_rate":0,"timestamp":1547739482,"path_taken":["M","?","$","?","$","E","R","E","T","M","R","?","M","M","R","BOSS","M","$","?","?","?","R","M","R","T","R","?","E","M","$","R","BOSS","M","M","?","?","M","R","E","R","T","E","M","E","M","E","R","BOSS","BOSS","R","$","E","BOSS"],"build_version":"2019-01-10","purchased_purges":2,"victory":true,"max_hp_per_floor":[71,71,71,71,71,71,71,71,71,71,71,71,71,71,71,71,71,71,71,71,71,71,71,71,71,71,71,71,71,71,71,71,71,71,71,71,71,71,71,71,71,71,71,71,71,71,71,81,81,81,81,81,81,81,81,81],"card_choices":[{"not_picked":["Sweeping Beam","Turbo"],"picked":"Chill","floor":1.0},{"not_picked":["Stack","Cold Snap","Compile Driver"],"picked":"SKIP","floor":6.0},{"not_picked":["Capacitor+1","Beam Cell"],"picked":"Echo Form+1","floor":8.0},{"not_picked":["Force Field","Rebound","Auto Shields"],"picked":"SKIP","floor":10.0},{"not_picked":["Steam Power","Conserve Battery"],"picked":"Glacier","floor":13.0},{"not_picked":["Rebound","Hologram","Leap"],"picked":"SKIP","floor":14.0},{"not_picked":["Electrodynamics+1","Machine Learning+1"],"picked":"Echo Form+1","floor":16.0},{"not_picked":["Darkness","Cold Snap"],"picked":"Storm+1","floor":18.0},{"not_picked":["Glacier","Streamline"],"picked":"Self Repair+1","floor":24.0},{"not_picked":["Ball Lightning","Double Energy+1","Steam Power"],"picked":"SKIP","floor":29},{"not_picked":["Undo+1","Conserve Battery","Barrage"],"picked":"SKIP","floor":30},{"not_picked":["All For One","Thunder Strike"],"picked":"Creative AI+1","floor":33},{"not_picked":["Stack","Go for the Eyes","Loop+1"],"picked":"SKIP","floor":35},{"not_picked":["Stack","Go for the Eyes"],"picked":"Loop+1","floor":35},{"not_picked":["Turbo","Melter","Tempest"],"picked":"SKIP","floor":36},{"not_picked":["Ball Lightning","Darkness"],"picked":"Coolheaded","floor":39},{"not_picked":["Scrape","Consume"],"picked":"Reinforced Body","floor":41},{"not_picked":["Genetic Algorithm","Rebound","Sweeping Beam"],"picked":"SKIP","floor":44},{"not_picked":["Streamline","Reprogram","Go for the Eyes"],"picked":"SKIP","floor":45},{"not_picked":["All For One","Stack"],"picked":"Loop+1","floor":46},{"not_picked":["Hologram","Leap+1"],"picked":"Coolheaded+1","floor":47},{"not_picked":["Ball Lightning","Coolheaded","Sweeping Beam"],"picked":"SKIP","floor":48},{"not_picked":["Gash","Turbo"],"picked":"Buffer+1","floor":55}],"player_experience":1988781,"relics_obtained":[{"floor":6.0,"key":"Gremlin Horn"},{"floor":8.0,"key":"Regal Pillow"},{"floor":9.0,"key":"Bag of Marbles"},{"floor":26.0,"key":"Mummified Hand"},{"floor":29,"key":"Dodecahedron"},{"floor":41,"key":"Ice Cream"},{"floor":44,"key":"The Courier"},{"floor":46,"key":"Calipers"},{"floor":48,"key":"Pear"},{"floor":55,"key":"Bottled Lightning"}],"event_choices":[{"cards_removed":["Strike_B"],"damage_healed":0.0,"max_hp_gain":0.0,"max_hp_loss":0.0,"gold_gain":0.0,"event_name":"Golden Wing","player_choice":"Card Removal","floor":2.0,"gold_loss":0.0,"damage_taken":7.0},{"damage_healed":0.0,"max_hp_gain":0.0,"max_hp_loss":0.0,"gold_gain":0.0,"event_name":"Scrap Ooze","player_choice":"Success","floor":4.0,"gold_loss":0.0,"damage_taken":11.0,"relics_obtained":["Frozen Egg 2"]},{"damage_healed":0.0,"max_hp_gain":0.0,"max_hp_loss":0.0,"gold_gain":0.0,"cards_transformed":["Strike_B"],"event_name":"Transmorgrifier","player_choice":"Transformed","floor":12.0,"gold_loss":0.0,"damage_taken":0.0,"cards_obtained":["Creative AI"]},{"cards_removed":["Strike_B"],"damage_healed":0.0,"max_hp_gain":0.0,"max_hp_loss":0.0,"gold_gain":0.0,"event_name":"Back to Basics","player_choice":"Elegance","floor":20.0,"gold_loss":0.0,"damage_taken":0.0},{"damage_healed":0.0,"max_hp_gain":0.0,"max_hp_loss":0.0,"gold_gain":0.0,"event_name":"Masked Bandits","player_choice":"Paid Fearfully","floor":21.0,"gold_loss":57.0,"damage_taken":0.0},{"damage_healed":0.0,"max_hp_gain":0.0,"max_hp_loss":0.0,"gold_gain":0.0,"cards_transformed":["Defend_B","Defend_B"],"event_name":"Drug Dealer","player_choice":"Became Test Subject","floor":22.0,"gold_loss":0.0,"damage_taken":0.0,"cards_obtained":["Aggregate","Recycle"]},{"damage_healed":0,"gold_gain":0,"player_choice":"Ignored","damage_taken":0,"max_hp_gain":0,"max_hp_loss":0,"event_name":"Cursed Tome","floor":28,"gold_loss":0},{"damage_healed":0,"gold_gain":0,"player_choice":"Paid","damage_taken":0,"relics_obtained":["Red Mask"],"max_hp_gain":0,"max_hp_loss":0,"event_name":"Tomb of Lord Red Mask","floor":37,"gold_loss":169},{"damage_healed":0,"gold_gain":50,"player_choice":"Pray","damage_taken":0,"max_hp_gain":0,"max_hp_loss":0,"event_name":"Golden Shrine","floor":38,"gold_loss":0}],"is_beta":false,"boss_relics":[{"not_picked":["White Beast Statue","Eternal Feather"],"picked":"Nuclear Battery"},{"not_picked":["Runic Dome","Philosopher\u0027s Stone"],"picked":"Empty Cage"}],"items_purged_floors":[19,54],"is_endless":false,"potions_floor_spawned":[6,14,18,29,30,36,39,44,47,55],"ascension_level":20}