{"gold_per_floor":[11,11,11,11,11,55,55,55,55,55,80,80,5,21,21,114,114,135,135,135,159,84,123,123,123],"floor_reached":25,"playtime":709,"items_purged":["Decay"],"score":430,"play_id":"03ec54dd-5c7b-43e4-be1c-4586b9d1a27b","local_time":"20190807122528","is_ascension_mode":true,"campfire_choices":[{"data":"Darkness","floor":7.0,"key":"SMITH"},{"floor":10.0,"key":"REST"},{"data":"Consume","floor":12.0,"key":"SMITH"},{"data":"Dualcast","floor":15.0,"key":"SMITH"},{"floor":24,"key":"REST"}],"neow_cost":"NO_GOLD","seed_source_timestamp":3190721303572,"circlet_count":0,"master_deck":["AscendersBane","Strike_B","Strike_B","Defend_B","Defend_B","Defend_B","Defend_B","Zap+1","Dualcast+1","Ball Lightning","Darkness+1","Consume+1","Rebound","Biased Cognition","Darkness+1","Self Repair","Conserve Battery","Capacitor"],"special_seed":0,"relics":["Cracked Core","Golden Idol","Darkstone Periapt","Singing Bowl","Regal Pillow","Cursed Key","Blood Vial"],"potions_floor_usage":[16,21,23,23],"damage_taken":[{"damage":7.0,"enemies":"Jaw Worm","floor":1.0,"turns":3.0},{"damage":47.0,"enemies":"Lagavulin","floor":6.0,"turns":6.0},{"damage":1.0,"enemies":"2 Louse","floor":11.0,"turns":2.0},{"damage":3.0,"enemies":"Small Slimes","floor":14.0,"turns":2.0},{"damage":18,"enemies":"Slime Boss","floor":16,"turns":7},{"damage":0,"enemies":"Chosen","floor":18,"turns":3},{"damage":12,"enemies":"Shell Parasite","floor":21,"turns":3},{"damage":65,"enemies":"Gremlin Leader","floor":23,"turns":6},{"damage":49,"enemies":"Book of Stabbing","floor":25,"turns":3}],"seed_played":"-8469258258667043369","potions_obtained":[{"floor":6.0,"key":"Fire Potion"},{"floor":11.0,"key":"Strength Potion"},{"floor":14.0,"key":"EssenceOfSteel"},{"floor":18,"key":"Block Potion"},{"floor":21,"key":"PowerPotion"}],"is_trial":false,"path_per_floor":["M","?","?","?","$","E","R","?","T","R","M","R","?","M","R","B",null,"M","?","?","M","$","E","R","E"],"character_chosen":"DEFECT","items_purchased":[],"campfire_rested":2,"item_purchase_floors":[],"current_hp_per_floor":[71,71,66,66,66,19,19,12,12,50,49,49,49,46,46,28,65,65,65,71,66,66,8,47,0],"gold":123,"neow_bonus":"TWENTY_PERCENT_HP_BONUS","is_prod":false,"is_daily":false,"chose_seed":false,"campfire_upgraded":3,"win_rate":0,"timestamp":1565173528,"path_taken":["M","?","?","?","$","E","R","?","T","R","M","R","?","M","R","BOSS","M","?","?","?","$","E","R","E"],"build_version":"2019-07-17","purchased_purges":1,"victory":false,"max_hp_per_floor":[85,77,77,77,77,77,77,77,77,77,77,77,77,77,77,77,77,77,77,83,83,83,83,83,83],"card_choices":[{"not_picked":["Scrape","Sweeping Beam"],"picked":"Ball Lightning","floor":1.0},{"not_picked":["Go for the Eyes","Hologram"],"picked":"Darkness","floor":6.0},{"not_picked":["Go for the Eyes","Heatsinks"],"picked":"Consume","floor":11.0},{"not_picked":["White Noise","Stack"],"picked":"Rebound","floor":14.0},{"not_picked":["All For One","Amplify"],"picked":"Biased Cognition","floor":16},{"not_picked":["Auto Shields","Steam"],"picked":"Darkness+1","floor":18},{"not_picked":["Stack","Tempest"],"picked":"Conserve Battery","floor":21},{"not_picked":["Undo","Go for the Eyes"],"picked":"Capacitor","floor":23}],"player_experience":822761,"relics_obtained":[{"floor":6.0,"key":"Singing Bowl"},{"floor":9.0,"key":"Regal Pillow"},{"floor":23,"key":"Blood Vial"}],"event_choices":[{"damage_healed":0.0,"max_hp_gain":0.0,"max_hp_loss":8.0,"gold_gain":0.0,"event_name":"Golden Idol","player_choice":"Lose Max HP","floor":2.0,"gold_loss":0.0,"damage_taken":0.0,"relics_obtained":["Golden Idol"]},{"damage_healed":0.0,"max_hp_gain":0.0,"max_hp_loss":0.0,"gold_gain":0.0,"event_name":"Scrap Ooze","player_choice":"Success","floor":3.0,"gold_loss":0.0,"damage_taken":5.0,"relics_obtained":["Darkstone Periapt"]},{"damage_healed":0.0,"max_hp_gain":0.0,"max_hp_loss":0.0,"gold_gain":0.0,"event_name":"Living Wall","player_choice":"Grow","floor":4.0,"gold_loss":0.0,"damage_taken":0.0,"cards_upgraded":["Zap"]},{"cards_removed":["Strike_B"],"damage_healed":0.0,"max_hp_gain":0.0,"max_hp_loss":0.0,"gold_gain":0.0,"event_name":"Golden Wing","player_choice":"Card Removal","floor":8.0,"gold_loss":0.0,"damage_taken":7.0},{"cards_removed":["Strike_B"],"damage_healed":0.0,"max_hp_gain":0.0,"max_hp_loss":0.0,"gold_gain":0.0,"event_name":"The Cleric","player_choice":"Card Removal","floor":13.0,"gold_loss":75.0,"damage_taken":0.0},{"damage_healed":0,"gold_gain":0,"player_choice":"Read","damage_taken":0,"max_hp_gain":0,"max_hp_loss":0,"event_name":"The Library","floor":19,"gold_loss":0,"cards_obtained":["Self Repair"]},{"damage_healed":0,"gold_gain":0,"player_choice":"Cursed","damage_taken":0,"max_hp_gain":0,"max_hp_loss":0,"event_name":"Wheel of Change","floor":20,"gold_loss":0,"cards_obtained":["Decay"]}],"is_beta":false,"boss_relics":[{"not_picked":["Velvet Choker","Empty Cage"],"picked":"Cursed Key"}],"items_purged_floors":[22],"is_endless":false,"potions_floor_spawned":[6,11,14,18,21],"killed_by":"Book of Stabbing","ascension_level":20}