{"gold_per_floor":[112,36,36,36,36,36,64,76,99,133,133,28,28,41,41,41],"floor_reached":16,"playtime":395,"items_purged":["Strike_G"],"score":262,"play_id":"b0518df4-47a3-4919-892f-698644bcda6b","local_time":"20190125201628","is_ascension_mode":true,"campfire_choices":[{"data":"Noxious Fumes","floor":6.0,"key":"SMITH"},{"data":"Neutralize","floor":13.0,"key":"SMITH"},{"data":"Bane","floor":15.0,"key":"SMITH"}],"neow_cost":"NONE","seed_source_timestamp":29131238819153,"circlet_count":0,"master_deck":["AscendersBane","Defend_G","Defend_G","Defend_G","Defend_G","Defend_G","Strike_G","Strike_G","Strike_G","Survivor","Neutralize+1","Noxious Fumes+1","Calculated Gamble","Deadly Poison","Calculated Gamble","Bane+1"],"special_seed":0,"relics":["Ring of the Snake","NeowsBlessing","Ornamental Fan","Dream Catcher","The Courier","Sundial"],"potions_floor_usage":[16,16],"damage_taken":[{"damage":0.0,"enemies":"2 Louse","floor":1.0,"turns":1.0},{"damage":0.0,"enemies":"Gremlin Nob","floor":7.0,"turns":1.0},{"damage":0.0,"enemies":"Jaw Worm","floor":8.0,"turns":1.0},{"damage":21.0,"enemies":"3 Sentries","floor":10.0,"turns":7.0},{"damage":0.0,"enemies":"Cultist","floor":14.0,"turns":4.0},{"damage":22,"enemies":"Slime Boss","floor":16,"turns":6}],"seed_played":"-6005446214432739434","potions_obtained":[{"floor":7.0,"key":"SkillPotion"},{"floor":10.0,"key":"SneckoOil"}],"is_trial":false,"path_per_floor":["M","$","?","?","$","R","E","M","T","E","T","$","R","M","R","B"],"character_chosen":"THE_SILENT","items_purchased":["Noxious Fumes","Explosive Potion"],"campfire_rested":0,"item_purchase_floors":[2,12],"current_hp_per_floor":[59,59,52,47,47,47,47,47,47,26,26,26,26,26,26,4],"gold":41,"neow_bonus":"THREE_ENEMY_KILL","is_prod":false,"is_daily":false,"chose_seed":false,"campfire_upgraded":3,"win_rate":0,"timestamp":1548418588,"path_taken":["M","$","?","?","?","R","E","?","T","E","?","$","R","M","R","BOSS"],"build_version":"2019-01-23","purchased_purges":1,"victory":false,"max_hp_per_floor":[66,66,66,66,66,66,66,66,66,66,66,66,66,66,66,66],"card_choices":[{"not_picked":["Blade Dance","Poisoned Stab","Reflex"],"picked":"SKIP","floor":1.0},{"not_picked":["Dagger Spray","Dodge and Roll"],"picked":"Calculated Gamble","floor":7.0},{"not_picked":["Eviscerate","Bane"],"picked":"Deadly Poison","floor":8.0},{"not_picked":["Accuracy","Deadly Poison"],"picked":"Calculated Gamble","floor":10.0},{"not_picked":["Bane","Poisoned Stab","Outmaneuver"],"picked":"SKIP","floor":14.0},{"not_picked":["Poisoned Stab","Outmaneuver"],"picked":"Bane","floor":14.0}],"player_experience":2246932,"relics_obtained":[{"floor":7.0,"key":"Dream Catcher"},{"floor":10.0,"key":"The Courier"},{"floor":11.0,"key":"Sundial"}],"event_choices":[{"cards_removed":["Strike_G"],"damage_healed":0.0,"max_hp_gain":0.0,"max_hp_loss":0.0,"gold_gain":0.0,"event_name":"Golden Wing","player_choice":"Card Removal","floor":3.0,"gold_loss":0.0,"damage_taken":7.0},{"damage_healed":0.0,"max_hp_gain":0.0,"max_hp_loss":0.0,"gold_gain":0.0,"event_name":"Scrap Ooze","player_choice":"Success","floor":4.0,"gold_loss":0.0,"damage_taken":5.0,"relics_obtained":["Ornamental Fan"]}],"is_beta":false,"boss_relics":[],"items_purged_floors":[12],"is_endless":false,"potions_floor_spawned":[7,10],"killed_by":"Slime Boss","ascension_level":20}