{"gold_per_floor":[118,43,62,62,72,72,99,99,177,177,192,192,203,217,217,296,296,308,278,178,178],"floor_reached":21,"playtime":598,"items_purged":["Strike_G","Pain"],"score":362,"play_id":"77bf497f-9659-4f12-822c-a8e851d9419f","local_time":"20190215155016","is_ascension_mode":true,"campfire_choices":[{"data":"Bouncing Flask","floor":8.0,"key":"SMITH"},{"data":"Neutralize","floor":10.0,"key":"SMITH"},{"data":"Catalyst","floor":12.0,"key":"SMITH"},{"data":"Deadly Poison","floor":15.0,"key":"SMITH"}],"neow_cost":"NONE","seed_source_timestamp":28378793527314,"circlet_count":0,"master_deck":["AscendersBane","Defend_G","Defend_G","Defend_G","Defend_G","Defend_G","Strike_G","Strike_G","Strike_G","Strike_G","Survivor","Neutralize+1","Bouncing Flask+1","Catalyst+1","Deadly Poison+1","Backflip","Night Terror","Deflect+1","Tactician"],"special_seed":0,"relics":["Ring of the Serpent","NeowsBlessing","WarpedTongs","Anchor","Tiny Chest"],"potions_floor_usage":[19,21],"damage_taken":[{"damage":0.0,"enemies":"Small Slimes","floor":1.0,"turns":1.0},{"damage":0.0,"enemies":"2 Louse","floor":3.0,"turns":1.0},{"damage":0.0,"enemies":"Cultist","floor":5.0,"turns":1.0},{"damage":9.0,"enemies":"Lagavulin","floor":7.0,"turns":8.0},{"damage":30.0,"enemies":"Gremlin Gang","floor":11.0,"turns":5.0},{"damage":3.0,"enemies":"Lots of Slimes","floor":13.0,"turns":2.0},{"damage":9.0,"enemies":"Exordium Wildlife","floor":14.0,"turns":3.0},{"damage":5.0,"enemies":"Hexaghost","floor":16.0,"turns":5.0},{"damage":15,"enemies":"3 Byrds","floor":18,"turns":6},{"damage":13,"enemies":"2 Thieves","floor":19,"turns":4},{"damage":37,"enemies":"3 Cultists","floor":21,"turns":7}],"seed_played":"-5593648827583030902","potions_obtained":[{"floor":3.0,"key":"Swift Potion"},{"floor":5.0,"key":"Fire Potion"},{"floor":11.0,"key":"Explosive Potion"},{"floor":14.0,"key":"FearPotion"},{"floor":19,"key":"Regen Potion"}],"is_trial":false,"path_per_floor":["M","$","M","?","M","?","E","R","T","R","M","R","M","M","R","B",null,"M","M","$","M"],"character_chosen":"THE_SILENT","items_purchased":[],"campfire_rested":0,"item_purchase_floors":[],"current_hp_per_floor":[59,59,59,59,59,59,50,50,50,50,20,20,17,8,8,3,50,35,22,22,0],"gold":178,"neow_bonus":"THREE_ENEMY_KILL","is_prod":false,"is_daily":false,"chose_seed":false,"campfire_upgraded":4,"win_rate":0,"timestamp":1550217016,"path_taken":["M","$","M","?","M","?","E","R","T","R","?","R","?","M","R","BOSS","M","?","$","M"],"build_version":"2019-01-23","purchased_purges":2,"victory":false,"max_hp_per_floor":[66,66,66,66,66,66,66,66,66,66,66,66,66,66,66,66,66,66,66,66,66],"card_choices":[{"not_picked":["Blade Dance","Underhanded Strike"],"picked":"Bouncing Flask","floor":1.0},{"not_picked":["Prepared","Quick Slash","PiercingWail"],"picked":"SKIP","floor":3.0},{"not_picked":["Slice","Skewer","Dash"],"picked":"SKIP","floor":5.0},{"not_picked":["PiercingWail","Setup","Prepared"],"picked":"SKIP","floor":7.0},{"not_picked":["Underhanded Strike","Slice"],"picked":"Catalyst","floor":11.0},{"not_picked":["Die Die Die","Predator"],"picked":"Deadly Poison","floor":13.0},{"not_picked":["Expertise","Dodge and Roll"],"picked":"Backflip","floor":14.0},{"not_picked":["Glass Knife","Malaise"],"picked":"Night Terror","floor":16.0},{"not_picked":["Blade Dance+1","Slice+1"],"picked":"Deflect+1","floor":18},{"not_picked":["Bouncing Flask","All Out Attack"],"picked":"Tactician","floor":19}],"player_experience":2777670,"relics_obtained":[{"floor":7.0,"key":"Anchor"},{"floor":9.0,"key":"Tiny Chest"}],"event_choices":[{"damage_healed":0.0,"max_hp_gain":0.0,"max_hp_loss":0.0,"gold_gain":0.0,"event_name":"Liars Game","player_choice":"Ignored","floor":4.0,"gold_loss":0.0,"damage_taken":0.0},{"damage_healed":0.0,"max_hp_gain":0.0,"max_hp_loss":0.0,"gold_gain":0.0,"event_name":"Accursed Blacksmith","player_choice":"Rummage","floor":6.0,"gold_loss":0.0,"damage_taken":0.0,"relics_obtained":["WarpedTongs"],"cards_obtained":["Pain"]}],"is_beta":false,"boss_relics":[{"not_picked":["Calling Bell","Snecko Eye"],"picked":"Ring of the Serpent"}],"items_purged_floors":[2,20],"is_endless":false,"potions_floor_spawned":[3,5,11,14,19],"killed_by":"3 Cultists","ascension_level":20}