{"gold_per_floor":[116,116,266,266,266,291,310,321,321,337,337,337,337,354,354,425,425,436,453,150,150,161,161,190,190,217,217,217,117,131,142,142,220,220,233,233,246,257,275,275,287,287,314,340,352,362,362,362,362,362,362,362,362,73,99,99],"floor_reached":57,"playtime":2532,"items_purged":["Strike_G","Defend_G","Defend_G"],"score":2783,"play_id":"7a1fe1ab-311d-4df8-96df-29984033cb1c","local_time":"20190210201210","is_ascension_mode":true,"campfire_choices":[{"data":"Bouncing Flask","floor":11.0,"key":"SMITH"},{"data":"Well Laid Plans","floor":13.0,"key":"SMITH"},{"data":"Setup","floor":15.0,"key":"SMITH"},{"data":"Catalyst","floor":23.0,"key":"SMITH"},{"data":"Wraith Form v2","floor":25.0,"key":"SMITH"},{"data":"Crippling Poison","floor":28.0,"key":"SMITH"},{"data":"Catalyst","floor":32.0,"key":"SMITH"},{"data":"Burst","floor":40.0,"key":"SMITH"},{"data":"Calculated Gamble","floor":42.0,"key":"SMITH"},{"data":"Tactician","floor":47.0,"key":"SMITH"},{"floor":49.0,"key":"RECALL"},{"data":"Reflex","floor":53,"key":"SMITH"}],"neow_cost":"NONE","seed_source_timestamp":39089766715579,"circlet_count":0,"master_deck":["AscendersBane","Defend_G","Defend_G+1","Defend_G","Survivor","Neutralize","Leg Sweep","Well Laid Plans+1","Backflip","Deadly Poison","Bouncing Flask+1","Night Terror","Setup+1","Predator","Deflect","Crippling Poison+1","Wraith Form v2+1","Calculated Gamble+1","A Thousand Cuts","Catalyst+1","Backflip","Acrobatics","Reflex+1","Catalyst+1","Burst+1","Backflip","Corpse Explosion","Tactician+1","Footwork","Calculated Gamble","Finesse"],"special_seed":0,"relics":["Ring of the Snake","NeowsBlessing","Prayer Wheel","Mango","Runic Dome","ClockworkSouvenir","Gremlin Horn","Sozu","Centennial Puzzle","Turnip","Vajra","Snake Skull"],"potions_floor_usage":[56],"damage_taken":[{"damage":0.0,"enemies":"Small Slimes","floor":1.0,"turns":1.0},{"damage":0.0,"enemies":"3 Sentries","floor":6.0,"turns":1.0},{"damage":0.0,"enemies":"2 Louse","floor":7.0,"turns":1.0},{"damage":0.0,"enemies":"Jaw Worm","floor":8.0,"turns":5.0},{"damage":0.0,"enemies":"2 Fungi Beasts","floor":10.0,"turns":5.0},{"damage":18.0,"enemies":"Lots of Slimes","floor":14.0,"turns":5.0},{"damage":28.0,"enemies":"Slime Boss","floor":16.0,"turns":5.0},{"damage":4.0,"enemies":"Shell Parasite","floor":18.0,"turns":5.0},{"damage":16.0,"enemies":"3 Byrds","floor":19.0,"turns":5.0},{"damage":17.0,"enemies":"Shelled Parasite and Fungi","floor":22.0,"turns":7.0},{"damage":5.0,"enemies":"Book of Stabbing","floor":24.0,"turns":5.0},{"damage":8.0,"enemies":"Snake Plant","floor":30.0,"turns":3.0},{"damage":2.0,"enemies":"3 Cultists","floor":31.0,"turns":5.0},{"damage":0.0,"enemies":"Champ","floor":33.0,"turns":5.0},{"damage":5.0,"enemies":"3 Darklings","floor":35.0,"turns":4.0},{"damage":0.0,"enemies":"3 Shapes","floor":37.0,"turns":5.0},{"damage":0.0,"enemies":"Transient","floor":38.0,"turns":3.0},{"damage":0.0,"enemies":"Jaw Worm Horde","floor":39.0,"turns":1.0},{"damage":0.0,"enemies":"Writhing Mass","floor":41.0,"turns":2.0},{"damage":9.0,"enemies":"Reptomancer","floor":44.0,"turns":4.0},{"damage":0.0,"enemies":"Maw","floor":45.0,"turns":6.0},{"damage":6.0,"enemies":"Transient","floor":46.0,"turns":5.0},{"damage":7.0,"enemies":"Time Eater","floor":50.0,"turns":4.0},{"damage":17,"enemies":"Donu and Deca","floor":51,"turns":5},{"damage":2,"enemies":"Shield and Spear","floor":55,"turns":4},{"damage":35,"enemies":"The Heart","floor":56,"turns":6}],"seed_played":"7054270083180979043","potions_obtained":[{"floor":7.0,"key":"GamblersBrew"},{"floor":10.0,"key":"EssenceOfSteel"},{"floor":16.0,"key":"SkillPotion"},{"floor":33.0,"key":"Poison Potion"}],"is_trial":false,"path_per_floor":["M","?","?","?","?","E","M","M","T","M","R","?","R","M","R","B",null,"M","M","$","?","M","R","E","R","T","?","R","$","M","M","R","B",null,"M","?","M","M","M","R","M","R","T","E","M","M","R","?","R","B","B",null,"R","$","E","B",null],"character_chosen":"THE_SILENT","items_purchased":["ClockworkSouvenir","Vajra"],"campfire_rested":0,"item_purchase_floors":[20,54],"current_hp_per_floor":[59,64,64,43,43,43,43,43,57,57,57,50,50,32,32,4,65,61,45,45,45,28,28,23,23,23,23,23,23,15,13,13,13,67,62,62,62,62,62,62,62,62,62,53,53,47,47,47,47,40,23,70,70,70,68,33],"gold":99,"neow_bonus":"THREE_ENEMY_KILL","is_prod":false,"is_daily":false,"chose_seed":false,"campfire_upgraded":11,"win_rate":0,"timestamp":1549800730,"path_taken":["M","?","?","?","?","E","?","M","T","M","R","?","R","M","R","BOSS","M","M","$","?","M","R","E","R","T","?","R","$","?","M","R","BOSS","M","?","M","M","M","R","?","R","T","E","M","M","R","?","R","BOSS","BOSS","R","$","E","BOSS"],"build_version":"2019-01-23","purchased_purges":3,"victory":true,"max_hp_per_floor":[66,71,71,71,71,71,71,71,85,85,85,85,85,85,85,85,85,85,85,85,85,85,85,85,85,85,85,85,85,85,85,85,85,85,85,85,85,85,85,85,85,85,85,85,85,85,85,85,85,85,85,85,85,85,85,85],"card_choices":[{"not_picked":["Sucker Punch","Slice"],"picked":"Leg Sweep","floor":1.0},{"not_picked":["Bullet Time","Flechettes"],"picked":"Well Laid Plans","floor":6.0},{"not_picked":["Sucker Punch","Dodge and Roll"],"picked":"Backflip","floor":7.0},{"not_picked":["Underhanded Strike","Dagger Throw"],"picked":"Deadly Poison","floor":7.0},{"not_picked":["Dodge and Roll","Backstab"],"picked":"Bouncing Flask","floor":8.0},{"not_picked":["Poisoned Stab","Eviscerate"],"picked":"Night Terror","floor":8.0},{"not_picked":["Blade Dance","Bane"],"picked":"Setup","floor":10.0},{"not_picked":["Bane","Flying Knee"],"picked":"Predator","floor":10.0},{"not_picked":["Poisoned Stab","Prepared"],"picked":"Deflect","floor":14.0},{"not_picked":["Slice","Underhanded Strike"],"picked":"Crippling Poison","floor":14.0},{"not_picked":["Unload","Night Terror"],"picked":"Wraith Form v2","floor":16.0},{"not_picked":["Blade Dance","Accuracy+1","Underhanded Strike"],"picked":"SKIP","floor":18.0},{"not_picked":["Flying Knee","Outmaneuver","Quick Slash"],"picked":"SKIP","floor":18.0},{"not_picked":["Poisoned Stab","Dodge and Roll","Deflect"],"picked":"SKIP","floor":19.0},{"not_picked":["Flechettes","Dagger Throw","Blur"],"picked":"SKIP","floor":19.0},{"not_picked":["Dodge and Roll","Bane"],"picked":"Catalyst","floor":22.0},{"not_picked":["Riddle With Holes","Crippling Poison"],"picked":"Backflip","floor":22.0},{"not_picked":["Storm of Steel","Underhanded Strike","Riddle With Holes"],"picked":"SKIP","floor":24.0},{"not_picked":["Outmaneuver","Blade Dance"],"picked":"Acrobatics","floor":30.0},{"not_picked":["Acrobatics","Outmaneuver"],"picked":"Reflex","floor":30.0},{"not_picked":["Reflex","Venomology"],"picked":"Catalyst","floor":31.0},{"not_picked":["Dagger Spray","Eviscerate","Underhanded Strike"],"picked":"SKIP","floor":31.0},{"not_picked":["Die Die Die","Phantasmal Killer"],"picked":"Burst","floor":33.0},{"not_picked":["Bane","Underhanded Strike+1"],"picked":"Backflip","floor":35.0},{"not_picked":["All Out Attack","Dagger Throw+1","Blade Dance+1"],"picked":"SKIP","floor":35.0},{"not_picked":["Bane+1","Quick Slash+1"],"picked":"Corpse Explosion","floor":37.0},{"not_picked":["Caltrops","Endless Agony","Quick Slash"],"picked":"SKIP","floor":37.0},{"not_picked":["Bane+1","Slice","Deflect"],"picked":"SKIP","floor":38.0},{"not_picked":["Prepared+1","Sucker Punch+1","Infinite Blades"],"picked":"SKIP","floor":38.0},{"not_picked":["Outmaneuver","Predator","Blur+1"],"picked":"SKIP","floor":39.0},{"not_picked":["Deflect","Underhanded Strike+1","Infinite Blades"],"picked":"SKIP","floor":39.0},{"not_picked":["Deflect","Accuracy"],"picked":"Tactician","floor":41.0},{"not_picked":["Finisher","Flying Knee"],"picked":"Footwork","floor":41.0},{"not_picked":["Flechettes","Blade Dance+1","Escape Plan"],"picked":"SKIP","floor":44.0},{"not_picked":["Underhanded Strike","Cloak And Dagger"],"picked":"Calculated Gamble","floor":45.0},{"not_picked":["Expertise+1","Crippling Poison","Flechettes"],"picked":"SKIP","floor":45.0},{"not_picked":["Dash+1","Blade Dance","Underhanded Strike+1"],"picked":"SKIP","floor":46.0},{"not_picked":["Cloak And Dagger+1","Acrobatics","Outmaneuver"],"picked":"SKIP","floor":46.0},{"not_picked":["Bandage Up","Swift Strike"],"picked":"Finesse","floor":48.0},{"not_picked":["Sucker Punch","Prepared","Storm of Steel"],"picked":"SKIP","floor":55}],"player_experience":2587252,"relics_obtained":[{"floor":6.0,"key":"Prayer Wheel"},{"floor":9.0,"key":"Mango"},{"floor":24.0,"key":"Gremlin Horn"},{"floor":43.0,"key":"Centennial Puzzle"},{"floor":44.0,"key":"Turnip"},{"floor":55,"key":"Snake Skull"}],"event_choices":[{"damage_healed":0.0,"max_hp_gain":5.0,"max_hp_loss":0.0,"gold_gain":0.0,"event_name":"Big Fish","player_choice":"Donut","floor":2.0,"gold_loss":0.0,"damage_taken":0.0},{"damage_healed":0.0,"max_hp_gain":0.0,"max_hp_loss":0.0,"gold_gain":150.0,"event_name":"Liars Game","player_choice":"AGREE","floor":3.0,"gold_loss":0.0,"damage_taken":0.0,"cards_obtained":["Doubt"]},{"damage_healed":0.0,"max_hp_gain":0.0,"max_hp_loss":0.0,"gold_gain":0.0,"event_name":"Shining Light","player_choice":"Entered Light","floor":4.0,"gold_loss":0.0,"damage_taken":21.0,"cards_upgraded":["Strike_G","Defend_G"]},{"cards_removed":["Doubt"],"damage_healed":0.0,"max_hp_gain":0.0,"max_hp_loss":0.0,"gold_gain":0.0,"event_name":"Purifier","player_choice":"Purged","floor":5.0,"gold_loss":0.0,"damage_taken":0.0},{"cards_removed":["Strike_G"],"damage_healed":0.0,"max_hp_gain":0.0,"max_hp_loss":0.0,"gold_gain":0.0,"event_name":"Golden Wing","player_choice":"Card Removal","floor":12.0,"gold_loss":0.0,"damage_taken":7.0},{"damage_healed":0.0,"max_hp_gain":0.0,"max_hp_loss":0.0,"gold_gain":0.0,"cards_transformed":["Strike_G","Strike_G"],"event_name":"Drug Dealer","player_choice":"Became Test Subject","floor":21.0,"gold_loss":0.0,"damage_taken":0.0,"cards_obtained":["Calculated Gamble","A Thousand Cuts"]},{"cards_removed":["Strike_G"],"damage_healed":0.0,"max_hp_gain":0.0,"max_hp_loss":0.0,"gold_gain":0.0,"event_name":"Back to Basics","player_choice":"Elegance","floor":27.0,"gold_loss":0.0,"damage_taken":0.0},{"damage_healed":0.0,"max_hp_gain":0.0,"max_hp_loss":0.0,"gold_gain":0.0,"event_name":"SecretPortal","player_choice":"Ignored","floor":36.0,"gold_loss":0.0,"damage_taken":0.0},{"damage_healed":0.0,"max_hp_gain":0.0,"max_hp_loss":0.0,"gold_gain":0.0,"event_name":"SensoryStone","player_choice":"Memory 1","floor":48.0,"gold_loss":0.0,"damage_taken":0.0}],"is_beta":false,"boss_relics":[{"not_picked":["Black Star","Busted Crown"],"picked":"Runic Dome"},{"not_picked":["Ring of the Serpent","Empty Cage"],"picked":"Sozu"}],"items_purged_floors":[20,29,54],"is_endless":false,"potions_floor_spawned":[7,10,16,19,22,30,33,35,38,44,45],"ascension_level":20}