{"gold_per_floor":[109,120,140,156,176,176,190,217,294,294,74,74],"floor_reached":12,"playtime":234,"items_purged":[],"score":164,"play_id":"7e39034c-6592-48d9-9115-add42dd8fdc3","local_time":"20190107224833","is_ascension_mode":true,"campfire_choices":[{"data":"Noxious Fumes","floor":6.0,"key":"SMITH"},{"data":"Caltrops","floor":10,"key":"SMITH"}],"neow_cost":"NONE","seed_source_timestamp":38963020262910,"circlet_count":0,"master_deck":["AscendersBane","Defend_G","Defend_G","Defend_G","Defend_G","Defend_G","Strike_G","Strike_G","Strike_G","Strike_G","Strike_G","Survivor","Neutralize","Caltrops","Acrobatics","Noxious Fumes+1","Footwork","Die Die Die","Caltrops+1"],"special_seed":0,"relics":["Ring of the Snake","NeowsBlessing","Oddly Smooth Stone","Sundial","ClockworkSouvenir"],"potions_floor_usage":[8,12],"damage_taken":[{"damage":0.0,"enemies":"Cultist","floor":1.0,"turns":1.0},{"damage":0.0,"enemies":"Small Slimes","floor":2.0,"turns":1.0},{"damage":0.0,"enemies":"2 Louse","floor":3.0,"turns":1.0},{"damage":4.0,"enemies":"Exordium Wildlife","floor":4.0,"turns":4.0},{"damage":0.0,"enemies":"Red Slaver","floor":5.0,"turns":6.0},{"damage":0.0,"enemies":"3 Louse","floor":7.0,"turns":2.0},{"damage":50,"enemies":"Gremlin Nob","floor":8,"turns":5},{"damage":2,"enemies":"3 Sentries","floor":12,"turns":2}],"seed_played":"-4104804639008042921","potions_obtained":[{"floor":2.0,"key":"Strength Potion"},{"floor":4.0,"key":"Explosive Potion"},{"floor":8,"key":"Energy Potion"}],"is_trial":false,"path_per_floor":["M","M","M","M","M","R","M","E","T","R","$","E"],"character_chosen":"THE_SILENT","items_purchased":["ClockworkSouvenir"],"campfire_rested":0,"item_purchase_floors":[11],"current_hp_per_floor":[59,59,59,55,55,55,55,5,5,5,5,3],"gold":74,"neow_bonus":"THREE_ENEMY_KILL","is_prod":false,"is_daily":false,"chose_seed":false,"campfire_upgraded":2,"win_rate":0,"timestamp":1546872513,"path_taken":["M","M","M","M","M","R","M","E","T","R","$","E"],"build_version":"2019-01-03v4","purchased_purges":0,"victory":false,"max_hp_per_floor":[66,66,66,66,66,66,66,66,66,66,66,66],"card_choices":[{"not_picked":["Blade Dance","PiercingWail"],"picked":"Caltrops","floor":1.0},{"not_picked":["Poisoned Stab","Bane"],"picked":"Acrobatics","floor":2.0},{"not_picked":["All Out Attack","Blade Dance"],"picked":"Noxious Fumes","floor":3.0},{"not_picked":["Dodge and Roll","Backflip"],"picked":"Footwork","floor":4.0},{"not_picked":["PiercingWail","Distraction"],"picked":"Die Die Die","floor":5.0},{"not_picked":["PiercingWail","Terror","Dodge and Roll"],"picked":"SKIP","floor":7.0},{"not_picked":["Underhanded Strike","Deadly Poison"],"picked":"Caltrops","floor":8}],"player_experience":1836905,"relics_obtained":[{"floor":8,"key":"Oddly Smooth Stone"},{"floor":9,"key":"Sundial"}],"event_choices":[],"is_beta":false,"boss_relics":[],"items_purged_floors":[],"is_endless":false,"potions_floor_spawned":[2,4,8],"killed_by":"3 Sentries","ascension_level":20}