{"gold_per_floor":[119,129,143,143,143,143,143,61,113,113,131,56,56,73,73,170,220,233,133,144,69,88,107,107,107,179,197,197,212,212,225,225,321,321,336,143,158,171,188,188,188,188,214,227,227,240,240,251,251,251],"floor_reached":51,"playtime":2909,"items_purged":["Strike_G","Strike_G","Strike_G"],"score":718,"play_id":"a4e7c9d2-6872-4f7d-a8ad-80aa3e34255b","local_time":"20181030101915","is_ascension_mode":false,"campfire_choices":[{"data":"Noxious Fumes","floor":6.0,"key":"SMITH"},{"data":"Neutralize","floor":10.0,"key":"SMITH"},{"data":"Footwork","floor":13.0,"key":"SMITH"},{"data":"Backflip","floor":15.0,"key":"SMITH"},{"data":"Well Laid Plans","floor":24.0,"key":"SMITH"},{"data":"Noxious Fumes","floor":28.0,"key":"SMITH"},{"data":"Tools of the Trade","floor":32.0,"key":"SMITH"},{"data":"Glass Knife","floor":40,"key":"SMITH"},{"data":"Defend_G","floor":42,"key":"SMITH"},{"data":"Heel Hook","floor":47,"key":"SMITH"},{"data":"Adrenaline","floor":49,"key":"SMITH"}],"neow_cost":"NONE","seed_source_timestamp":0,"circlet_count":0,"master_deck":["Defend_G+1","Defend_G+1","Survivor+1","Neutralize+1","Noxious Fumes+1","Backflip+1","Footwork+1","Tools of the Trade+1","Well Laid Plans+1","Noxious Fumes+1","Adrenaline+1","Glass Knife+1","Escape Plan","Well Laid Plans+1","Heel Hook+1"],"special_seed":0,"relics":["Ring of the Snake","Regal Pillow","Mango","Snake Skull","Tiny House","Blue Candle","Omamori","Empty Cage","Anchor"],"potions_floor_usage":[50],"damage_taken":[{"damage":4.0,"enemies":"Cultist","floor":1.0,"turns":5.0},{"damage":0.0,"enemies":"Small Slimes","floor":2.0,"turns":4.0},{"damage":0.0,"enemies":"2 Louse","floor":3.0,"turns":3.0},{"damage":0.0,"enemies":"Blue Slaver","floor":11.0,"turns":5.0},{"damage":3.0,"enemies":"Looter","floor":14.0,"turns":4.0},{"damage":17.0,"enemies":"Hexaghost","floor":16.0,"turns":11.0},{"damage":0.0,"enemies":"3 Byrds","floor":18.0,"turns":5.0},{"damage":0.0,"enemies":"Spheric Guardian","floor":20.0,"turns":6.0},{"damage":0.0,"enemies":"Chosen and Byrds","floor":22.0,"turns":7.0},{"damage":0.0,"enemies":"Snake Plant","floor":23.0,"turns":6.0},{"damage":0.0,"enemies":"Shelled Parasite and Fungi","floor":27.0,"turns":7.0},{"damage":0.0,"enemies":"Centurion and Healer","floor":29.0,"turns":6.0},{"damage":0.0,"enemies":"Sentry and Sphere","floor":31.0,"turns":5.0},{"damage":8.0,"enemies":"Automaton","floor":33.0,"turns":11.0},{"damage":4,"enemies":"3 Darklings","floor":35,"turns":6},{"damage":0,"enemies":"3 Shapes","floor":37,"turns":4},{"damage":0,"enemies":"Spire Growth","floor":38,"turns":6},{"damage":0,"enemies":"Jaw Worm Horde","floor":39,"turns":6},{"damage":0,"enemies":"Transient","floor":44,"turns":5},{"damage":0,"enemies":"3 Darklings","floor":46,"turns":3},{"damage":0,"enemies":"Spire Growth","floor":48,"turns":2},{"damage":0,"enemies":"Awakened One","floor":50,"turns":3}],"seed_played":"-5079441665249681334","potions_obtained":[{"floor":2.0,"key":"Regen Potion"},{"floor":3.0,"key":"Fire Potion"},{"floor":16.0,"key":"LiquidBronze"},{"floor":17.0,"key":"Weak Potion"},{"floor":18.0,"key":"Fire Potion"},{"floor":23.0,"key":"Swift Potion"}],"is_trial":false,"path_per_floor":["M","M","M","?","?","R","?","$","T","R","M","$","R","M","R","B",null,"M","$","M","?","M","M","R","$","T","M","R","M","?","M","R","B",null,"M","$","M","M","M","R","?","R","T","M","?","M","R","M","R","B"],"character_chosen":"THE_SILENT","items_purchased":["Footwork","Escape Plan"],"campfire_rested":0,"item_purchase_floors":[8,36],"current_hp_per_floor":[66,66,66,66,59,59,73,73,73,73,73,73,73,70,70,53,89,89,89,89,89,89,89,89,89,89,89,89,89,89,89,89,81,89,85,85,85,85,85,85,85,85,85,85,85,85,85,85,85,85],"gold":251,"neow_bonus":"RANDOM_COMMON_RELIC","is_prod":false,"is_daily":false,"chose_seed":false,"campfire_upgraded":11,"win_rate":0,"timestamp":1540865955,"path_taken":["M","M","?","?","?","R","?","$","T","R","M","?","R","?","R","BOSS","M","$","M","?","M","M","R","$","T","M","R","?","?","M","R","BOSS","M","$","M","M","M","R","?","R","T","M","?","M","R","M","R","BOSS"],"build_version":"2018-10-25v2","purchased_purges":3,"victory":true,"max_hp_per_floor":[70,70,70,70,70,70,84,84,84,84,84,84,84,84,84,84,89,89,89,89,89,89,89,89,89,89,89,89,89,89,89,89,89,89,89,89,89,89,89,89,89,89,89,89,89,89,89,89,89,89],"card_choices":[{"not_picked":["Dagger Throw","Dagger Spray"],"picked":"Noxious Fumes","floor":1.0},{"not_picked":["Reflex","Predator"],"picked":"Backflip","floor":2.0},{"not_picked":["Poisoned Stab","PiercingWail","Tactician"],"picked":"SKIP","floor":3.0},{"not_picked":["Concentrate","Outmaneuver","Dodge and Roll"],"picked":"SKIP","floor":11.0},{"not_picked":["Riddle With Holes","Concentrate","Acrobatics"],"picked":"SKIP","floor":14.0},{"not_picked":["Grand Finale","Doppelganger"],"picked":"Tools of the Trade","floor":16.0},{"not_picked":["Dagger Spray","All Out Attack","Eviscerate"],"picked":"SKIP","floor":18.0},{"not_picked":["Infinite Blades","Poisoned Stab+1"],"picked":"Well Laid Plans","floor":20.0},{"not_picked":["Poisoned Stab","Outmaneuver"],"picked":"Noxious Fumes","floor":22.0},{"not_picked":["Slice","Blade Dance","Dodge and Roll"],"picked":"SKIP","floor":23.0},{"not_picked":["Deflect","Underhanded Strike","Quick Slash"],"picked":"SKIP","floor":27.0},{"not_picked":["Calculated Gamble","Tactician"],"picked":"Adrenaline","floor":29.0},{"not_picked":["Bane","Slice","Sucker Punch"],"picked":"SKIP","floor":31.0},{"not_picked":["Unload","Bullet Time"],"picked":"Glass Knife","floor":33.0},{"not_picked":["Riddle With Holes","Bouncing Flask","Predator+1"],"picked":"SKIP","floor":35},{"not_picked":["Cloak And Dagger","Sucker Punch","Deadly Poison"],"picked":"SKIP","floor":37},{"not_picked":["Caltrops","PiercingWail","Slice"],"picked":"SKIP","floor":38},{"not_picked":["Deflect+1","Quick Slash+1"],"picked":"Well Laid Plans+1","floor":39},{"not_picked":["Predator","Terror+1","Masterful Stab+1"],"picked":"SKIP","floor":44},{"not_picked":["Crippling Poison","Blur+1","Flying Knee"],"picked":"SKIP","floor":46},{"not_picked":["Corpse Explosion","Backflip+1","Underhanded Strike"],"picked":"SKIP","floor":48}],"player_experience":732980,"relics_obtained":[{"floor":9.0,"key":"Snake Skull"},{"floor":26.0,"key":"Blue Candle"},{"floor":43,"key":"Anchor"}],"event_choices":[{"cards_removed":["Strike_G"],"damage_healed":0.0,"max_hp_gain":0.0,"max_hp_loss":0.0,"gold_gain":0.0,"event_name":"Bonfire Elementals","player_choice":"Offered Basic","floor":4.0,"gold_loss":0.0,"damage_taken":0.0},{"cards_removed":["Defend_G"],"damage_healed":0.0,"max_hp_gain":0.0,"max_hp_loss":0.0,"gold_gain":0.0,"event_name":"Golden Wing","player_choice":"Card Removal","floor":5.0,"gold_loss":0.0,"damage_taken":7.0},{"damage_healed":0.0,"max_hp_gain":0.0,"max_hp_loss":0.0,"gold_gain":0.0,"event_name":"WeMeetAgain","player_choice":"Gave Potion","floor":7.0,"gold_loss":0.0,"damage_taken":0.0,"relics_obtained":["Mango"]},{"cards_removed":["Defend_G"],"damage_healed":0.0,"max_hp_gain":0.0,"max_hp_loss":0.0,"gold_gain":0.0,"event_name":"Beggar","player_choice":"Gave Gold","floor":21.0,"gold_loss":75.0,"damage_taken":0.0},{"damage_healed":0.0,"max_hp_gain":0.0,"max_hp_loss":0.0,"gold_gain":0.0,"event_name":"The Mausoleum","player_choice":"Opened","floor":30.0,"gold_loss":0.0,"damage_taken":0.0,"relics_obtained":["Omamori"]},{"damage_healed":0,"gold_gain":0,"player_choice":"Forge","damage_taken":0,"max_hp_gain":0,"max_hp_loss":0,"event_name":"Accursed Blacksmith","floor":41,"gold_loss":0,"cards_upgraded":["Survivor"]},{"damage_healed":0,"gold_gain":0,"player_choice":"1 cards matched","damage_taken":0,"max_hp_gain":0,"max_hp_loss":0,"event_name":"Match and Keep!","floor":45,"gold_loss":0,"cards_obtained":["Heel Hook"]}],"is_beta":false,"boss_relics":[{"not_picked":["Orrery","Busted Crown"],"picked":"Tiny House"},{"not_picked":["Philosopher\u0027s Stone","Velvet Choker"],"picked":"Empty Cage"}],"items_purged_floors":[12,19,36],"is_endless":false,"potions_floor_spawned":[2,3,16,18,23,38,46,48],"ascension_level":0}