{"gold_per_floor":[118,118,139,164,185,185,201,59,59,59,82,106,130,130],"floor_reached":14,"playtime":398,"items_purged":[],"score":168,"play_id":"34e7c396-5b9f-486c-b03f-a84e413af847","local_time":"20181125222836","is_ascension_mode":true,"campfire_choices":[{"data":"Deadly Poison","floor":6,"key":"SMITH"},{"data":"Catalyst","floor":10,"key":"SMITH"}],"neow_cost":"PERCENT_DAMAGE","seed_source_timestamp":14670961140797,"circlet_count":0,"master_deck":["AscendersBane","Defend_G","Defend_G","Defend_G","Defend_G","Defend_G","Strike_G","Strike_G","Strike_G","Survivor","Neutralize","Catalyst+1","Skewer","Footwork","Deadly Poison+1","Acrobatics","Masterful Stab","Backflip"],"relics":["Ring of the Snake","Golden Idol","Ice Cream","Happy Flower"],"potions_floor_usage":[7],"damage_taken":[{"damage":0,"enemies":"Small Slimes","floor":1,"turns":3},{"damage":6,"enemies":"Jaw Worm","floor":3,"turns":9},{"damage":0,"enemies":"2 Louse","floor":4,"turns":2},{"damage":2,"enemies":"Blue Slaver","floor":5,"turns":6},{"damage":8,"enemies":"Large Slime","floor":7,"turns":10},{"damage":11,"enemies":"Red Slaver","floor":11,"turns":4},{"damage":4,"enemies":"Exordium Thugs","floor":12,"turns":4},{"damage":13,"enemies":"Lots of Slimes","floor":14,"turns":2}],"seed_played":"-1055463198758412743","potions_obtained":[{"floor":1,"key":"SkillPotion"},{"floor":3,"key":"SkillPotion"},{"floor":7,"key":"SpeedPotion"}],"is_trial":false,"path_per_floor":["M","?","M","M","M","R","M","$","T","R","M","M","T","M"],"character_chosen":"THE_SILENT","items_purchased":["Acrobatics","Masterful Stab"],"campfire_rested":0,"item_purchase_floors":[8,8],"current_hp_per_floor":[44,44,38,38,36,36,28,28,28,28,17,13,13,0],"gold":130,"neow_bonus":"TRANSFORM_TWO_CARDS","is_prod":false,"is_daily":false,"chose_seed":false,"campfire_upgraded":2,"win_rate":0,"timestamp":1543156116,"path_taken":["M","?","M","M","M","R","M","$","T","R","M","M","?","M"],"build_version":"2018-11-15","purchased_purges":0,"victory":false,"max_hp_per_floor":[66,60,60,60,60,60,60,60,60,60,60,60,60,60],"card_choices":[{"not_picked":["Blur","Expertise"],"picked":"Footwork","floor":1},{"not_picked":["Skewer","Deflect"],"picked":"Deadly Poison","floor":3},{"not_picked":["Caltrops","Deadly Poison","Slice"],"picked":"SKIP","floor":4},{"not_picked":["Concentrate","Eviscerate","Prepared"],"picked":"SKIP","floor":5},{"not_picked":["PiercingWail","Outmaneuver","Die Die Die"],"picked":"SKIP","floor":7},{"not_picked":["Poisoned Stab","Backflip","Leg Sweep"],"picked":"SKIP","floor":11},{"not_picked":["PiercingWail","Blade Dance"],"picked":"Backflip","floor":12}],"player_experience":1161344,"relics_obtained":[{"floor":9,"key":"Ice Cream"},{"floor":13,"key":"Happy Flower"}],"event_choices":[{"damage_healed":0,"gold_gain":0,"player_choice":"Lose Max HP","damage_taken":0,"relics_obtained":["Golden Idol"],"max_hp_gain":0,"max_hp_loss":6,"event_name":"Golden Idol","floor":2,"gold_loss":0}],"is_beta":true,"boss_relics":[],"items_purged_floors":[],"is_endless":false,"potions_floor_spawned":[1,3,7],"killed_by":"Lots of Slimes","ascension_level":20}