{"gold_per_floor":[114,126,51,61,78,78,112,112,138,163,181,212,212,225,225,302,302,315,315,330,341,341,341,375,386,461,495,511,541,541,175,175,253,253,267,108,119,130,146,174,174,201,224,249,275,337,383,408,420,432,444,456,468,5,37,37],"floor_reached":57,"playtime":3432,"items_purged":["Strike_G","Strike_G"],"score":3908,"play_id":"51c33dcf-49af-4e9d-b40e-7198dcbeda5b","local_time":"20190228154111","is_ascension_mode":true,"campfire_choices":[{"data":"Deadly Poison","floor":6.0,"key":"SMITH"},{"data":"Catalyst","floor":8.0,"key":"SMITH"},{"data":"Neutralize","floor":13.0,"key":"SMITH"},{"data":"Blade Dance","floor":15.0,"key":"SMITH"},{"data":"Catalyst","floor":23.0,"key":"SMITH"},{"data":"Acrobatics","floor":30.0,"key":"SMITH"},{"data":"Impatience","floor":32.0,"key":"SMITH"},{"floor":49.0,"key":"RECALL"},{"data":"Catalyst","floor":53.0,"key":"SMITH"}],"neow_cost":"PERCENT_DAMAGE","seed_source_timestamp":11487257255649,"circlet_count":0,"master_deck":["AscendersBane","Defend_G","Defend_G","Defend_G","Defend_G","Defend_G","Survivor","Neutralize+1","Prepared","After Image","Escape Plan","Deadly Poison+1","Catalyst+1","Escape Plan","Footwork","Backflip","Noxious Fumes","Blade Dance+1","Well Laid Plans+1","After Image","Blade Dance+1","Catalyst+1","Backflip","Catalyst+1","Venomology","Acrobatics+1","Impatience+1","Master of Strategy","Well Laid Plans+1","Backflip","Bouncing Flask+1","Acrobatics+1","Catalyst","Jack Of All Trades","Secret Technique","Sadistic Nature","Blade Dance+1","Leg Sweep","Noxious Fumes+1","Footwork","Escape Plan","Leg Sweep","Deep Breath","Noxious Fumes"],"special_seed":0,"relics":["Ring of the Snake","Bag of Preparation","Art of War","PreservedInsect","Kunai","Coffee Dripper","Paper Crane","Ancient Tea Set","Centennial Puzzle","Black Star","Happy Flower","Bottled Lightning","Meat on the Bone","Bird Faced Urn","Blood Vial","Lantern","MawBank","Girya","Anchor","Mummified Hand","Pantograph","Boot"],"potions_floor_usage":[55,56,56,56],"damage_taken":[{"damage":0.0,"enemies":"Small Slimes","floor":1.0,"turns":6.0},{"damage":0.0,"enemies":"Jaw Worm","floor":2.0,"turns":7.0},{"damage":0.0,"enemies":"Cultist","floor":4.0,"turns":5.0},{"damage":1.0,"enemies":"Looter","floor":5.0,"turns":5.0},{"damage":10.0,"enemies":"3 Sentries","floor":7.0,"turns":16.0},{"damage":0.0,"enemies":"Lagavulin","floor":10.0,"turns":5.0},{"damage":0.0,"enemies":"Blue Slaver","floor":11.0,"turns":4.0},{"damage":0.0,"enemies":"Gremlin Nob","floor":12.0,"turns":3.0},{"damage":0.0,"enemies":"2 Fungi Beasts","floor":14.0,"turns":5.0},{"damage":0.0,"enemies":"The Guardian","floor":16.0,"turns":7.0},{"damage":0.0,"enemies":"Shell Parasite","floor":18.0,"turns":5.0},{"damage":2.0,"enemies":"Chosen","floor":20.0,"turns":5.0},{"damage":0.0,"enemies":"Centurion and Healer","floor":21.0,"turns":7.0},{"damage":0.0,"enemies":"Book of Stabbing","floor":24.0,"turns":4.0},{"damage":0.0,"enemies":"Snecko","floor":25.0,"turns":2.0},{"damage":0.0,"enemies":"Gremlin Leader","floor":27.0,"turns":6.0},{"damage":0.0,"enemies":"Cultist and Chosen","floor":28.0,"turns":8.0},{"damage":0.0,"enemies":"Slavers","floor":29.0,"turns":7.0},{"damage":0.0,"enemies":"Automaton","floor":33.0,"turns":6.0},{"damage":8.0,"enemies":"3 Darklings","floor":35.0,"turns":6.0},{"damage":2.0,"enemies":"Orb Walker","floor":37.0,"turns":3.0},{"damage":0.0,"enemies":"Writhing Mass","floor":38.0,"turns":4.0},{"damage":0.0,"enemies":"Transient","floor":39.0,"turns":6.0},{"damage":0.0,"enemies":"Giant Head","floor":40.0,"turns":4.0},{"damage":0.0,"enemies":"Reptomancer","floor":42.0,"turns":2.0},{"damage":0.0,"enemies":"Nemesis","floor":44.0,"turns":5.0},{"damage":7.0,"enemies":"3 Darklings","floor":45.0,"turns":4.0},{"damage":0.0,"enemies":"Reptomancer","floor":47.0,"turns":6.0},{"damage":0.0,"enemies":"Spire Growth","floor":48.0,"turns":2.0},{"damage":10.0,"enemies":"Awakened One","floor":50.0,"turns":15.0},{"damage":0.0,"enemies":"Time Eater","floor":51.0,"turns":3.0},{"damage":0,"enemies":"Shield and Spear","floor":55,"turns":5},{"damage":21,"enemies":"The Heart","floor":56,"turns":5}],"seed_played":"-987092012423294557","potions_obtained":[{"floor":1.0,"key":"AttackPotion"},{"floor":2.0,"key":"FearPotion"},{"floor":11.0,"key":"Explosive Potion"},{"floor":14.0,"key":"LiquidBronze"},{"floor":20.0,"key":"Energy Potion"},{"floor":25.0,"key":"Regen Potion"},{"floor":28.0,"key":"Swift Potion"},{"floor":33.0,"key":"Ancient Potion"},{"floor":39.0,"key":"Poison Potion"},{"floor":48.0,"key":"Weak Potion"}],"is_trial":false,"path_per_floor":["M","M","?","M","M","R","E","R","T","E","M","E","R","M","R","B",null,"M","?","M","M","?","R","E","M","T","E","M","E","R","$","R","B",null,"M","$","M","M","M","E","?","E","T","E","M","?","E","M","R","B","B",null,"R","$","E","B",null],"character_chosen":"THE_SILENT","items_purchased":["Impatience","Master of Strategy","Backflip","Leg Sweep","Deep Breath","Mummified Hand","Energy Potion"],"campfire_rested":0,"item_purchase_floors":[31,31,36,54,54,54,54],"current_hp_per_floor":[44,44,44,44,43,43,33,33,33,33,33,33,33,33,33,33,58,58,58,56,56,38,38,38,38,38,53,53,53,53,53,53,53,67,59,59,57,57,57,57,47,47,47,63,64,64,71,71,71,70,71,71,71,71,71,56],"gold":37,"neow_bonus":"TRANSFORM_TWO_CARDS","is_prod":false,"is_daily":false,"chose_seed":false,"campfire_upgraded":8,"win_rate":0,"timestamp":1551339671,"path_taken":["M","M","?","M","M","R","E","R","T","E","M","E","R","M","R","BOSS","M","?","?","M","?","R","E","M","T","E","M","E","R","$","R","BOSS","M","$","M","M","M","E","?","E","T","E","M","?","E","M","R","BOSS","BOSS","R","$","E","BOSS"],"build_version":"2019-01-23","purchased_purges":2,"victory":true,"max_hp_per_floor":[66,66,66,66,66,66,66,66,66,66,66,66,66,66,66,66,66,66,66,66,66,71,71,71,71,71,71,71,71,71,71,71,71,71,71,71,71,71,71,71,71,71,71,71,71,71,71,71,71,71,71,71,71,71,71,71],"card_choices":[{"not_picked":["Sucker Punch","Deflect"],"picked":"Escape Plan","floor":1.0},{"not_picked":["Caltrops","Sucker Punch"],"picked":"Deadly Poison","floor":2.0},{"not_picked":["Caltrops","Outmaneuver"],"picked":"Catalyst","floor":4.0},{"not_picked":["Prepared","Bullet Time"],"picked":"Escape Plan","floor":5.0},{"not_picked":["Backflip","Cloak And Dagger"],"picked":"Footwork","floor":7.0},{"not_picked":["All Out Attack","Slice"],"picked":"Backflip","floor":10.0},{"not_picked":["Infinite Blades","Heel Hook"],"picked":"Noxious Fumes","floor":11.0},{"not_picked":["Quick Slash","Setup"],"picked":"Blade Dance","floor":12.0},{"not_picked":["Expertise","Tactician"],"picked":"Well Laid Plans","floor":14.0},{"not_picked":["A Thousand Cuts","Tools of the Trade"],"picked":"After Image","floor":16.0},{"not_picked":["Cloak And Dagger","Terror+1"],"picked":"Blade Dance+1","floor":18.0},{"not_picked":["Deflect","Prepared"],"picked":"Catalyst","floor":20.0},{"not_picked":["Flying Knee","Dagger Spray"],"picked":"Backflip","floor":21.0},{"not_picked":["Poisoned Stab","Outmaneuver"],"picked":"Catalyst","floor":24.0},{"not_picked":["Blade Dance","Acrobatics"],"picked":"Venomology","floor":25.0},{"not_picked":["Finisher","Slice","Dodge and Roll"],"picked":"SKIP","floor":27.0},{"not_picked":["Flying Knee","Outmaneuver","Dodge and Roll"],"picked":"SKIP","floor":28.0},{"not_picked":["Flying Knee","Dagger Throw"],"picked":"Acrobatics","floor":29.0},{"not_picked":["Quick Slash","Acrobatics"],"picked":"Well Laid Plans+1","floor":35.0},{"not_picked":["Blade Dance","Dagger Throw"],"picked":"Bouncing Flask+1","floor":37.0},{"not_picked":["Endless Agony","Finisher"],"picked":"Acrobatics+1","floor":38.0},{"not_picked":["Setup","Outmaneuver"],"picked":"Catalyst","floor":39.0},{"not_picked":["Expertise","Cloak And Dagger","Deflect"],"picked":"SKIP","floor":40.0},{"not_picked":["Enlightenment","Secret Weapon"],"picked":"Jack Of All Trades","floor":41.0},{"not_picked":["Metamorphosis","Trip"],"picked":"Secret Technique","floor":41.0},{"not_picked":["Madness","Transmutation"],"picked":"Sadistic Nature","floor":41.0},{"not_picked":["Slice","Masterful Stab"],"picked":"Blade Dance+1","floor":42.0},{"not_picked":["Outmaneuver","Leg Sweep","Die Die Die"],"picked":"SKIP","floor":44.0},{"not_picked":["Outmaneuver","Die Die Die"],"picked":"Leg Sweep","floor":44.0},{"not_picked":["Poisoned Stab","Deflect+1"],"picked":"Noxious Fumes+1","floor":45.0},{"not_picked":["Underhanded Strike","Deadly Poison"],"picked":"Footwork","floor":47.0},{"not_picked":["Prepared","Dodge and Roll+1"],"picked":"Escape Plan","floor":48.0},{"not_picked":["Infinite Blades+1","Sucker Punch+1"],"picked":"Noxious Fumes","floor":55}],"player_experience":3223828,"relics_obtained":[{"floor":7.0,"key":"Bag of Preparation"},{"floor":9.0,"key":"Art of War"},{"floor":10.0,"key":"PreservedInsect"},{"floor":12.0,"key":"Kunai"},{"floor":24.0,"key":"Paper Crane"},{"floor":27.0,"key":"Ancient Tea Set"},{"floor":29.0,"key":"Centennial Puzzle"},{"floor":40.0,"key":"Happy Flower"},{"floor":40.0,"key":"Bottled Lightning"},{"floor":42.0,"key":"Meat on the Bone"},{"floor":42.0,"key":"Bird Faced Urn"},{"floor":43.0,"key":"Blood Vial"},{"floor":44.0,"key":"Lantern"},{"floor":44.0,"key":"MawBank"},{"floor":47.0,"key":"Girya"},{"floor":47.0,"key":"Anchor"},{"floor":55,"key":"Pantograph"},{"floor":55,"key":"Boot"}],"event_choices":[{"cards_removed":["Strike_G"],"damage_healed":0.0,"max_hp_gain":0.0,"max_hp_loss":0.0,"gold_gain":0.0,"event_name":"The Cleric","player_choice":"Card Removal","floor":3.0,"gold_loss":75.0,"damage_taken":0.0},{"damage_healed":0.0,"max_hp_gain":0.0,"max_hp_loss":0.0,"gold_gain":0.0,"event_name":"Accursed Blacksmith","player_choice":"Forge","floor":19.0,"gold_loss":0.0,"damage_taken":0.0,"cards_upgraded":["Well Laid Plans"]},{"damage_healed":0.0,"max_hp_gain":5.0,"max_hp_loss":0.0,"gold_gain":0.0,"event_name":"Forgotten Altar","player_choice":"Shed Blood","floor":22.0,"gold_loss":0.0,"damage_taken":23.0},{"damage_healed":0.0,"max_hp_gain":0.0,"max_hp_loss":0.0,"gold_gain":0.0,"event_name":"SensoryStone","player_choice":"Memory 3","floor":41.0,"gold_loss":0.0,"damage_taken":10.0},{"damage_healed":0.0,"max_hp_gain":0.0,"max_hp_loss":0.0,"gold_gain":50.0,"event_name":"Golden Shrine","player_choice":"Pray","floor":46.0,"gold_loss":0.0,"damage_taken":0.0}],"is_beta":false,"boss_relics":[{"not_picked":["Snecko Eye","Tiny House"],"picked":"Coffee Dripper"},{"not_picked":["Empty Cage","White Beast Statue"],"picked":"Black Star"}],"items_purged_floors":[31,36],"is_endless":false,"potions_floor_spawned":[1,2,5,11,14,20,24,25,28,33,37,38,39,48],"ascension_level":20}