{"gold_per_floor":[114,114,131,145,145,145,156,156,179,209,209,219,68,88,88,190,190,206,206,7,7,26,26,45,58,82,82,107,140,159,179,179,274,274,288,288,288,288,299,299,399,399,448,448,460,43,60,132,132,132],"floor_reached":51,"playtime":1526,"items_purged":["Strike_R","Burning Pact+1"],"score":817,"play_id":"374947ae-8137-468e-8bf6-a64c44be2dfb","local_time":"20190802233609","is_ascension_mode":false,"campfire_choices":[{"data":"Body Slam","floor":6.0,"key":"SMITH"},{"data":"Shrug It Off","floor":11.0,"key":"SMITH"},{"data":"Burning Pact","floor":15.0,"key":"SMITH"},{"data":"Shrug It Off","floor":23.0,"key":"SMITH"},{"data":"Double Tap","floor":32.0,"key":"SMITH"},{"floor":40,"key":"REST"},{"floor":42,"key":"REST"},{"floor":44,"key":"REST"},{"floor":49,"key":"REST"}],"neow_cost":"NONE","seed_source_timestamp":541080892948600,"circlet_count":0,"master_deck":["Body Slam+1","Shrug It Off+1","Shrug It Off+1","Double Tap+1","Offering+1"],"special_seed":0,"relics":["Burning Blood","War Paint","Ancient Tea Set","Bag of Marbles","Blood Vial","Pandora\u0027s Box","Membership Card","Oddly Smooth Stone","Red Mask","Toxic Egg 2","Mark of Pain","FaceOfCleric","Bird Faced Urn","Pen Nib","Medical Kit","Kunai","Juzu Bracelet","Question Card"],"potions_floor_usage":[50,50],"damage_taken":[{"damage":0.0,"enemies":"Small Slimes","floor":1.0,"turns":4.0},{"damage":6.0,"enemies":"Cultist","floor":3.0,"turns":3.0},{"damage":3.0,"enemies":"2 Louse","floor":4.0,"turns":2.0},{"damage":4.0,"enemies":"Looter","floor":7.0,"turns":4.0},{"damage":24.0,"enemies":"Lagavulin","floor":10.0,"turns":10.0},{"damage":0.0,"enemies":"Blue Slaver","floor":12.0,"turns":2.0},{"damage":0.0,"enemies":"Red Slaver","floor":14.0,"turns":2.0},{"damage":14.0,"enemies":"The Guardian","floor":16.0,"turns":14.0},{"damage":0.0,"enemies":"Spheric Guardian","floor":18.0,"turns":4.0},{"damage":0.0,"enemies":"2 Thieves","floor":22.0,"turns":3.0},{"damage":0.0,"enemies":"Shelled Parasite and Fungi","floor":24.0,"turns":3.0},{"damage":8.0,"enemies":"Snecko","floor":25.0,"turns":5.0},{"damage":0.0,"enemies":"Masked Bandits","floor":28.0,"turns":3.0},{"damage":0.0,"enemies":"Book of Stabbing","floor":29.0,"turns":4.0},{"damage":0.0,"enemies":"3 Cultists","floor":30.0,"turns":4.0},{"damage":0.0,"enemies":"Snake Plant","floor":31.0,"turns":2.0},{"damage":48.0,"enemies":"Champ","floor":33.0,"turns":10.0},{"damage":0,"enemies":"3 Darklings","floor":35,"turns":5},{"damage":0,"enemies":"Orb Walker","floor":39,"turns":2},{"damage":12,"enemies":"Mind Bloom Boss Battle","floor":41,"turns":3},{"damage":0,"enemies":"4 Shapes","floor":45,"turns":3},{"damage":6,"enemies":"Sphere and 2 Shapes","floor":47,"turns":3},{"damage":6,"enemies":"Time Eater","floor":50,"turns":6}],"seed_played":"-8146382728605789471","potions_obtained":[{"floor":1.0,"key":"AttackPotion"},{"floor":4.0,"key":"FearPotion"},{"floor":14.0,"key":"EssenceOfSteel"},{"floor":25.0,"key":"GamblersBrew"},{"floor":35,"key":"Dexterity Potion"},{"floor":39,"key":"Ancient Potion"}],"is_trial":false,"path_per_floor":["M","?","M","M","?","R","M","?","T","E","R","M","$","M","R","B",null,"M","?","$","?","M","R","M","M","T","?","?","E","M","M","R","B",null,"M","?","$","?","M","R","?","R","T","R","M","$","M","T","R","B",null],"character_chosen":"IRONCLAD","items_purchased":["Burning Pact","Membership Card","Medical Kit","Kunai","Offering+1","Juzu Bracelet"],"campfire_rested":4,"item_purchase_floors":[13,20,46,46,46,46],"current_hp_per_floor":[80,80,80,80,85,85,85,85,85,67,67,75,75,83,83,77,85,88,88,88,88,91,91,94,95,95,95,97,100,103,106,106,67,109,112,112,112,112,113,113,108,114,114,114,115,115,116,116,116,117],"gold":132,"neow_bonus":"RANDOM_COMMON_RELIC","is_prod":false,"is_daily":false,"chose_seed":false,"campfire_upgraded":5,"win_rate":0,"timestamp":1564760169,"path_taken":["M","?","M","?","?","R","M","?","T","E","R","M","$","M","R","BOSS","M","?","$","?","M","R","?","M","T","?","?","E","M","M","R","BOSS","M","?","$","?","?","R","?","R","T","R","M","$","M","?","R","BOSS"],"build_version":"2019-07-17","purchased_purges":2,"victory":true,"max_hp_per_floor":[80,80,80,80,85,85,85,85,85,85,85,85,85,85,85,85,85,88,88,88,88,91,91,94,97,97,97,97,100,103,106,106,109,109,112,112,112,112,113,113,114,114,114,114,115,115,116,116,116,117],"card_choices":[{"not_picked":["True Grit","Sentinel"],"picked":"Cleave","floor":1.0},{"not_picked":["Headbutt","Thunderclap"],"picked":"Body Slam","floor":3.0},{"not_picked":["Rampage","Sword Boomerang"],"picked":"Shrug It Off","floor":4.0},{"not_picked":["Spot Weakness","Perfected Strike","Flex"],"picked":"SKIP","floor":7.0},{"not_picked":["Body Slam","Rupture","Spot Weakness"],"picked":"SKIP","floor":10.0},{"not_picked":["Body Slam","Pommel Strike"],"picked":"Shrug It Off","floor":12.0},{"not_picked":["Havoc","Wild Strike","Clash"],"picked":"SKIP","floor":14.0},{"not_picked":["Reaper","Impervious"],"picked":"Feed","floor":16.0},{"not_picked":["Cleave","Shrug It Off","Body Slam"],"picked":"SKIP","floor":18.0},{"not_picked":["Pommel Strike","Body Slam","Cleave"],"picked":"SKIP","floor":22.0},{"not_picked":["Headbutt+1","Anger","Pommel Strike"],"picked":"SKIP","floor":24.0},{"not_picked":["Shrug It Off","Warcry+1","Fire Breathing"],"picked":"SKIP","floor":25.0},{"not_picked":["Body Slam+1","Twin Strike","Headbutt"],"picked":"SKIP","floor":29.0},{"not_picked":["True Grit+1","Thunderclap","Bludgeon"],"picked":"SKIP","floor":30.0},{"not_picked":["Pommel Strike","Thunderclap","Sever Soul"],"picked":"SKIP","floor":31.0},{"not_picked":["Sword Boomerang+1","Pummel","Body Slam"],"picked":"SKIP","floor":35},{"not_picked":["Body Slam+1","Heavy Blade+1","Sentinel+1"],"picked":"SKIP","floor":39},{"not_picked":["Anger+1","Reckless Charge+1","Metallicize+1"],"picked":"SKIP","floor":45},{"not_picked":["Wild Strike","Evolve+1","Warcry+1"],"picked":"SKIP","floor":47}],"player_experience":713894,"relics_obtained":[{"floor":9.0,"key":"Bag of Marbles"},{"floor":10.0,"key":"Blood Vial"},{"floor":26.0,"key":"Oddly Smooth Stone"},{"floor":28.0,"key":"Red Mask"},{"floor":29.0,"key":"Toxic Egg 2"},{"floor":41,"key":"Bird Faced Urn"},{"floor":43,"key":"Pen Nib"},{"floor":48,"key":"Question Card"}],"event_choices":[{"cards_removed":["Strike_R"],"damage_healed":0.0,"max_hp_gain":0.0,"max_hp_loss":0.0,"gold_gain":0.0,"event_name":"Bonfire Elementals","player_choice":"Offered Basic","floor":2.0,"gold_loss":0.0,"damage_taken":0.0},{"damage_healed":0.0,"max_hp_gain":5.0,"max_hp_loss":0.0,"gold_gain":0.0,"event_name":"Big Fish","player_choice":"Donut","floor":5.0,"gold_loss":0.0,"damage_taken":0.0},{"damage_healed":0.0,"max_hp_gain":0.0,"max_hp_loss":0.0,"gold_gain":0.0,"event_name":"Dead Adventurer","player_choice":"Searched \u00272\u0027 times","floor":8.0,"gold_loss":0.0,"damage_taken":0.0,"relics_obtained":["Ancient Tea Set"]},{"damage_healed":0.0,"max_hp_gain":0.0,"max_hp_loss":0.0,"gold_gain":0.0,"cards_transformed":["Cleave","Bash"],"event_name":"Drug Dealer","player_choice":"Became Test Subject","floor":19.0,"gold_loss":0.0,"damage_taken":0.0,"cards_obtained":["Double Tap","Metallicize"]},{"cards_removed":["Metallicize"],"damage_healed":0.0,"max_hp_gain":0.0,"max_hp_loss":0.0,"gold_gain":0.0,"event_name":"Purifier","player_choice":"Purged","floor":21.0,"gold_loss":0.0,"damage_taken":0.0},{"damage_healed":0.0,"max_hp_gain":0.0,"max_hp_loss":0.0,"gold_gain":0.0,"event_name":"Cursed Tome","player_choice":"Ignored","floor":27.0,"gold_loss":0.0,"damage_taken":0.0},{"damage_healed":0.0,"max_hp_gain":0.0,"max_hp_loss":0.0,"gold_gain":0.0,"event_name":"Masked Bandits","player_choice":"Fought Bandits","floor":28.0,"gold_loss":0.0,"damage_taken":0.0},{"cards_removed":["Feed"],"damage_healed":0,"gold_gain":0,"player_choice":"Removed Attack","damage_taken":0,"max_hp_gain":0,"max_hp_loss":0,"event_name":"Falling","floor":36,"gold_loss":0},{"damage_healed":0,"gold_gain":0,"player_choice":"Trade","damage_taken":0,"relics_obtained":["FaceOfCleric"],"max_hp_gain":0,"max_hp_loss":0,"event_name":"FaceTrader","floor":38,"gold_loss":0},{"damage_healed":0,"gold_gain":0,"player_choice":"Fight","damage_taken":0,"max_hp_gain":0,"max_hp_loss":0,"event_name":"MindBloom","floor":41,"gold_loss":0}],"is_beta":false,"boss_relics":[{"not_picked":["Fusion Hammer","Tiny House"],"picked":"Pandora\u0027s Box"},{"not_picked":["Snecko Eye","Orrery"],"picked":"Mark of Pain"}],"items_purged_floors":[13,46],"is_endless":false,"potions_floor_spawned":[1,4,14,18,25,29,35,39],"ascension_level":0}