{"gold_per_floor":[14,14,32,43,57,67,67,67,67,67,67],"floor_reached":11,"playtime":301,"items_purged":[],"score":130,"play_id":"8f2a69c6-729c-4a82-83f8-2c8e38d56857","local_time":"20181007211231","is_ascension_mode":true,"campfire_choices":[{"data":"Tactician","floor":7,"key":"SMITH"},{"data":"Neutralize","floor":10,"key":"SMITH"}],"neow_cost":"NO_GOLD","seed_source_timestamp":458776515238925,"circlet_count":0,"master_deck":["Defend_G","Defend_G","Defend_G","Defend_G","Strike_G","Strike_G","Strike_G","Survivor","Neutralize+1","AscendersBane","Underhanded Strike","Tactician+1","Acrobatics","Acrobatics"],"special_seed":0,"relics":["Ring of the Snake","Bottled Lightning"],"potions_floor_usage":[11],"damage_taken":[{"damage":0,"enemies":"2 Louse","floor":1,"turns":3},{"damage":1,"enemies":"Small Slimes","floor":3,"turns":5},{"damage":6,"enemies":"Cultist","floor":4,"turns":4},{"damage":0,"enemies":"Red Slaver","floor":5,"turns":3},{"damage":1,"enemies":"Exordium Wildlife","floor":6,"turns":3},{"damage":50,"enemies":"Gremlin Nob","floor":11,"turns":4}],"seed_played":"-2856853446041811583","potions_obtained":[{"floor":3,"key":"EssenceOfSteel"},{"floor":5,"key":"Energy Potion"}],"is_trial":false,"path_per_floor":["M","?","M","M","M","M","R","$","T","R"],"character_chosen":"THE_SILENT","items_purchased":[],"campfire_rested":0,"item_purchase_floors":[],"current_hp_per_floor":[59,52,51,45,45,44,44,44,44,44,0],"gold":67,"neow_bonus":"REMOVE_TWO","is_prod":false,"is_daily":false,"chose_seed":false,"campfire_upgraded":2,"win_rate":0,"timestamp":1538917951,"path_taken":["M","?","M","?","M","M","R","?","T","R","E"],"build_version":"2018-10-04v2","purchased_purges":0,"victory":false,"max_hp_per_floor":[66,66,66,66,66,66,66,66,66,66,66],"card_choices":[{"not_picked":["Outmaneuver","Dodge and Roll"],"picked":"Underhanded Strike","floor":1},{"not_picked":["Noxious Fumes","Flechettes"],"picked":"Tactician","floor":3},{"not_picked":["Bane","Poisoned Stab"],"picked":"Acrobatics","floor":4},{"not_picked":["Quick Slash","Outmaneuver","Leg Sweep"],"picked":"SKIP","floor":5},{"not_picked":["Quick Slash","Skewer"],"picked":"Acrobatics","floor":6}],"player_experience":221728,"relics_obtained":[{"floor":9,"key":"Bottled Lightning"}],"event_choices":[{"event_name":"Golden Wing","player_choice":"Card Removal","floor":2,"damage_taken":0}],"is_beta":false,"boss_relics":[],"items_purged_floors":[],"is_endless":false,"potions_floor_spawned":[3,5],"killed_by":"Gremlin Nob","ascension_level":20}