{"gold_per_floor":[114,129,204,204,218,218,218,218,293,311,329,329,329,329,329,402,402,373,10,10,10,26,26,51,66,92,107,107,29,48,64,64,136,136,146,146,146,46,66,66,101,101,101,128,144,144,162,162,162,162,162,162,162,37,62,62],"floor_reached":57,"playtime":3027,"items_purged":["Strike_G","Blade Dance+1","Survivor"],"score":3240,"play_id":"3d002767-7d69-4261-ac47-e26c15409c5a","local_time":"20190302203621","is_ascension_mode":true,"campfire_choices":[{"data":"Tools of the Trade","floor":6.0,"key":"SMITH"},{"data":"Neutralize","floor":12.0,"key":"SMITH"},{"data":"Predator","floor":15.0,"key":"SMITH"},{"data":"Apotheosis","floor":23.0,"key":"SMITH"},{"floor":32.0,"key":"RECALL"},{"data":"Malaise","floor":40.0,"key":"SMITH"},{"data":"Adrenaline","floor":46,"key":"SMITH"},{"data":"Acrobatics","floor":49,"key":"SMITH"},{"data":"Adrenaline","floor":53,"key":"SMITH"}],"neow_cost":"TEN_PERCENT_HP_LOSS","seed_source_timestamp":32349345740621,"circlet_count":0,"master_deck":["AscendersBane","Neutralize+1","Tools of the Trade+1","Backflip","Well Laid Plans+1","Adrenaline+1","Malaise+1","Apotheosis+1","Footwork+1","Setup","Escape Plan","Grand Finale","Reflex","Adrenaline+1","Backstab+1","Heel Hook+1","Acrobatics+1"],"special_seed":0,"relics":["Ring of the Snake","Letter Opener","Empty Cage","Art of War","Happy Flower","Astrolabe","Paper Crane","Pantograph","Snake Skull"],"potions_floor_usage":[44,45,56,56],"damage_taken":[{"damage":3.0,"enemies":"Jaw Worm","floor":1.0,"turns":7.0},{"damage":1.0,"enemies":"2 Louse","floor":2.0,"turns":3.0},{"damage":1.0,"enemies":"Small Slimes","floor":5.0,"turns":5.0},{"damage":0.0,"enemies":"2 Fungi Beasts","floor":10.0,"turns":4.0},{"damage":3.0,"enemies":"Red Slaver","floor":11.0,"turns":5.0},{"damage":0.0,"enemies":"The Guardian","floor":16.0,"turns":14.0},{"damage":0.0,"enemies":"2 Thieves","floor":18.0,"turns":4.0},{"damage":7.0,"enemies":"Shell Parasite","floor":22.0,"turns":6.0},{"damage":0.0,"enemies":"Book of Stabbing","floor":24.0,"turns":6.0},{"damage":3.0,"enemies":"Snecko","floor":25.0,"turns":8.0},{"damage":0.0,"enemies":"Centurion and Healer","floor":27.0,"turns":5.0},{"damage":1.0,"enemies":"Snake Plant","floor":30.0,"turns":4.0},{"damage":2.0,"enemies":"Chosen and Byrds","floor":31.0,"turns":4.0},{"damage":0.0,"enemies":"Collector","floor":33.0,"turns":4.0},{"damage":0.0,"enemies":"Orb Walker","floor":35.0,"turns":2.0},{"damage":0.0,"enemies":"3 Darklings","floor":39.0,"turns":2.0},{"damage":0.0,"enemies":"Giant Head","floor":41.0,"turns":2.0},{"damage":0,"enemies":"Nemesis","floor":44,"turns":2},{"damage":12,"enemies":"4 Shapes","floor":45,"turns":4},{"damage":0,"enemies":"Spire Growth","floor":47,"turns":2},{"damage":24,"enemies":"Time Eater","floor":50,"turns":5},{"damage":0,"enemies":"Awakened One","floor":51,"turns":3},{"damage":9,"enemies":"Shield and Spear","floor":55,"turns":2},{"damage":21,"enemies":"The Heart","floor":56,"turns":6}],"seed_played":"-8402809061304383515","potions_obtained":[{"floor":1.0,"key":"LiquidBronze"},{"floor":5.0,"key":"Weak Potion"},{"floor":22.0,"key":"Poison Potion"},{"floor":35.0,"key":"GhostInAJar"},{"floor":44,"key":"Ancient Potion"},{"floor":55,"key":"PowerPotion"}],"is_trial":false,"path_per_floor":["M","M","?","?","M","R","?","?","T","M","M","R","?","?","R","B",null,"M","$","?","?","M","R","E","M","T","M","?","$","M","M","R","B",null,"M","?","?","$","M","R","E","?","T","E","M","R","M","?","R","B","B",null,"R","$","E","B",null],"character_chosen":"THE_SILENT","items_purchased":["Apotheosis","Footwork","Grand Finale"],"campfire_rested":0,"item_purchase_floors":[19,19,29],"current_hp_per_floor":[56,55,44,44,43,43,25,25,25,25,22,22,22,27,27,27,56,56,56,56,56,49,49,49,46,46,46,46,46,45,43,43,43,60,60,60,60,60,60,60,60,60,60,60,48,48,48,48,48,38,62,62,62,62,53,41],"gold":62,"neow_bonus":"THREE_RARE_CARDS","is_prod":false,"is_daily":false,"chose_seed":false,"campfire_upgraded":8,"win_rate":0,"timestamp":1551530181,"path_taken":["M","M","?","?","M","R","?","?","T","M","?","R","?","?","R","BOSS","M","$","?","?","?","R","E","M","T","M","?","$","?","M","R","BOSS","M","?","?","$","M","R","E","?","T","E","M","R","?","?","R","BOSS","BOSS","R","$","E","BOSS"],"build_version":"2019-01-23","purchased_purges":3,"victory":true,"max_hp_per_floor":[60,60,60,60,60,60,60,60,60,60,60,60,60,65,65,65,65,65,65,65,65,65,65,65,65,65,65,65,65,65,65,65,65,65,65,65,65,65,65,65,65,62,62,62,62,62,62,62,62,62,62,62,62,62,62,62],"card_choices":[{"not_picked":["Wraith Form v2","Die Die Die"],"picked":"Tools of the Trade","floor":0.0},{"not_picked":["Choke","Heel Hook"],"picked":"Backflip","floor":1.0},{"not_picked":["Prepared","Infinite Blades"],"picked":"Well Laid Plans","floor":2.0},{"not_picked":["Underhanded Strike","Quick Slash"],"picked":"Predator","floor":5.0},{"not_picked":["Dagger Throw","Dagger Spray","Outmaneuver"],"picked":"SKIP","floor":10.0},{"not_picked":["Bane","Deflect","Masterful Stab"],"picked":"SKIP","floor":11.0},{"not_picked":["Tools of the Trade","Venomology"],"picked":"Malaise","floor":16.0},{"not_picked":["Deflect","Quick Slash","Outmaneuver"],"picked":"SKIP","floor":18.0},{"not_picked":["Endless Agony+1","Cloak And Dagger","Dagger Throw+1"],"picked":"SKIP","floor":22.0},{"not_picked":["Infinite Blades","Setup","Deflect"],"picked":"SKIP","floor":24.0},{"not_picked":["Catalyst+1","Quick Slash","Skewer"],"picked":"SKIP","floor":25.0},{"not_picked":["Bane","Dagger Spray","Dagger Throw"],"picked":"SKIP","floor":27.0},{"not_picked":["Well Laid Plans+1","Blade Dance","Bane"],"picked":"SKIP","floor":30.0},{"not_picked":["Sucker Punch","Wraith Form v2"],"picked":"Reflex","floor":31.0},{"not_picked":["Night Terror","Envenom"],"picked":"Adrenaline","floor":33.0},{"not_picked":["Outmaneuver","Sucker Punch","Predator"],"picked":"SKIP","floor":35.0},{"not_picked":["Sucker Punch","Deadly Poison","Cloak And Dagger"],"picked":"SKIP","floor":39.0},{"not_picked":["Quick Slash","Corpse Explosion","Deflect"],"picked":"SKIP","floor":41.0},{"not_picked":["Dagger Spray+1","Setup+1","Quick Slash+1"],"picked":"SKIP","floor":44},{"not_picked":["Bane","PiercingWail","Sucker Punch"],"picked":"SKIP","floor":45},{"not_picked":["Sucker Punch","Dash"],"picked":"Acrobatics","floor":47},{"not_picked":["Expertise","Dagger Spray","Accuracy"],"picked":"SKIP","floor":55}],"player_experience":3271998,"relics_obtained":[{"floor":9.0,"key":"Letter Opener"},{"floor":24.0,"key":"Art of War"},{"floor":26.0,"key":"Happy Flower"},{"floor":41.0,"key":"Paper Crane"},{"floor":44,"key":"Pantograph"},{"floor":55,"key":"Snake Skull"}],"event_choices":[{"damage_healed":0.0,"max_hp_gain":0.0,"max_hp_loss":0.0,"gold_gain":75.0,"event_name":"World of Goop","player_choice":"Gather Gold","floor":3.0,"gold_loss":0.0,"damage_taken":11.0},{"damage_healed":0.0,"max_hp_gain":0.0,"max_hp_loss":0.0,"gold_gain":0.0,"event_name":"Liars Game","player_choice":"Ignored","floor":4.0,"gold_loss":0.0,"damage_taken":0.0},{"damage_healed":0.0,"max_hp_gain":0.0,"max_hp_loss":0.0,"gold_gain":0.0,"event_name":"Shining Light","player_choice":"Entered Light","floor":7.0,"gold_loss":0.0,"damage_taken":18.0,"cards_upgraded":["Strike_G","Well Laid Plans"]},{"damage_healed":0.0,"max_hp_gain":0.0,"max_hp_loss":0.0,"gold_gain":0.0,"cards_transformed":["Strike_G"],"event_name":"Transmorgrifier","player_choice":"Transformed","floor":8.0,"gold_loss":0.0,"damage_taken":0.0,"cards_obtained":["Adrenaline"]},{"damage_healed":0.0,"max_hp_gain":0.0,"max_hp_loss":0.0,"gold_gain":0.0,"cards_transformed":["Strike_G"],"event_name":"Living Wall","player_choice":"Change","floor":13.0,"gold_loss":0.0,"damage_taken":0.0,"cards_obtained":["Venomology"]},{"damage_healed":0.0,"max_hp_gain":5.0,"max_hp_loss":0.0,"gold_gain":0.0,"event_name":"Big Fish","player_choice":"Donut","floor":14.0,"gold_loss":0.0,"damage_taken":0.0},{"damage_healed":0.0,"max_hp_gain":0.0,"max_hp_loss":0.0,"gold_gain":0.0,"cards_transformed":["Defend_G","Defend_G"],"event_name":"Drug Dealer","player_choice":"Became Test Subject","floor":20.0,"gold_loss":0.0,"damage_taken":0.0,"cards_obtained":["Setup","Escape Plan"]},{"damage_healed":0.0,"max_hp_gain":0.0,"max_hp_loss":0.0,"gold_gain":0.0,"event_name":"The Mausoleum","player_choice":"Ignored","floor":21.0,"gold_loss":0.0,"damage_taken":0.0},{"damage_healed":0.0,"max_hp_gain":0.0,"max_hp_loss":0.0,"gold_gain":0.0,"event_name":"Accursed Blacksmith","player_choice":"Forge","floor":28.0,"gold_loss":0.0,"damage_taken":0.0,"cards_upgraded":["Footwork"]},{"cards_removed":["Venomology"],"damage_healed":0.0,"max_hp_gain":0.0,"max_hp_loss":0.0,"gold_gain":0.0,"event_name":"Falling","player_choice":"Removed Skill","floor":36.0,"gold_loss":0.0,"damage_taken":0.0},{"damage_healed":0.0,"max_hp_gain":0.0,"max_hp_loss":0.0,"gold_gain":0.0,"event_name":"Tomb of Lord Red Mask","player_choice":"Ignored","floor":37.0,"gold_loss":0.0,"damage_taken":0.0},{"damage_healed":0.0,"max_hp_gain":0.0,"max_hp_loss":3.0,"gold_gain":0.0,"event_name":"Winding Halls","player_choice":"Max HP","floor":42.0,"gold_loss":0.0,"damage_taken":0.0},{"cards_removed":["Defend_G"],"damage_healed":0,"gold_gain":0,"player_choice":"Offered Basic","damage_taken":0,"max_hp_gain":0,"max_hp_loss":0,"event_name":"Bonfire Elementals","floor":48,"gold_loss":0}],"is_beta":false,"boss_relics":[{"not_picked":["Lizard Tail","White Beast Statue"],"picked":"Empty Cage"},{"not_picked":["Snecko Eye","Velvet Choker"],"picked":"Astrolabe"}],"items_purged_floors":[19,38,54],"is_endless":false,"potions_floor_spawned":[1,5,22,25,27,35,39,44,55],"ascension_level":20}