{"gold_per_floor":[110,110,125,139,139,139,151,163,242,257,11,26,46,46,46,119,119,130,130,130,150,150,150,162,181,181,181,238,251,251,261,261,261],"floor_reached":33,"playtime":1367,"items_purged":[],"score":676,"play_id":"476e7e92-4762-44ef-89f1-7f9c4a27ed35","local_time":"20190224012348","is_ascension_mode":true,"campfire_choices":[{"data":"Defragment","floor":6.0,"key":"SMITH"},{"data":"Zap","floor":15.0,"key":"SMITH"},{"floor":23.0,"key":"REST"},{"floor":27.0,"key":"REST"},{"floor":32.0,"key":"REST"}],"neow_cost":"NONE","seed_source_timestamp":536726132171810,"circlet_count":0,"master_deck":["AscendersBane","Strike_B","Strike_B","Defend_B","Defend_B","Defend_B","Defend_B","Zap+1","Dualcast","Leap","Compile Driver","Cold Snap","Defragment+1","Undo","Coolheaded","Go for the Eyes","Steam","Biased Cognition","Turbo","Compile Driver","Stack","Capacitor","Ball Lightning","Coolheaded","Turbo","Hologram","Doom and Gloom","Ball Lightning","Force Field","Coolheaded","Hologram","Leap","Reboot","Consume","Double Energy","Double Energy","Conserve Battery","Steam","Coolheaded","Steam","Aggregate+1","FTL","Stack","Beam Cell","Stack","Loop"],"special_seed":0,"relics":["Cracked Core","Boot","Prayer Wheel","The Courier","Runic Pyramid","Singing Bowl","Tiny Chest"],"potions_floor_usage":[],"damage_taken":[{"damage":3.0,"enemies":"Small Slimes","floor":1.0,"turns":3.0},{"damage":3.0,"enemies":"Jaw Worm","floor":3.0,"turns":4.0},{"damage":0.0,"enemies":"Cultist","floor":4.0,"turns":3.0},{"damage":11.0,"enemies":"Large Slime","floor":7.0,"turns":10.0},{"damage":21.0,"enemies":"Exordium Thugs","floor":8.0,"turns":6.0},{"damage":4.0,"enemies":"Looter","floor":10.0,"turns":4.0},{"damage":2.0,"enemies":"Red Slaver","floor":12.0,"turns":2.0},{"damage":1.0,"enemies":"Blue Slaver","floor":13.0,"turns":3.0},{"damage":0.0,"enemies":"Hexaghost","floor":16.0,"turns":8.0},{"damage":0.0,"enemies":"Spheric Guardian","floor":18.0,"turns":6.0},{"damage":15.0,"enemies":"Shell Parasite","floor":21.0,"turns":5.0},{"damage":2.0,"enemies":"Chosen and Byrds","floor":24.0,"turns":6.0},{"damage":17.0,"enemies":"Cultist and Chosen","floor":25.0,"turns":6.0},{"damage":47.0,"enemies":"Gremlin Leader","floor":28.0,"turns":8.0},{"damage":0.0,"enemies":"Snake Plant","floor":29.0,"turns":6.0},{"damage":3.0,"enemies":"Snecko","floor":31.0,"turns":4.0},{"damage":7,"enemies":"Automaton","floor":33,"turns":16}],"seed_played":"-4877268856871652996","potions_obtained":[{"floor":3.0,"key":"Strength Potion"},{"floor":8.0,"key":"Swift Potion"},{"floor":12.0,"key":"Ancient Potion"},{"floor":16.0,"key":"FearPotion"},{"floor":18.0,"key":"FocusPotion"}],"is_trial":false,"path_per_floor":["M","?","M","M","?","R","M","M","T","M","$","M","M","?","R","B",null,"M","?","?","M","?","R","M","M","T","R","E","M","?","M","R","B"],"character_chosen":"DEFECT","items_purchased":["Stack","Capacitor","Ball Lightning","Coolheaded","Turbo","Hologram"],"campfire_rested":3,"item_purchase_floors":[11,11,11,11,11,11],"current_hp_per_floor":[61,56,53,53,58,58,47,26,26,22,22,20,19,19,19,19,62,62,62,62,47,25,49,47,30,30,54,7,7,7,4,28,21],"gold":261,"neow_bonus":"RANDOM_COMMON_RELIC","is_prod":false,"is_daily":false,"chose_seed":false,"campfire_upgraded":2,"win_rate":0,"timestamp":1550942628,"path_taken":["M","?","M","M","?","R","M","M","T","M","$","?","M","?","R","BOSS","M","?","?","M","?","R","M","M","T","R","E","M","?","?","R","BOSS"],"build_version":"2019-01-23","purchased_purges":0,"victory":false,"max_hp_per_floor":[71,71,71,71,76,76,76,76,76,76,76,76,76,76,76,76,76,76,76,76,76,81,81,81,81,81,81,81,81,81,81,81,81],"card_choices":[{"not_picked":["Steam","Storm"],"picked":"Leap","floor":1.0},{"not_picked":["Sweeping Beam","Go for the Eyes"],"picked":"Compile Driver","floor":3.0},{"not_picked":["Ball Lightning","Beam Cell"],"picked":"Cold Snap","floor":3.0},{"not_picked":["Gash","Coolheaded"],"picked":"Defragment","floor":4.0},{"not_picked":["Compile Driver","Genetic Algorithm"],"picked":"Undo","floor":4.0},{"not_picked":["Sweeping Beam","Redo"],"picked":"Coolheaded","floor":7.0},{"not_picked":["Storm","Compile Driver"],"picked":"Go for the Eyes","floor":7.0},{"not_picked":["Ball Lightning","Loop"],"picked":"Steam","floor":8.0},{"not_picked":["Sweeping Beam","Streamline"],"picked":"Biased Cognition","floor":8.0},{"not_picked":["Stack","Redo"],"picked":"Turbo","floor":10.0},{"not_picked":["Creative AI","Go for the Eyes"],"picked":"Compile Driver","floor":10.0},{"not_picked":["Leap","Lockon"],"picked":"Doom and Gloom","floor":12.0},{"not_picked":["Static Discharge","Capacitor"],"picked":"Ball Lightning","floor":12.0},{"not_picked":["Sweeping Beam","Streamline"],"picked":"Force Field","floor":13.0},{"not_picked":["Doom and Gloom","Streamline"],"picked":"Coolheaded","floor":13.0},{"not_picked":["Cold Snap","Doom and Gloom"],"picked":"Hologram","floor":18.0},{"not_picked":["Genetic Algorithm+1","Barrage"],"picked":"Leap","floor":18.0},{"not_picked":["Heatsinks","Compile Driver"],"picked":"Double Energy","floor":21.0},{"not_picked":["Steam","Cold Snap"],"picked":"Double Energy","floor":21.0},{"not_picked":["Streamline+1","Ball Lightning"],"picked":"Conserve Battery","floor":24.0},{"not_picked":["Compile Driver","Sweeping Beam+1"],"picked":"Steam","floor":24.0},{"not_picked":["Turbo","Leap"],"picked":"Coolheaded","floor":25.0},{"not_picked":["Streamline","Steam","Cold Snap"],"picked":"SKIP","floor":25.0},{"not_picked":["Streamline","Cold Snap"],"picked":"Steam","floor":25.0},{"not_picked":["Melter","Auto Shields"],"picked":"Aggregate+1","floor":28.0},{"not_picked":["Creative AI","Barrage"],"picked":"FTL","floor":29.0},{"not_picked":["Barrage","Tempest"],"picked":"Stack","floor":29.0},{"not_picked":["Go for the Eyes+1","Darkness"],"picked":"Stack","floor":31.0},{"not_picked":["Steam+1","Coolheaded"],"picked":"Loop","floor":31.0}],"player_experience":958497,"relics_obtained":[{"floor":9.0,"key":"The Courier"},{"floor":26.0,"key":"Singing Bowl"},{"floor":28.0,"key":"Tiny Chest"}],"event_choices":[{"damage_healed":0.0,"max_hp_gain":0.0,"max_hp_loss":0.0,"gold_gain":0.0,"event_name":"Scrap Ooze","player_choice":"Success","floor":2.0,"gold_loss":0.0,"damage_taken":5.0,"relics_obtained":["Prayer Wheel"]},{"damage_healed":0.0,"max_hp_gain":5.0,"max_hp_loss":0.0,"gold_gain":0.0,"event_name":"Big Fish","player_choice":"Donut","floor":5.0,"gold_loss":0.0,"damage_taken":0.0},{"damage_healed":0.0,"max_hp_gain":0.0,"max_hp_loss":0.0,"gold_gain":0.0,"event_name":"Lab","player_choice":"Got Potions","floor":14.0,"gold_loss":0.0,"damage_taken":0.0},{"damage_healed":0.0,"max_hp_gain":0.0,"max_hp_loss":0.0,"gold_gain":0.0,"cards_transformed":["Strike_B","Strike_B"],"event_name":"Drug Dealer","player_choice":"Became Test Subject","floor":19.0,"gold_loss":0.0,"damage_taken":0.0,"cards_obtained":["Reboot","Consume"]},{"damage_healed":0.0,"max_hp_gain":0.0,"max_hp_loss":0.0,"gold_gain":0.0,"event_name":"Vampires","player_choice":"Ignored","floor":20.0,"gold_loss":0.0,"damage_taken":0.0},{"damage_healed":0.0,"max_hp_gain":5.0,"max_hp_loss":0.0,"gold_gain":0.0,"event_name":"Forgotten Altar","player_choice":"Shed Blood","floor":22.0,"gold_loss":0.0,"damage_taken":27.0},{"damage_healed":0.0,"max_hp_gain":0.0,"max_hp_loss":0.0,"gold_gain":0.0,"event_name":"Match and Keep!","player_choice":"1 cards matched","floor":30.0,"gold_loss":0.0,"damage_taken":0.0,"cards_obtained":["Beam Cell"]}],"is_beta":false,"boss_relics":[{"not_picked":["White Beast Statue","Orrery"],"picked":"Runic Pyramid"}],"items_purged_floors":[],"is_endless":false,"potions_floor_spawned":[3,8,12,16,18,24,25],"killed_by":"Automaton","ascension_level":20}