{"gold_per_floor":[361,378,528,528,201,201,214,214,296,315,93,93,105,140,140,213,213,223,242,167,13,27,27],"floor_reached":23,"playtime":792,"items_purged":["Strike_G","Defend_G"],"score":382,"play_id":"ac250fa9-7adc-4ac0-9423-f5f5cc175c12","local_time":"20190313020025","is_ascension_mode":true,"campfire_choices":[{"data":"Noxious Fumes","floor":6.0,"key":"SMITH"},{"data":"Neutralize","floor":8.0,"key":"SMITH"},{"data":"Footwork","floor":12.0,"key":"SMITH"},{"data":"Bane","floor":15.0,"key":"SMITH"}],"neow_cost":"CURSE","seed_source_timestamp":47567450457085,"circlet_count":0,"master_deck":["AscendersBane","Defend_G","Defend_G","Defend_G","Defend_G","Survivor","Neutralize+1","Noxious Fumes+1","Acrobatics","Footwork+1","Bane+1","Malaise","Dash+1","Deadly Poison+1","Riddle With Holes+1","Reflex+1"],"special_seed":0,"relics":["Ring of the Snake","Bag of Preparation","Gremlin Horn","Tiny Chest","Singing Bowl","Astrolabe"],"potions_floor_usage":[23,23],"damage_taken":[{"damage":0.0,"enemies":"2 Louse","floor":1.0,"turns":3.0},{"damage":11.0,"enemies":"Cultist","floor":2.0,"turns":6.0},{"damage":0.0,"enemies":"Small Slimes","floor":7.0,"turns":4.0},{"damage":4.0,"enemies":"2 Fungi Beasts","floor":10.0,"turns":5.0},{"damage":1.0,"enemies":"Large Slime","floor":13.0,"turns":9.0},{"damage":3.0,"enemies":"Lagavulin","floor":14.0,"turns":9.0},{"damage":36.0,"enemies":"Hexaghost","floor":16.0,"turns":10.0},{"damage":0.0,"enemies":"3 Byrds","floor":18.0,"turns":4.0},{"damage":0.0,"enemies":"Chosen","floor":19.0,"turns":6.0},{"damage":8.0,"enemies":"Shelled Parasite and Fungi","floor":22.0,"turns":10.0},{"damage":18,"enemies":"Slavers","floor":23,"turns":3}],"seed_played":"-8282400560702404537","potions_obtained":[{"floor":2.0,"key":"Weak Potion"},{"floor":7.0,"key":"SpeedPotion"},{"floor":13.0,"key":"FearPotion"},{"floor":16.0,"key":"SkillPotion"},{"floor":18.0,"key":"Strength Potion"}],"is_trial":false,"path_per_floor":["M","M","?","?","$","R","M","R","T","M","$","R","M","E","R","B",null,"M","M","?","$","M","E"],"character_chosen":"THE_SILENT","items_purchased":["Bag of Preparation","Noxious Fumes","Footwork","Tiny Chest","AttackPotion"],"campfire_rested":0,"item_purchase_floors":[5,5,11,11,21],"current_hp_per_floor":[59,48,48,48,48,48,48,48,48,44,44,44,43,42,42,6,53,55,55,55,55,49,31],"gold":27,"neow_bonus":"TWO_FIFTY_GOLD","is_prod":false,"is_daily":false,"chose_seed":false,"campfire_upgraded":4,"win_rate":0,"timestamp":1552413625,"path_taken":["M","M","?","?","$","R","M","R","T","M","$","R","?","E","R","BOSS","M","?","?","$","M","E"],"build_version":"2019-01-23","purchased_purges":2,"victory":false,"max_hp_per_floor":[66,66,66,66,66,66,66,66,66,66,66,66,66,68,68,68,68,70,70,70,70,72,72],"card_choices":[{"not_picked":["Finisher","Quick Slash","Sucker Punch"],"picked":"SKIP","floor":1.0},{"not_picked":["Flechettes","Dodge and Roll","Accuracy"],"picked":"SKIP","floor":2.0},{"not_picked":["Flechettes","Blade Dance"],"picked":"Acrobatics","floor":7.0},{"not_picked":["Sucker Punch","Unload","Flying Knee"],"picked":"SKIP","floor":10.0},{"not_picked":["Dagger Spray","Quick Slash"],"picked":"Bane","floor":13.0},{"not_picked":["Predator","Terror","Riddle With Holes"],"picked":"Singing Bowl","floor":14.0},{"not_picked":["Night Terror","Doppelganger"],"picked":"Malaise","floor":16.0},{"not_picked":["All Out Attack","Escape Plan","Slice"],"picked":"Singing Bowl","floor":18.0},{"not_picked":["Prepared","Cloak And Dagger"],"picked":"Reflex+1","floor":19.0},{"not_picked":["Acrobatics","Masterful Stab","Cloak And Dagger"],"picked":"Singing Bowl","floor":22.0}],"player_experience":3537963,"relics_obtained":[{"floor":9.0,"key":"Gremlin Horn"},{"floor":14.0,"key":"Singing Bowl"}],"event_choices":[{"damage_healed":0.0,"max_hp_gain":0.0,"max_hp_loss":0.0,"gold_gain":150.0,"event_name":"Liars Game","player_choice":"AGREE","floor":3.0,"gold_loss":0.0,"damage_taken":0.0,"cards_obtained":["Doubt"]},{"cards_removed":["Doubt","Injury"],"damage_healed":0.0,"max_hp_gain":0.0,"max_hp_loss":0.0,"gold_gain":0.0,"event_name":"Fountain of Cleansing","player_choice":"Removed Curses","floor":4.0,"gold_loss":0.0,"damage_taken":0.0},{"cards_removed":["Strike_G"],"damage_healed":0.0,"max_hp_gain":0.0,"max_hp_loss":0.0,"gold_gain":0.0,"event_name":"Beggar","player_choice":"Gave Gold","floor":20.0,"gold_loss":75.0,"damage_taken":0.0}],"is_beta":false,"boss_relics":[{"not_picked":["Runic Dome","White Beast Statue"],"picked":"Astrolabe"}],"items_purged_floors":[5,21],"is_endless":false,"potions_floor_spawned":[2,7,13,16,18],"killed_by":"Slavers","ascension_level":20}