{"path_per_floor":["M","M","$","M","$","E","R","M","T","R","M","R","M","?","R","B",null,"M","?","M","$","?","R","$","M","T","M","R","$","M","M","R","B",null,"M","M","?"],"character_chosen":"DEFECT","items_purchased":["Meat on the Bone","Turbo"],"gold_per_floor":[111,128,53,71,71,103,103,121,121,121,132,132,147,147,147,243,243,259,259,277,23,23,23,23,39,39,50,50,26,45,45,45,148,148,168,179,179,179],"floor_reached":38,"campfire_rested":3,"playtime":2439,"item_purchase_floors":[],"current_hp_per_floor":[69,69,69,62,62,45,45,43,43,43,29,29,25,43,43,32,75,58,58,4,4,4,26,26,30,30,20,42,42,20,34,56,47,75,53,42,42,0],"items_purged":["Defend_B"],"gold":179,"score":378,"play_id":"ac1b0d89-81e2-4ed7-a9a0-51ea50ec0a0f","local_time":"20180617225915","is_prod":false,"is_daily":false,"chose_seed":false,"is_ascension_mode":false,"campfire_upgraded":4,"win_rate":0,"timestamp":1529269155,"campfire_choices":[{"data":"White Noise","floor":7.0,"key":"SMITH"},{"data":"Tempest","floor":10.0,"key":"SMITH"},{"data":"Zap","floor":12.0,"key":"SMITH"},{"data":"Dualcast","floor":15.0,"key":"SMITH"},{"floor":23.0,"key":"REST"},{"floor":28.0,"key":"REST"},{"floor":32.0,"key":"REST"}],"path_taken":["M","M","$","M","$","E","R","M","T","R","M","R","M","?","R","BOSS","M","?","M","$","?","R","?","?","T","M","R","?","M","M","R","BOSS","M","M","?","?"],"build_version":"2018-06-14v2","seed_source_timestamp":0,"purchased_purges":1,"victory":false,"master_deck":["Strike_B","Strike_B","Strike_B","Strike_B","Defend_B","Zap+1","Dualcast+1","Conserve Battery","FTL","Tempest+1","White Noise+1","Amplify","Glacier","Defragment","Parasite","Echo Form","Fusion","Hologram+1","Turbo","Meteor Strike","FTL+1","Barrage","Flash of Steel"],"max_hp_per_floor":[75,75,75,75,75,75,75,75,75,75,75,75,75,75,75,75,75,75,75,75,75,75,75,75,75,75,75,75,75,75,75,75,75,75,75,75,75,75],"special_seed":0,"relics":["Lantern","Matryoshka","Philosopher\u0027s Stone","Meat on the Bone","Nloth\u0027s Gift","Blood Vial","Gremlin Horn","Nuclear Battery"],"card_choices":[{"not_picked":["Stack","Steam Power"],"picked":"Conserve Battery","floor":1.0},{"not_picked":["Heatsinks","Force Field"],"picked":"FTL","floor":2.0},{"not_picked":["Go for the Eyes","Aggregate"],"picked":"Tempest","floor":4.0},{"not_picked":["Ball Lightning","Force Field"],"picked":"White Noise","floor":6.0},{"not_picked":["Gash","Beam Cell"],"picked":"Amplify","floor":8.0},{"not_picked":["Streamline","Barrage"],"picked":"Glacier","floor":11.0},{"not_picked":["Sweeping Beam","Coolheaded"],"picked":"Defragment","floor":13.0},{"not_picked":["Hyperbeam","Fission"],"picked":"Echo Form","floor":16.0},{"not_picked":["Rebound","Cold Snap+1"],"picked":"Fusion","floor":18.0},{"not_picked":["Beam Cell","Sweeping Beam","Steam"],"picked":"SKIP","floor":20.0},{"not_picked":["Redo","Glacier","Conserve Battery"],"picked":"SKIP","floor":25.0},{"not_picked":["Conserve Battery","Gash"],"picked":"Hologram+1","floor":27.0},{"not_picked":["Streamline+1","Amplify","Sweeping Beam+1"],"picked":"SKIP","floor":30.0},{"not_picked":["Machine Learning","All For One"],"picked":"Meteor Strike","floor":33.0},{"not_picked":["Recycle+1","Sweeping Beam+1"],"picked":"FTL+1","floor":35},{"not_picked":["Compile Driver+1","Gash+1"],"picked":"Barrage","floor":36},{"not_picked":["Jack Of All Trades","Secret Weapon"],"picked":"Flash of Steel","floor":37}],"player_experience":253112,"potions_floor_usage":[35],"damage_taken":[{"damage":6.0,"enemies":"Cultist","floor":1.0,"turns":3.0},{"damage":0.0,"enemies":"Small Slimes","floor":2.0,"turns":3.0},{"damage":7.0,"enemies":"Jaw Worm","floor":4.0,"turns":3.0},{"damage":17.0,"enemies":"3 Sentries","floor":6.0,"turns":5.0},{"damage":9.0,"enemies":"Blue Slaver","floor":8.0,"turns":4.0},{"damage":14.0,"enemies":"Large Slime","floor":11.0,"turns":4.0},{"damage":4.0,"enemies":"3 Louse","floor":13.0,"turns":3.0},{"damage":11.0,"enemies":"The Guardian","floor":16.0,"turns":12.0},{"damage":17.0,"enemies":"Shell Parasite","floor":18.0,"turns":6.0},{"damage":54.0,"enemies":"2 Thieves","floor":20.0,"turns":4.0},{"damage":8.0,"enemies":"Cultist and Chosen","floor":25.0,"turns":6.0},{"damage":24.0,"enemies":"Centurion and Healer","floor":27.0,"turns":10.0},{"damage":36.0,"enemies":"Slaver and Parasite","floor":30.0,"turns":5.0},{"damage":0.0,"enemies":"Cultist and Chosen","floor":31.0,"turns":2.0},{"damage":23.0,"enemies":"Champ","floor":33.0,"turns":10.0},{"damage":22,"enemies":"3 Shapes","floor":35,"turns":4},{"damage":25,"enemies":"3 Darklings","floor":36,"turns":5},{"damage":55,"floor":38,"turns":3}],"relics_obtained":[{"floor":6.0,"key":"Lantern"},{"floor":9.0,"key":"Matryoshka"},{"floor":26.0,"key":"Blood Vial"},{"floor":26.0,"key":"Gremlin Horn"}],"event_choices":[{"event_name":"Mushrooms","player_choice":"Healed and dodged fight","floor":14.0,"damage_taken":0.0},{"event_name":"Ghosts","player_choice":"Ignored","floor":19.0,"damage_taken":0.0},{"event_name":"N\u0027loth","player_choice":"Traded a Empty Cage","floor":22.0,"damage_taken":0.0},{"event_name":"SensoryStone","player_choice":"Memory 1","floor":37,"damage_taken":0},{"event_name":"Mysterious Sphere","player_choice":"Fight","floor":38,"damage_taken":0}],"boss_relics":[{"not_picked":["White Beast Statue","Velvet Choker"],"picked":"Philosopher\u0027s Stone"},{"not_picked":["Cursed Key","Calling Bell"],"picked":"Nuclear Battery"}],"items_purged_floors":[],"is_endless":false,"potions_floor_spawned":[1,4,11,16,20,33],"seed_played":"5997626093841723421","ascension_level":0,"potions_obtained":[{"floor":1.0,"key":"Poison Potion"},{"floor":4.0,"key":"SmokeBomb"},{"floor":11.0,"key":"Explosive Potion"},{"floor":16.0,"key":"PowerPotion"},{"floor":20.0,"key":"Swift Potion"},{"floor":33.0,"key":"AttackPotion"}],"is_trial":false}