{"gold_per_floor":[115,115,130,130,142,142,158,158,183,194,219,219,251,54,54,129,129,145,158,83,100,199,224,224,252,332,72,72,72,72,72,72,144,144,156,205,0,10,0,0,0,0,26,26,61,77,112,131,131,131],"floor_reached":51,"playtime":1896,"items_purged":["Strike_G"],"score":1508,"play_id":"15a0a7c6-8563-4fcc-85c1-2e84f63d1c29","local_time":"20190315000624","is_ascension_mode":true,"campfire_choices":[{"data":"Crippling Poison","floor":6.0,"key":"SMITH"},{"data":"Deadly Poison","floor":8.0,"key":"SMITH"},{"data":"Noxious Fumes","floor":12.0,"key":"SMITH"},{"data":"Neutralize","floor":15.0,"key":"SMITH"},{"floor":24.0,"key":"REST"},{"floor":28.0,"key":"REST"},{"floor":32.0,"key":"REST"},{"floor":40.0,"key":"REST"},{"data":"Shame","floor":42.0,"key":"PURGE"},{"data":"Strike_G+1","floor":49,"key":"PURGE"}],"neow_cost":"NONE","seed_source_timestamp":79057913137333,"circlet_count":0,"master_deck":["AscendersBane","Defend_G+1","Defend_G+1","Defend_G+1","Defend_G+1","Defend_G+1","Strike_G+1","Survivor+1","Neutralize+1","Crippling Poison+1","Acrobatics+1","Deadly Poison+1","Noxious Fumes+1","After Image+1","Footwork+1","Escape Plan+1","Sadistic Nature+1","Bouncing Flask+1","Grand Finale+1","Dagger Throw+1","Burst+1","Tactician+1","Backflip+1","Leg Sweep"],"special_seed":0,"relics":["Ring of the Snake","Orichalcum","Strawberry","Happy Flower","Medical Kit","Fusion Hammer","Juzu Bracelet","Gremlin Horn","Question Card","Sundial","Runic Pyramid","Peace Pipe","OrangePellets","Red Mask","Mark of the Bloom","Vajra","Pantograph","Ice Cream"],"potions_floor_usage":[48,50,50],"damage_taken":[{"damage":4.0,"enemies":"Jaw Worm","floor":1.0,"turns":5.0},{"damage":5.0,"enemies":"Small Slimes","floor":3.0,"turns":5.0},{"damage":6.0,"enemies":"Cultist","floor":5.0,"turns":5.0},{"damage":4.0,"enemies":"Gremlin Gang","floor":7.0,"turns":3.0},{"damage":8.0,"enemies":"3 Louse","floor":10.0,"turns":3.0},{"damage":16.0,"enemies":"3 Sentries","floor":11.0,"turns":10.0},{"damage":14.0,"enemies":"Lagavulin","floor":13.0,"turns":6.0},{"damage":2.0,"enemies":"Hexaghost","floor":16.0,"turns":9.0},{"damage":6.0,"enemies":"Spheric Guardian","floor":18.0,"turns":4.0},{"damage":0.0,"enemies":"3 Byrds","floor":19.0,"turns":3.0},{"damage":1.0,"enemies":"Snake Plant","floor":21.0,"turns":5.0},{"damage":37.0,"enemies":"Gremlin Leader","floor":23.0,"turns":8.0},{"damage":14.0,"enemies":"Book of Stabbing","floor":25.0,"turns":7.0},{"damage":54.0,"enemies":"Collector","floor":33.0,"turns":10.0},{"damage":0.0,"enemies":"3 Shapes","floor":35.0,"turns":4.0},{"damage":40.0,"enemies":"2 Orb Walkers","floor":36.0,"turns":5.0},{"damage":8.0,"enemies":"3 Darklings","floor":38.0,"turns":5.0},{"damage":0.0,"enemies":"Giant Head","floor":45.0,"turns":7.0},{"damage":0.0,"enemies":"Maw","floor":46.0,"turns":5.0},{"damage":0.0,"enemies":"Nemesis","floor":47.0,"turns":7.0},{"damage":0,"enemies":"Jaw Worm Horde","floor":48,"turns":3},{"damage":0,"enemies":"Donu and Deca","floor":50,"turns":8}],"seed_played":"-4644583216666548663","potions_obtained":[{"floor":0.0,"key":"GhostInAJar"},{"floor":0.0,"key":"Block Potion"},{"floor":13.0,"key":"Poison Potion"},{"floor":16.0,"key":"AttackPotion"},{"floor":21.0,"key":"Ancient Potion"},{"floor":25.0,"key":"FearPotion"},{"floor":47.0,"key":"PowerPotion"},{"floor":48,"key":"Poison Potion"}],"is_trial":false,"path_per_floor":["M","?","M","?","M","R","M","R","T","M","E","R","E","$","R","B",null,"M","M","?","M","?","E","R","E","T","$","R","?","?","?","R","B",null,"M","?","$","M","?","R","?","R","T","?","E","M","E","M","R","B",null],"character_chosen":"THE_SILENT","items_purchased":["Medical Kit","Sadistic Nature","OrangePellets"],"campfire_rested":4,"item_purchase_floors":[14,27,37],"current_hp_per_floor":[55,48,43,66,60,60,56,56,56,48,39,39,25,25,25,23,61,55,55,55,54,54,17,38,24,24,24,45,45,45,45,66,12,58,58,18,18,10,10,31,31,31,31,31,31,31,31,31,31,31],"gold":131,"neow_bonus":"THREE_SMALL_POTIONS","is_prod":false,"is_daily":false,"chose_seed":false,"campfire_upgraded":4,"win_rate":0,"timestamp":1552575984,"path_taken":["M","?","M","?","M","R","M","R","T","?","E","R","E","$","R","BOSS","M","?","?","M","?","E","R","E","T","$","R","?","?","?","R","BOSS","M","?","$","M","?","R","?","R","T","?","E","M","E","M","R","BOSS"],"build_version":"2019-01-23","purchased_purges":1,"victory":true,"max_hp_per_floor":[66,66,66,66,66,66,66,66,66,66,73,73,73,73,73,73,73,73,73,73,73,73,73,73,73,73,73,73,73,73,73,73,73,73,73,73,73,73,73,73,73,73,73,73,73,73,73,73,73,73],"card_choices":[{"not_picked":["Blade Dance","Bane","Quick Slash"],"picked":"SKIP","floor":1.0},{"not_picked":["Wraith Form v2","Deflect"],"picked":"Crippling Poison","floor":3.0},{"not_picked":["Deflect","Flying Knee"],"picked":"Acrobatics","floor":5.0},{"not_picked":["Caltrops","Deflect"],"picked":"Deadly Poison","floor":7.0},{"not_picked":["Cloak And Dagger","Dagger Spray","Riddle With Holes"],"picked":"SKIP","floor":10.0},{"not_picked":["Night Terror","Blade Dance"],"picked":"Noxious Fumes","floor":11.0},{"not_picked":["Blade Dance","Deadly Poison","Endless Agony"],"picked":"SKIP","floor":13.0},{"not_picked":["Bullet Time","Venomology"],"picked":"After Image","floor":16.0},{"not_picked":["Bane+1","Prepared"],"picked":"Footwork","floor":18.0},{"not_picked":["Slice","Deadly Poison"],"picked":"Escape Plan+1","floor":19.0},{"not_picked":["Backstab","Dagger Spray"],"picked":"Bane","floor":21.0},{"not_picked":["Infinite Blades","Heel Hook","Deadly Poison"],"picked":"SKIP","floor":23.0},{"not_picked":["Unload","Underhanded Strike+1"],"picked":"Reflex","floor":25.0},{"not_picked":["Wraith Form v2","A Thousand Cuts","Doppelganger"],"picked":"Burst","floor":33.0},{"not_picked":["Poisoned Stab","Underhanded Strike","Dagger Throw"],"picked":"Tactician","floor":35.0},{"not_picked":["Adrenaline","PiercingWail","Predator+1"],"picked":"Backflip","floor":36.0},{"not_picked":["Backflip","Backstab+1","Endless Agony","Accuracy"],"picked":"SKIP","floor":38.0},{"not_picked":["Outmaneuver+1","Distraction","Backflip+1","Predator"],"picked":"SKIP","floor":45.0},{"not_picked":["Blade Dance+1","Backflip+1","Dagger Spray","Bane"],"picked":"SKIP","floor":46.0},{"not_picked":["Concentrate","Dagger Throw","Dodge and Roll","Finisher"],"picked":"SKIP","floor":47.0},{"not_picked":["Infinite Blades+1","Escape Plan+1","Accuracy"],"picked":"Leg Sweep","floor":48}],"player_experience":96418,"relics_obtained":[{"floor":9.0,"key":"Orichalcum"},{"floor":11.0,"key":"Strawberry"},{"floor":13.0,"key":"Happy Flower"},{"floor":23.0,"key":"Juzu Bracelet"},{"floor":25.0,"key":"Gremlin Horn"},{"floor":26.0,"key":"Question Card"},{"floor":36.0,"key":"Peace Pipe"},{"floor":45.0,"key":"Pantograph"},{"floor":47.0,"key":"Ice Cream"}],"event_choices":[{"cards_removed":["Strike_G"],"damage_healed":0.0,"max_hp_gain":0.0,"max_hp_loss":0.0,"gold_gain":0.0,"event_name":"Golden Wing","player_choice":"Card Removal","floor":2.0,"gold_loss":0.0,"damage_taken":7.0},{"damage_healed":23.0,"max_hp_gain":0.0,"max_hp_loss":0.0,"gold_gain":0.0,"event_name":"Wheel of Change","player_choice":"Full Heal","floor":4.0,"gold_loss":0.0,"damage_taken":0.0},{"cards_removed":["Strike_G"],"damage_healed":0.0,"max_hp_gain":0.0,"max_hp_loss":0.0,"gold_gain":0.0,"event_name":"Beggar","player_choice":"Gave Gold","floor":20.0,"gold_loss":75.0,"damage_taken":0.0},{"damage_healed":0.0,"max_hp_gain":0.0,"max_hp_loss":0.0,"gold_gain":99.0,"event_name":"Nest","player_choice":"Stole From Cult","floor":22.0,"gold_loss":0.0,"damage_taken":0.0},{"damage_healed":0.0,"max_hp_gain":0.0,"max_hp_loss":0.0,"gold_gain":0.0,"event_name":"Addict","player_choice":"Stole Relic","floor":29.0,"gold_loss":0.0,"damage_taken":0.0,"relics_obtained":["Sundial"],"cards_obtained":["Shame"]},{"damage_healed":0.0,"max_hp_gain":0.0,"max_hp_loss":0.0,"gold_gain":0.0,"event_name":"The Library","player_choice":"Read","floor":30.0,"gold_loss":0.0,"damage_taken":0.0,"cards_obtained":["Bouncing Flask"]},{"damage_healed":0.0,"max_hp_gain":0.0,"max_hp_loss":0.0,"gold_gain":0.0,"cards_transformed":["Bane","Reflex"],"event_name":"Drug Dealer","player_choice":"Became Test Subject","floor":31.0,"gold_loss":0.0,"damage_taken":0.0,"cards_obtained":["Grand Finale","Dagger Throw"]},{"damage_healed":0.0,"max_hp_gain":0.0,"max_hp_loss":0.0,"gold_gain":0.0,"event_name":"Mysterious Sphere","player_choice":"Fight","floor":36.0,"gold_loss":0.0,"damage_taken":0.0},{"damage_healed":0.0,"max_hp_gain":0.0,"max_hp_loss":0.0,"gold_gain":0.0,"event_name":"Tomb of Lord Red Mask","player_choice":"Paid","floor":39.0,"gold_loss":10.0,"damage_taken":0.0,"relics_obtained":["Red Mask"]},{"damage_healed":0.0,"max_hp_gain":0.0,"max_hp_loss":0.0,"gold_gain":0.0,"event_name":"MindBloom","player_choice":"Upgrade","floor":41.0,"gold_loss":0.0,"damage_taken":0.0,"cards_upgraded":["Defend_G","Defend_G","Defend_G","Defend_G","Defend_G","Strike_G","Strike_G","Survivor","Acrobatics","After Image","Footwork","Sadistic Nature","Bouncing Flask","Grand Finale","Dagger Throw","Burst","Tactician","Backflip"],"relics_obtained":["Mark of the Bloom"]},{"damage_healed":0.0,"max_hp_gain":0.0,"max_hp_loss":0.0,"gold_gain":0.0,"event_name":"WeMeetAgain","player_choice":"Gave Potion","floor":44.0,"gold_loss":0.0,"damage_taken":0.0,"relics_obtained":["Vajra"]}],"is_beta":false,"boss_relics":[{"not_picked":["Busted Crown","Tiny House"],"picked":"Fusion Hammer"},{"not_picked":["Black Star","Astrolabe"],"picked":"Runic Pyramid"}],"items_purged_floors":[27],"is_endless":false,"potions_floor_spawned":[3,5,13,16,21,25,35,47,48],"ascension_level":14}