{"gold_per_floor":[115,133,151,151,10,10,37,37,63,63,74,104,123,137,137,211,211,223,5,5,23,51,51,76,76],"floor_reached":25,"playtime":1372,"items_purged":[],"score":612,"play_id":"24dbe865-4514-4145-a521-14bbed7a3f71","local_time":"20190315125415","is_ascension_mode":true,"campfire_choices":[{"data":"Consume","floor":6.0,"key":"SMITH"},{"data":"Fission","floor":8.0,"key":"SMITH"},{"data":"Darkness","floor":10.0,"key":"SMITH"},{"data":"Redo","floor":15.0,"key":"SMITH"},{"data":"Coolheaded","floor":23.0,"key":"SMITH"}],"neow_cost":"TEN_PERCENT_HP_LOSS","seed_source_timestamp":290114701138,"circlet_count":0,"master_deck":["AscendersBane","Strike_B","Strike_B","Defend_B","Defend_B","Defend_B+1","Defend_B","Zap","Dualcast","Darkness+1","Stack+1","Capacitor","Chill","Genetic Algorithm","Fission+1","Consume+1","Ball Lightning","Redo+1","Recycle","Compile Driver","Rainbow","Coolheaded","Self Repair","Core Surge","Coolheaded+1"],"special_seed":0,"relics":["Cracked Core","Juzu Bracelet","DataDisk","War Paint","Sozu","Red Mask","Blue Candle"],"potions_floor_usage":[],"damage_taken":[{"damage":5.0,"enemies":"2 Louse","floor":1.0,"turns":3.0},{"damage":0.0,"enemies":"Cultist","floor":2.0,"turns":4.0},{"damage":14.0,"enemies":"Jaw Worm","floor":3.0,"turns":7.0},{"damage":40.0,"enemies":"Gremlin Nob","floor":7.0,"turns":4.0},{"damage":0.0,"enemies":"3 Louse","floor":11.0,"turns":3.0},{"damage":0.0,"enemies":"Lagavulin","floor":12.0,"turns":4.0},{"damage":3.0,"enemies":"Exordium Wildlife","floor":13.0,"turns":3.0},{"damage":0.0,"enemies":"2 Fungi Beasts","floor":14.0,"turns":3.0},{"damage":0.0,"enemies":"The Guardian","floor":16.0,"turns":9.0},{"damage":13.0,"enemies":"Shell Parasite","floor":18.0,"turns":5.0},{"damage":0.0,"enemies":"Spheric Guardian","floor":21.0,"turns":4.0},{"damage":11.0,"enemies":"Masked Bandits","floor":22.0,"turns":5.0},{"damage":25.0,"enemies":"Slavers","floor":24.0,"turns":7.0},{"damage":21,"enemies":"Cultist and Chosen","floor":25,"turns":3}],"seed_played":"-3964684956132153010","potions_obtained":[{"floor":1.0,"key":"FocusPotion"},{"floor":3.0,"key":"Explosive Potion"},{"floor":12.0,"key":"LiquidBronze"}],"is_trial":false,"path_per_floor":["M","M","M","?","$","R","E","R","T","R","M","E","M","M","R","B",null,"M","$","?","M","?","R","E","M"],"character_chosen":"DEFECT","items_purchased":["Consume","Ball Lightning","Self Repair","Core Surge"],"campfire_rested":0,"item_purchase_floors":[5,5,19,19],"current_hp_per_floor":[59,59,45,45,45,45,5,5,5,5,5,5,2,2,2,2,49,36,36,36,43,39,39,21,0],"gold":76,"neow_bonus":"TRANSFORM_TWO_CARDS","is_prod":false,"is_daily":false,"chose_seed":false,"campfire_upgraded":5,"win_rate":0,"timestamp":1552625655,"path_taken":["M","M","M","?","$","R","E","R","T","R","M","E","M","M","R","BOSS","M","$","?","M","?","R","E","M"],"build_version":"2019-01-23","purchased_purges":0,"victory":false,"max_hp_per_floor":[64,64,64,64,64,64,64,64,64,64,64,64,64,64,64,64,64,64,64,64,64,64,64,64,64],"card_choices":[{"not_picked":["Steam","Steam Power"],"picked":"Capacitor","floor":1.0},{"not_picked":["Redo","Gash"],"picked":"Chill","floor":2.0},{"not_picked":["Leap","Blizzard"],"picked":"Genetic Algorithm","floor":3.0},{"not_picked":["Streamline","Redo","Ball Lightning"],"picked":"SKIP","floor":7.0},{"not_picked":["Hyperbeam","Gash"],"picked":"Redo","floor":11.0},{"not_picked":["Redo","Barrage"],"picked":"Recycle","floor":12.0},{"not_picked":["BootSequence","Doom and Gloom","Go for the Eyes"],"picked":"SKIP","floor":13.0},{"not_picked":["Leap","Static Discharge","Compile Driver"],"picked":"SKIP","floor":14.0},{"not_picked":["Leap","Static Discharge"],"picked":"Compile Driver","floor":14.0},{"not_picked":["Meteor Strike","Machine Learning"],"picked":"Rainbow","floor":16.0},{"not_picked":["Compile Driver","Streamline"],"picked":"Coolheaded","floor":18.0},{"not_picked":["Ball Lightning","Stack"],"picked":"Coolheaded","floor":21.0},{"not_picked":["Compile Driver","Melter","Rip and Tear"],"picked":"SKIP","floor":24.0}],"player_experience":3602488,"relics_obtained":[{"floor":7.0,"key":"Juzu Bracelet"},{"floor":9.0,"key":"DataDisk"},{"floor":12.0,"key":"War Paint"},{"floor":22.0,"key":"Red Mask"},{"floor":24.0,"key":"Blue Candle"}],"event_choices":[{"damage_healed":0.0,"max_hp_gain":0.0,"max_hp_loss":0.0,"gold_gain":0.0,"event_name":"Match and Keep!","player_choice":"1 cards matched","floor":4.0,"gold_loss":0.0,"damage_taken":0.0,"cards_obtained":["Fission"]},{"damage_healed":0.0,"max_hp_gain":0.0,"max_hp_loss":0.0,"gold_gain":0.0,"event_name":"Beggar","player_choice":"Ignored","floor":20.0,"gold_loss":0.0,"damage_taken":0.0},{"damage_healed":0.0,"max_hp_gain":0.0,"max_hp_loss":0.0,"gold_gain":0.0,"event_name":"Masked Bandits","player_choice":"Fought Bandits","floor":22.0,"gold_loss":0.0,"damage_taken":0.0}],"is_beta":false,"boss_relics":[{"not_picked":["Calling Bell","Empty Cage"],"picked":"Sozu"}],"items_purged_floors":[],"is_endless":false,"potions_floor_spawned":[1,3,12,18],"killed_by":"Cultist and Chosen","ascension_level":20}