{"gold_per_floor":[117,135,135,154,154,154,172,190,190,223,223,223,233,64,64,142,142,162,62,62,75,75,75,107,107,107,134,147,147,172,187,187,262,262,277,290,65,79,96,130,130,160,183,218,122,155,188,207,207,207,207],"floor_reached":52,"playtime":2799,"items_purged":["Strike_G","Strike_G","Quick Slash"],"score":2570,"play_id":"a5c1ffa5-43c3-473f-b0c4-0ace4b385d14","local_time":"20190129223800","is_ascension_mode":true,"campfire_choices":[{"data":"Terror","floor":6.0,"key":"SMITH"},{"data":"Prepared","floor":11.0,"key":"SMITH"},{"data":"A Thousand Cuts","floor":15.0,"key":"SMITH"},{"data":"Neutralize","floor":23.0,"key":"SMITH"},{"data":"Neutralize","floor":25.0,"key":"SMITH"},{"data":"Sucker Punch","floor":29.0,"key":"SMITH"},{"floor":32.0,"key":"RECALL"},{"data":"Well Laid Plans","floor":41,"key":"SMITH"},{"data":"Survivor","floor":49,"key":"SMITH"}],"neow_cost":"NONE","seed_source_timestamp":23055652519380,"circlet_count":0,"master_deck":["AscendersBane","Defend_G","Defend_G","Defend_G","Defend_G","Defend_G","Survivor+1","Neutralize+1","Prepared+1","Terror+1","Sucker Punch+1","A Thousand Cuts+1","Prepared+1","Deadly Poison+1","Trip+1","Venomology+1","Prepared+1","Outmaneuver+1","Neutralize+1","Malaise+1","Deflect+1","Outmaneuver+1","Adrenaline+1","Prepared+1","Prepared+1","Malaise+1","Concentrate+1","Deep Breath+1","Well Laid Plans+1","Blur+1","Blur+1","Impatience+1","Calculated Gamble+1","Deflect+1"],"special_seed":0,"relics":["Ring of the Snake","NeowsBlessing","Letter Opener","Toxic Egg 2","Unceasing Top","Coffee Dripper","Strawberry","WingedGreaves","Vajra","Torii","Empty Cage","Bottled Lightning","Ginger","Boot","Thread and Needle","The Courier","Art of War"],"potions_floor_usage":[35,35,38,38,42,42,46,46,50,50,51],"damage_taken":[{"damage":0.0,"enemies":"Cultist","floor":1.0,"turns":1.0},{"damage":0.0,"enemies":"Small Slimes","floor":2.0,"turns":1.0},{"damage":0.0,"enemies":"Jaw Worm","floor":4.0,"turns":1.0},{"damage":19.0,"enemies":"Exordium Thugs","floor":7.0,"turns":6.0},{"damage":4.0,"enemies":"Blue Slaver","floor":8.0,"turns":4.0},{"damage":24.0,"enemies":"3 Sentries","floor":10.0,"turns":6.0},{"damage":4.0,"enemies":"Looter","floor":13.0,"turns":4.0},{"damage":5.0,"enemies":"Hexaghost","floor":16.0,"turns":9.0},{"damage":0.0,"enemies":"Spheric Guardian","floor":18.0,"turns":3.0},{"damage":8.0,"enemies":"Shell Parasite","floor":21.0,"turns":4.0},{"damage":0.0,"enemies":"Gremlin Leader","floor":24.0,"turns":3.0},{"damage":13.0,"enemies":"Slavers","floor":27.0,"turns":3.0},{"damage":11.0,"enemies":"Snake Plant","floor":28.0,"turns":4.0},{"damage":0.0,"enemies":"Gremlin Leader","floor":30.0,"turns":3.0},{"damage":9.0,"enemies":"Snecko","floor":31.0,"turns":4.0},{"damage":0.0,"enemies":"Collector","floor":33.0,"turns":5.0},{"damage":1,"enemies":"3 Darklings","floor":35,"turns":3},{"damage":12,"enemies":"3 Shapes","floor":36,"turns":2},{"damage":0,"enemies":"Transient","floor":38,"turns":6},{"damage":6,"enemies":"Jaw Worm Horde","floor":39,"turns":2},{"damage":0,"enemies":"Nemesis","floor":40,"turns":5},{"damage":1,"enemies":"Reptomancer","floor":42,"turns":3},{"damage":10,"enemies":"Nemesis","floor":44,"turns":7},{"damage":0,"enemies":"Giant Head","floor":46,"turns":5},{"damage":0,"enemies":"Reptomancer","floor":47,"turns":4},{"damage":0,"enemies":"3 Darklings","floor":48,"turns":3},{"damage":0,"enemies":"Awakened One","floor":50,"turns":7},{"damage":35,"enemies":"Donu and Deca","floor":51,"turns":9}],"seed_played":"-2585943358008695450","potions_obtained":[{"floor":7.0,"key":"PowerPotion"},{"floor":16.0,"key":"EssenceOfSteel"},{"floor":21.0,"key":"Dexterity Potion"},{"floor":33.0,"key":"LiquidBronze"},{"floor":39,"key":"Block Potion"},{"floor":44,"key":"EssenceOfSteel"}],"is_trial":false,"path_per_floor":["M","M","T","M","?","R","M","M","T","E","R","?","M","$","R","B",null,"M","$","?","M","?","R","E","R","T","E","M","R","E","M","R","B",null,"M","M","$","M","M","E","R","E","T","E","$","E","E","M","R","B","B",null],"character_chosen":"THE_SILENT","items_purchased":["Trip+1","Deep Breath+1","Impatience+1"],"campfire_rested":0,"item_purchase_floors":[14,37,45],"current_hp_per_floor":[59,59,59,59,59,59,40,36,36,12,12,12,8,8,8,3,50,50,50,50,42,42,42,49,49,49,36,25,25,25,16,16,16,59,58,46,46,46,40,40,40,39,39,29,29,29,29,29,29,44,9],"gold":207,"neow_bonus":"THREE_ENEMY_KILL","is_prod":false,"is_daily":false,"chose_seed":false,"campfire_upgraded":8,"win_rate":0,"timestamp":1548772680,"path_taken":["M","?","?","M","?","R","M","M","T","E","R","?","?","?","R","BOSS","M","$","?","M","?","R","E","R","T","E","?","R","E","M","R","BOSS","M","?","$","M","M","E","R","E","T","E","$","E","E","?","R","BOSS","BOSS"],"build_version":"2019-01-23","purchased_purges":3,"victory":true,"max_hp_per_floor":[66,66,66,66,66,66,66,66,66,66,66,66,66,66,66,66,66,66,66,66,66,66,66,73,73,73,73,73,73,73,73,73,73,73,73,73,73,73,73,73,73,73,73,73,73,73,73,73,73,73,73],"card_choices":[{"not_picked":["Backflip","Slice"],"picked":"Quick Slash","floor":1.0},{"not_picked":["Underhanded Strike","Blade Dance"],"picked":"Prepared","floor":2.0},{"not_picked":["Outmaneuver","Bane"],"picked":"Terror","floor":4.0},{"not_picked":["Dodge and Roll","Bane"],"picked":"Sucker Punch","floor":7.0},{"not_picked":["Eviscerate","Reflex"],"picked":"A Thousand Cuts","floor":8.0},{"not_picked":["Blade Dance+1","Bouncing Flask+1"],"picked":"Prepared+1","floor":10.0},{"not_picked":["Dagger Spray","Flying Knee"],"picked":"Deadly Poison+1","floor":13.0},{"not_picked":["Burst+1","Die Die Die"],"picked":"Venomology+1","floor":16.0},{"not_picked":["Leg Sweep+1","Outmaneuver+1"],"picked":"Prepared+1","floor":18.0},{"not_picked":["Eviscerate","Backflip+1"],"picked":"Outmaneuver+1","floor":21.0},{"not_picked":["PiercingWail+1","Reflex+1"],"picked":"Deflect+1","floor":24.0},{"not_picked":["Cloak And Dagger+1","Bane"],"picked":"Outmaneuver+1","floor":27.0},{"not_picked":["Escape Plan+1","Deflect+1"],"picked":"Adrenaline+1","floor":28.0},{"not_picked":["Flying Knee","Underhanded Strike+1"],"picked":"Prepared+1","floor":30.0},{"not_picked":["Bane","Heel Hook"],"picked":"Prepared+1","floor":31.0},{"not_picked":["Die Die Die","Tools of the Trade"],"picked":"Malaise+1","floor":33.0},{"not_picked":["Backflip+1","Slice","All Out Attack+1"],"picked":"SKIP","floor":35},{"not_picked":["Poisoned Stab+1","Endless Agony"],"picked":"Concentrate+1","floor":36},{"not_picked":["Accuracy","Acrobatics+1","Dodge and Roll+1"],"picked":"SKIP","floor":38},{"not_picked":["Distraction+1","Outmaneuver+1"],"picked":"Well Laid Plans","floor":39},{"not_picked":["Sucker Punch","Slice+1","Malaise+1"],"picked":"SKIP","floor":40},{"not_picked":["Sucker Punch","Slice+1","Malaise+1"],"picked":"SKIP","floor":40},{"not_picked":["Outmaneuver+1","Dagger Spray"],"picked":"Blur+1","floor":42},{"not_picked":["PiercingWail+1","Well Laid Plans"],"picked":"Blur+1","floor":44},{"not_picked":["Dagger Throw+1","Deadly Poison+1","Expertise+1"],"picked":"SKIP","floor":46},{"not_picked":["Leg Sweep+1","Dodge and Roll+1"],"picked":"Calculated Gamble+1","floor":47},{"not_picked":["Dagger Throw+1","Dagger Spray"],"picked":"Deflect+1","floor":48}],"player_experience":1383435,"relics_obtained":[{"floor":3.0,"key":"Letter Opener"},{"floor":9.0,"key":"Toxic Egg 2"},{"floor":10.0,"key":"Unceasing Top"},{"floor":24.0,"key":"Strawberry"},{"floor":26.0,"key":"WingedGreaves"},{"floor":27.0,"key":"Vajra"},{"floor":30.0,"key":"Torii"},{"floor":40,"key":"Bottled Lightning"},{"floor":42,"key":"Ginger"},{"floor":43,"key":"Boot"},{"floor":44,"key":"Thread and Needle"},{"floor":46,"key":"The Courier"},{"floor":47,"key":"Art of War"}],"event_choices":[{"damage_healed":0.0,"max_hp_gain":0.0,"max_hp_loss":0.0,"gold_gain":0.0,"event_name":"Liars Game","player_choice":"Ignored","floor":5.0,"gold_loss":0.0,"damage_taken":0.0},{"cards_removed":["Strike_G"],"damage_healed":0.0,"max_hp_gain":0.0,"max_hp_loss":0.0,"gold_gain":0.0,"event_name":"Living Wall","player_choice":"Forget","floor":12.0,"gold_loss":0.0,"damage_taken":0.0},{"damage_healed":0.0,"max_hp_gain":0.0,"max_hp_loss":0.0,"gold_gain":0.0,"event_name":"Beggar","player_choice":"Ignored","floor":20.0,"gold_loss":0.0,"damage_taken":0.0},{"damage_healed":0.0,"max_hp_gain":0.0,"max_hp_loss":0.0,"gold_gain":0.0,"event_name":"Match and Keep!","player_choice":"2 cards matched","floor":22.0,"gold_loss":0.0,"damage_taken":0.0,"cards_obtained":["Neutralize","Malaise"]}],"is_beta":true,"boss_relics":[{"not_picked":["Velvet Choker","Black Star"],"picked":"Coffee Dripper"},{"not_picked":["White Beast Statue","Astrolabe"],"picked":"Empty Cage"}],"items_purged_floors":[14,19,37],"is_endless":false,"potions_floor_spawned":[7,16,18,21,31,33,36,39,44,47,48],"ascension_level":20}