{"gold_per_floor":[116,116,133,144,161,161,179,198,198,198,37,37,37,37,37,133,133,152,77,127,145,145,145,184,184,184,217,232,232,255,269,269,362,362,382,406,406,430,430,465,465,503,503,503],"floor_reached":44,"playtime":2507,"items_purged":["Strike_G"],"score":996,"play_id":"967ac637-937b-4867-80db-8c85a7c00e9a","local_time":"20190728123211","is_ascension_mode":true,"campfire_choices":[{"floor":6,"key":"REST"},{"floor":10,"key":"REST"},{"data":"Bouncing Flask","floor":12,"key":"SMITH"},{"data":"Crippling Poison","floor":15,"key":"SMITH"},{"floor":23,"key":"REST"},{"floor":25,"key":"REST"},{"data":"Burst","floor":29,"key":"SMITH"},{"floor":32,"key":"REST"},{"floor":41,"key":"REST"}],"neow_cost":"NONE","seed_source_timestamp":2715718016313,"circlet_count":0,"master_deck":["AscendersBane","Defend_G","Defend_G","Defend_G","Defend_G","Defend_G","Survivor","Neutralize","Footwork","Quick Slash","Deadly Poison","Crippling Poison+1","Bouncing Flask+1","Bouncing Flask","Blur","Burst+1","Dagger Throw","Dodge and Roll","Acrobatics","Corpse Explosion","Tactician","Escape Plan","Wraith Form v2","Heel Hook+1","Noxious Fumes+1","Tools of the Trade+1","PiercingWail+1","Acrobatics","Sucker Punch+1","Night Terror+1"],"relics":["Philosopher\u0027s Stone","Pen Nib","Golden Idol","Runic Pyramid","Ornamental Fan","Prayer Wheel","Oddly Smooth Stone","Astrolabe","Toxic Egg 2","Ice Cream","Bottled Lightning"],"potions_floor_usage":[7,16,24,24,27,40,40,44],"damage_taken":[{"damage":4,"enemies":"Small Slimes","floor":1,"turns":4},{"damage":9,"enemies":"2 Louse","floor":3,"turns":3},{"damage":4,"enemies":"Jaw Worm","floor":4,"turns":4},{"damage":6,"enemies":"Blue Slaver","floor":5,"turns":3},{"damage":8,"enemies":"Lots of Slimes","floor":7,"turns":4},{"damage":7,"enemies":"Looter","floor":8,"turns":3},{"damage":13,"enemies":"The Guardian","floor":16,"turns":9},{"damage":0,"enemies":"Spheric Guardian","floor":18,"turns":3},{"damage":22,"enemies":"2 Thieves","floor":21,"turns":4},{"damage":13,"enemies":"Slavers","floor":24,"turns":4},{"damage":26,"enemies":"Gremlin Leader","floor":27,"turns":7},{"damage":8,"enemies":"Centurion and Healer","floor":28,"turns":8},{"damage":0,"enemies":"Sentry and Sphere","floor":30,"turns":4},{"damage":6,"enemies":"Chosen and Byrds","floor":31,"turns":5},{"damage":7,"enemies":"Automaton","floor":33,"turns":9},{"damage":3,"enemies":"Orb Walker","floor":35,"turns":4},{"damage":12,"enemies":"3 Shapes","floor":36,"turns":4},{"damage":0,"enemies":"3 Darklings","floor":38,"turns":3},{"damage":17,"enemies":"Reptomancer","floor":40,"turns":7},{"damage":17,"enemies":"Nemesis","floor":42,"turns":9},{"damage":24,"enemies":"Transient","floor":44,"turns":4}],"seed_played":"4843285684727973070","potions_obtained":[{"floor":1,"key":"EssenceOfSteel"},{"floor":4,"key":"Block Potion"},{"floor":8,"key":"Fire Potion"},{"floor":18,"key":"PowerPotion"},{"floor":24,"key":"GhostInAJar"},{"floor":28,"key":"FearPotion"},{"floor":30,"key":"SpeedPotion"},{"floor":42,"key":"AttackPotion"}],"is_trial":false,"path_per_floor":["M","?","M","M","M","R","M","M","T","R","$","R","?","?","R","B",null,"M","?","?","M","?","R","E","R","T","E","M","R","M","M","R","B",null,"M","M","?","M","?","E","R","E","T","M"],"character_chosen":"THE_SILENT","items_purchased":["Blur"],"campfire_rested":6,"item_purchase_floors":[11],"current_hp_per_floor":[55,35,26,22,16,35,27,20,20,39,39,39,39,32,32,19,50,50,50,50,28,28,46,33,51,51,25,17,17,17,11,29,22,51,48,36,27,27,27,10,28,11,11,0],"gold":503,"neow_bonus":"BOSS_RELIC","is_prod":false,"is_daily":false,"chose_seed":false,"campfire_upgraded":3,"win_rate":0,"timestamp":1564309931,"path_taken":["M","?","M","M","M","R","M","M","T","R","$","R","?","?","R","BOSS","M","?","?","M","?","R","E","R","T","E","?","R","M","M","R","BOSS","M","M","?","?","?","E","R","E","T","M"],"build_version":"2019-07-17","purchased_purges":1,"victory":false,"max_hp_per_floor":[66,66,66,66,66,66,66,66,66,66,66,66,60,60,60,60,60,60,60,60,60,60,60,60,60,60,60,60,60,60,60,60,60,60,60,60,60,60,60,60,60,60,60,60],"card_choices":[{"not_picked":["PiercingWail","Dodge and Roll"],"picked":"Footwork","floor":1},{"not_picked":["Bane","Sucker Punch"],"picked":"Quick Slash","floor":3},{"not_picked":["Tools of the Trade","Prepared"],"picked":"Deadly Poison","floor":4},{"not_picked":["Heel Hook","Leg Sweep"],"picked":"Crippling Poison","floor":5},{"not_picked":["Dodge and Roll","Outmaneuver"],"picked":"Bouncing Flask","floor":7},{"not_picked":["Dodge and Roll","PiercingWail"],"picked":"Bouncing Flask","floor":8},{"not_picked":["Malaise","Glass Knife"],"picked":"Burst","floor":16},{"not_picked":["Flying Knee","Choke","Slice"],"picked":"SKIP","floor":18},{"not_picked":["Flying Knee","Choke","Slice"],"picked":"SKIP","floor":18},{"not_picked":["Underhanded Strike","Deflect"],"picked":"Dagger Throw","floor":21},{"not_picked":["Finisher","Blade Dance","Dagger Throw"],"picked":"SKIP","floor":24},{"not_picked":["Envenom","Outmaneuver"],"picked":"Dodge and Roll","floor":27},{"not_picked":["Slice+1","Distraction"],"picked":"Acrobatics","floor":28},{"not_picked":["Sucker Punch","Slice"],"picked":"Outmaneuver","floor":28},{"not_picked":["Poisoned Stab","Quick Slash"],"picked":"Corpse Explosion","floor":30},{"not_picked":["Endless Agony","Flying Knee","Tactician"],"picked":"SKIP","floor":30},{"not_picked":["Endless Agony","Flying Knee"],"picked":"Tactician","floor":30},{"not_picked":["Underhanded Strike","Flying Knee"],"picked":"Escape Plan","floor":31},{"not_picked":["Prepared","Slice","Outmaneuver"],"picked":"SKIP","floor":31},{"not_picked":["A Thousand Cuts","Doppelganger"],"picked":"Wraith Form v2","floor":33},{"not_picked":["Backstab","Cloak And Dagger"],"picked":"PiercingWail+1","floor":35},{"not_picked":["Outmaneuver","Backstab","Crippling Poison"],"picked":"SKIP","floor":35},{"not_picked":["Masterful Stab","Caltrops","Dagger Spray"],"picked":"SKIP","floor":36},{"not_picked":["Quick Slash+1","Flying Knee","Poisoned Stab"],"picked":"SKIP","floor":36},{"not_picked":["Deflect","Dodge and Roll"],"picked":"Acrobatics","floor":38},{"not_picked":["Dagger Spray+1","Bane","Endless Agony"],"picked":"SKIP","floor":38},{"not_picked":["Choke","Quick Slash+1"],"picked":"Sucker Punch+1","floor":40},{"not_picked":["Crippling Poison+1","Underhanded Strike"],"picked":"Night Terror+1","floor":42}],"player_experience":778315,"relics_obtained":[{"floor":9,"key":"Pen Nib"},{"floor":24,"key":"Ornamental Fan"},{"floor":26,"key":"Prayer Wheel"},{"floor":27,"key":"Oddly Smooth Stone"},{"floor":40,"key":"Toxic Egg 2"},{"floor":42,"key":"Ice Cream"},{"floor":43,"key":"Bottled Lightning"}],"event_choices":[{"damage_healed":0,"gold_gain":0,"player_choice":"Entered Light","damage_taken":20,"max_hp_gain":0,"max_hp_loss":0,"event_name":"Shining Light","floor":2,"gold_loss":0,"cards_upgraded":["Strike_G","Strike_G"]},{"damage_healed":0,"gold_gain":0,"player_choice":"Lose Max HP","damage_taken":0,"relics_obtained":["Golden Idol"],"max_hp_gain":0,"max_hp_loss":6,"event_name":"Golden Idol","floor":13,"gold_loss":0},{"cards_removed":["Strike_G"],"damage_healed":0,"gold_gain":0,"player_choice":"Card Removal","damage_taken":7,"max_hp_gain":0,"max_hp_loss":0,"event_name":"Golden Wing","floor":14,"gold_loss":0},{"cards_removed":["Strike_G"],"damage_healed":0,"gold_gain":0,"player_choice":"Gave Gold","damage_taken":0,"max_hp_gain":0,"max_hp_loss":0,"event_name":"Beggar","floor":19,"gold_loss":75},{"damage_healed":0,"gold_gain":50,"player_choice":"Stole From Cult","damage_taken":0,"max_hp_gain":0,"max_hp_loss":0,"event_name":"Nest","floor":20,"gold_loss":0},{"damage_healed":0,"gold_gain":0,"player_choice":"Got Potions","damage_taken":0,"max_hp_gain":0,"max_hp_loss":0,"event_name":"Lab","floor":22,"gold_loss":0},{"damage_healed":0,"gold_gain":0,"player_choice":"Damaged","damage_taken":9,"max_hp_gain":0,"max_hp_loss":0,"event_name":"Wheel of Change","floor":37,"gold_loss":0},{"damage_healed":0,"gold_gain":0,"player_choice":"Ignored","damage_taken":0,"max_hp_gain":0,"max_hp_loss":0,"event_name":"Tomb of Lord Red Mask","floor":39,"gold_loss":0}],"is_beta":false,"boss_relics":[{"not_picked":["Velvet Choker","WristBlade"],"picked":"Runic Pyramid"},{"not_picked":["HoveringKite","Runic Dome"],"picked":"Astrolabe"}],"items_purged_floors":[11],"is_endless":false,"potions_floor_spawned":[1,4,8,18,24,28,30,31,36,42],"killed_by":"Transient","ascension_level":20}