{"gold_per_floor":[111,286,83,83,103,138,138,156,156,182,12,12,12,30,30,128,128,143,125,43,63,63,63,79,79,79,79,79,89,89,100,100,205,205,224,324,340,340,340,340,357,374,374,16,34,34,34,46,46,46],"floor_reached":51,"playtime":2276,"items_purged":["Doubt","Strike_B","Pain"],"score":697,"play_id":"5de5eeee-661a-4f10-8c74-529c7120c771","local_time":"20190612142402","is_ascension_mode":false,"campfire_choices":[{"data":"Hologram","floor":7.0,"key":"SMITH"},{"data":"Chaos","floor":12.0,"key":"SMITH"},{"data":"Capacitor","floor":15.0,"key":"SMITH"},{"data":"Defragment","floor":23.0,"key":"SMITH"},{"data":"Capacitor","floor":28.0,"key":"SMITH"},{"data":"Loop","floor":30.0,"key":"SMITH"},{"data":"Dualcast","floor":32.0,"key":"SMITH"},{"data":"Capacitor","floor":40.0,"key":"SMITH"},{"data":"Machine Learning","floor":46,"key":"SMITH"},{"data":"White Noise","floor":49,"key":"SMITH"}],"neow_cost":"NONE","seed_source_timestamp":12310177649059,"circlet_count":0,"master_deck":["Strike_B","Strike_B","Defend_B","Defend_B+1","Defend_B","Defend_B","Zap+1","Dualcast+1","Hologram+1","Melter","Cold Snap","Thunder Strike","FTL","Chaos+1","White Noise+1","Capacitor+1","Undo","Core Surge","Glacier","Capacitor+1","Defragment+1","Consume+1","Loop+1","Self Repair","Self Repair","Machine Learning+1","Turbo+1","Capacitor+1","Meteor Strike","White Noise+1","Coolheaded+1","Coolheaded+1","Turbo+1"],"special_seed":0,"relics":["Cracked Core","Pear","Prayer Wheel","Pantograph","Odd Mushroom","Velvet Choker","Nloth\u0027s Gift","Letter Opener","Cursed Key","Ice Cream","WarpedTongs","War Paint"],"potions_floor_usage":[45],"damage_taken":[{"damage":1.0,"enemies":"Jaw Worm","floor":1.0,"turns":2.0},{"damage":3.0,"enemies":"Small Slimes","floor":5.0,"turns":3.0},{"damage":15.0,"enemies":"3 Sentries","floor":6.0,"turns":7.0},{"damage":0.0,"enemies":"2 Louse","floor":8.0,"turns":1.0},{"damage":15.0,"enemies":"The Mushroom Lair","floor":10.0,"turns":4.0},{"damage":2.0,"enemies":"Blue Slaver","floor":14.0,"turns":2.0},{"damage":44.0,"enemies":"Slime Boss","floor":16.0,"turns":10.0},{"damage":0.0,"enemies":"3 Byrds","floor":18.0,"turns":6.0},{"damage":7.0,"enemies":"2 Thieves","floor":19.0,"turns":4.0},{"damage":4.0,"enemies":"Centurion and Healer","floor":21.0,"turns":8.0},{"damage":9.0,"enemies":"Shelled Parasite and Fungi","floor":24.0,"turns":7.0},{"damage":2.0,"enemies":"3 Cultists","floor":29.0,"turns":6.0},{"damage":7.0,"enemies":"Cultist and Chosen","floor":31.0,"turns":8.0},{"damage":26.0,"enemies":"Automaton","floor":33.0,"turns":9.0},{"damage":44.0,"enemies":"3 Darklings","floor":35.0,"turns":10.0},{"damage":28.0,"enemies":"Mind Bloom Boss Battle","floor":36.0,"turns":7.0},{"damage":13.0,"enemies":"Orb Walker","floor":37.0,"turns":3.0},{"damage":69.0,"enemies":"Jaw Worm Horde","floor":41.0,"turns":6.0},{"damage":26.0,"enemies":"Writhing Mass","floor":42.0,"turns":4.0},{"damage":0,"enemies":"Maw","floor":45,"turns":7},{"damage":0,"enemies":"Spire Growth","floor":48,"turns":7},{"damage":30,"enemies":"Donu and Deca","floor":50,"turns":14}],"seed_played":"5962983524026347001","potions_obtained":[{"floor":8.0,"key":"AttackPotion"},{"floor":14.0,"key":"SteroidPotion"},{"floor":16.0,"key":"PowerPotion"},{"floor":21.0,"key":"SkillPotion"},{"floor":29.0,"key":"Fruit Juice"},{"floor":33.0,"key":"Regen Potion"},{"floor":36.0,"key":"Block Potion"},{"floor":42.0,"key":"Poison Potion"},{"floor":45,"key":"Ancient Potion"}],"is_trial":false,"path_per_floor":["M","?","$","?","M","E","R","M","T","?","$","R","?","M","R","B",null,"M","M","$","M","?","R","M","?","T","$","R","M","R","M","R","B",null,"M","?","M","?","?","R","M","M","T","$","M","R","?","M","R","B",null],"character_chosen":"DEFECT","items_purchased":["Melter","Cold Snap","Capacitor","Defragment","Regen Potion","War Paint"],"campfire_rested":0,"item_purchase_floors":[3,3,11,20,44,44],"current_hp_per_floor":[74,74,74,77,74,59,59,59,59,44,44,44,44,42,42,23,85,85,78,78,74,74,74,65,65,65,65,65,68,68,61,61,74,90,75,83,84,84,84,84,29,13,13,13,62,62,62,76,76,77],"gold":46,"neow_bonus":"UPGRADE_CARD","is_prod":false,"is_daily":false,"chose_seed":false,"campfire_upgraded":10,"win_rate":0,"timestamp":1560320642,"path_taken":["M","?","$","?","M","E","R","M","T","?","?","R","?","M","R","BOSS","M","M","$","M","?","R","?","?","T","$","R","M","R","?","R","BOSS","M","?","M","?","?","R","?","M","T","$","M","R","?","M","R","BOSS"],"build_version":"2019-01-23","purchased_purges":3,"victory":true,"max_hp_per_floor":[75,75,75,85,85,85,85,85,85,85,85,85,85,85,85,85,85,85,85,85,85,85,85,85,85,85,85,85,90,90,90,90,90,90,90,90,90,90,90,90,90,90,90,90,90,90,90,90,90,90],"card_choices":[{"not_picked":["Stack","Turbo"],"picked":"Hologram","floor":1.0},{"not_picked":["Coolheaded","Barrage","Scrape"],"picked":"SKIP","floor":5.0},{"not_picked":["Steam","Cold Snap"],"picked":"Thunder Strike","floor":6.0},{"not_picked":["Rebound","BootSequence"],"picked":"FTL","floor":8.0},{"not_picked":["Leap","Coolheaded"],"picked":"Chaos","floor":8.0},{"not_picked":["Cold Snap","Beam Cell"],"picked":"White Noise","floor":10.0},{"not_picked":["Gash","Redo"],"picked":"Undo","floor":14.0},{"not_picked":["Rebound","Steam Power","Barrage"],"picked":"SKIP","floor":14.0},{"not_picked":["Machine Learning","Rainbow"],"picked":"Core Surge","floor":16.0},{"not_picked":["Beam Cell","Rip and Tear"],"picked":"Glacier","floor":18.0},{"not_picked":["Barrage+1","Force Field"],"picked":"Capacitor","floor":18.0},{"not_picked":["Leap","Streamline","Reprogram"],"picked":"SKIP","floor":19.0},{"not_picked":["Reprogram","Melter","Rebound+1"],"picked":"SKIP","floor":19.0},{"not_picked":["Turbo","Sweeping Beam","Auto Shields+1"],"picked":"SKIP","floor":21.0},{"not_picked":["Glacier","Stack+1","Beam Cell"],"picked":"SKIP","floor":21.0},{"not_picked":["Sweeping Beam","Beam Cell+1"],"picked":"Consume+1","floor":24.0},{"not_picked":["Chaos","Force Field","Go for the Eyes"],"picked":"SKIP","floor":24.0},{"not_picked":["Steam Power","Hologram"],"picked":"Loop","floor":29.0},{"not_picked":["All For One","Compile Driver+1","Turbo"],"picked":"SKIP","floor":29.0},{"not_picked":["Ball Lightning","Go for the Eyes"],"picked":"Self Repair","floor":31.0},{"not_picked":["Redo","Hologram"],"picked":"Self Repair","floor":31.0},{"not_picked":["Fission","Seek"],"picked":"Machine Learning","floor":33.0},{"not_picked":["Streamline","Sweeping Beam+1","Hello World+1"],"picked":"SKIP","floor":35.0},{"not_picked":["Reprogram","Conserve Battery","Static Discharge+1"],"picked":"SKIP","floor":35.0},{"not_picked":["FTL","Streamline+1"],"picked":"Turbo+1","floor":36.0},{"not_picked":["Leap","Lockon+1"],"picked":"Capacitor","floor":37.0},{"not_picked":["Skim","Sunder+1"],"picked":"Meteor Strike","floor":37.0},{"not_picked":["Streamline","Stack+1"],"picked":"White Noise+1","floor":41.0},{"not_picked":["Steam","Turbo+1","Stack+1"],"picked":"SKIP","floor":41.0},{"not_picked":["Redo","Leap+1"],"picked":"Coolheaded+1","floor":42.0},{"not_picked":["Reboot","Consume"],"picked":"Coolheaded","floor":42.0},{"not_picked":["Compile Driver+1","Steam+1"],"picked":"Turbo+1","floor":45},{"not_picked":["Steam+1","Lockon+1","Redo+1"],"picked":"SKIP","floor":45},{"not_picked":["BootSequence","Rip and Tear+1","Conserve Battery+1"],"picked":"SKIP","floor":48},{"not_picked":["Turbo","Undo","Cold Snap+1"],"picked":"SKIP","floor":48}],"player_experience":5098355,"relics_obtained":[{"floor":6.0,"key":"Prayer Wheel"},{"floor":9.0,"key":"Pantograph"},{"floor":10.0,"key":"Odd Mushroom"},{"floor":26.0,"key":"Letter Opener"},{"floor":36.0,"key":"Ice Cream"}],"event_choices":[{"damage_healed":0.0,"max_hp_gain":0.0,"max_hp_loss":0.0,"gold_gain":175.0,"event_name":"Liars Game","player_choice":"AGREE","floor":2.0,"gold_loss":0.0,"damage_taken":0.0,"cards_obtained":["Doubt"]},{"damage_healed":0.0,"max_hp_gain":0.0,"max_hp_loss":0.0,"gold_gain":0.0,"event_name":"Scrap Ooze","player_choice":"Success","floor":4.0,"gold_loss":0.0,"damage_taken":7.0,"relics_obtained":["Pear"]},{"damage_healed":0.0,"max_hp_gain":0.0,"max_hp_loss":0.0,"gold_gain":0.0,"event_name":"Mushrooms","player_choice":"Fought Mushrooms","floor":10.0,"gold_loss":0.0,"damage_taken":0.0},{"damage_healed":0.0,"max_hp_gain":0.0,"max_hp_loss":0.0,"gold_gain":0.0,"event_name":"NoteForYourself","player_choice":"Ignored","floor":13.0,"gold_loss":0.0,"damage_taken":0.0},{"damage_healed":0.0,"max_hp_gain":0.0,"max_hp_loss":0.0,"gold_gain":0.0,"event_name":"WeMeetAgain","player_choice":"Gave Potion","floor":22.0,"gold_loss":0.0,"damage_taken":0.0,"relics_obtained":["Sundial"]},{"damage_healed":0.0,"max_hp_gain":0.0,"max_hp_loss":0.0,"gold_gain":0.0,"event_name":"N\u0027loth","player_choice":"Traded Relic","floor":25.0,"relics_lost":["Sundial"],"gold_loss":0.0,"damage_taken":0.0,"relics_obtained":["Nloth\u0027s Gift"]},{"damage_healed":0.0,"max_hp_gain":0.0,"max_hp_loss":0.0,"gold_gain":0.0,"event_name":"MindBloom","player_choice":"Fight","floor":36.0,"gold_loss":0.0,"damage_taken":0.0},{"damage_healed":0.0,"max_hp_gain":0.0,"max_hp_loss":0.0,"gold_gain":0.0,"event_name":"Tomb of Lord Red Mask","player_choice":"Ignored","floor":38.0,"gold_loss":0.0,"damage_taken":0.0},{"damage_healed":0.0,"max_hp_gain":0.0,"max_hp_loss":0.0,"gold_gain":0.0,"event_name":"Accursed Blacksmith","player_choice":"Rummage","floor":39.0,"gold_loss":0.0,"damage_taken":0.0,"relics_obtained":["WarpedTongs"],"cards_obtained":["Pain"]},{"cards_removed":["Strike_B"],"damage_healed":0,"gold_gain":0,"player_choice":"Removed Attack","damage_taken":0,"max_hp_gain":0,"max_hp_loss":0,"event_name":"Falling","floor":47,"gold_loss":0}],"is_beta":false,"boss_relics":[{"not_picked":["Philosopher\u0027s Stone","Black Star"],"picked":"Velvet Choker"},{"not_picked":["Orrery","Astrolabe"],"picked":"Cursed Key"}],"items_purged_floors":[3,11,44],"is_endless":false,"potions_floor_spawned":[8,14,16,21,29,33,36,42,45],"ascension_level":0}