{"path_per_floor":["M","$","M","?","?","R","E","R","T","E","M","M","M","?","R"],"character_chosen":"THE_SILENT","items_purchased":[],"gold_per_floor":[112,112,131,131,89,89,144,144,168,203,215,233,246,246,246,246],"floor_reached":16,"campfire_rested":0,"playtime":383,"item_purchase_floors":[],"current_hp_per_floor":[63,63,63,63,63,63,63,63,63,18,15,15,15,1,1,0],"items_purged":[],"gold":246,"score":189,"play_id":"0751604a-66fb-4652-ba4d-45cba1b79d66","local_time":"20180530231715","is_prod":false,"is_daily":false,"chose_seed":false,"is_ascension_mode":true,"campfire_upgraded":3,"win_rate":0,"timestamp":1527693435,"campfire_choices":[{"data":"Neutralize","floor":6,"key":"SMITH"},{"data":"Predator","floor":8,"key":"SMITH"},{"data":"Prepared","floor":15,"key":"SMITH"}],"path_taken":["M","$","M","?","?","R","E","R","T","E","M","M","?","?","R","BOSS"],"build_version":"2018-05-29","seed_source_timestamp":55305433621011,"purchased_purges":0,"victory":false,"master_deck":["Defend_G","Defend_G+1","Defend_G","Defend_G","Defend_G","Strike_G","Strike_G","Strike_G","Strike_G","Strike_G","Survivor","Neutralize+1","Predator+1","Reflex+1","Prepared+1","Dagger Throw"],"max_hp_per_floor":[70,70,70,70,70,70,70,70,70,70,70,70,70,70,70,70],"relics":["Ring of the Snake","NeowsBlessing","Tiny Chest","Boot","Dodecahedron"],"card_choices":[{"not_picked":["Dash","Concentrate"],"picked":"Predator","floor":1},{"not_picked":["Outmaneuver","PiercingWail","Bane"],"picked":"SKIP","floor":3},{"not_picked":["Dodge and Roll","Footwork"],"picked":"Reflex","floor":7},{"not_picked":["Choke","Blade Dance"],"picked":"Prepared","floor":10},{"not_picked":["Catalyst","Quick Slash","Accuracy"],"picked":"SKIP","floor":11},{"not_picked":["Phantasmal Killer","Deadly Poison","Sucker Punch"],"picked":"SKIP","floor":12},{"not_picked":["Sucker Punch","Caltrops"],"picked":"Dagger Throw","floor":13}],"player_experience":513927,"potions_floor_usage":[10,16,16],"damage_taken":[{"damage":0,"enemies":"Small Slimes","floor":1,"turns":1},{"damage":0,"enemies":"2 Louse","floor":3,"turns":1},{"damage":0,"enemies":"3 Sentries","floor":7,"turns":2},{"damage":45,"enemies":"Lagavulin","floor":10,"turns":7},{"damage":3,"enemies":"Cultist","floor":11,"turns":4},{"damage":0,"enemies":"2 Fungi Beasts","floor":12,"turns":5},{"damage":0,"enemies":"Blue Slaver","floor":13,"turns":4},{"damage":3,"enemies":"Slime Boss","floor":16,"turns":7}],"relics_obtained":[{"floor":7,"key":"Tiny Chest"},{"floor":9,"key":"Boot"},{"floor":10,"key":"Dodecahedron"}],"event_choices":[{"event_name":"Liars Game","player_choice":"disagreed","floor":4,"damage_taken":0},{"event_name":"World of Goop","player_choice":"Left","floor":5,"damage_taken":0},{"event_name":"Shining Light","player_choice":"Entered Light","floor":14,"damage_taken":0}],"boss_relics":[],"items_purged_floors":[],"potions_floor_spawned":[1,3,12,13],"seed_played":"4470897947853370643","killed_by":"Slime Boss","ascension_level":8,"potions_obtained":[{"floor":1,"key":"SpeedPotion"},{"floor":3,"key":"Ancient Potion"},{"floor":12,"key":"Energy Potion"},{"floor":13,"key":"PowerPotion"}],"is_trial":false}