{"gold_per_floor":[119,169,184,70,87,121,121,132,157,185,198,248,248,264,264,264],"floor_reached":16,"playtime":339,"items_purged":["Strike_G"],"score":224,"play_id":"3b12214c-c4fc-4286-901c-f7b91c45f6b9","local_time":"20190705232707","is_ascension_mode":true,"campfire_choices":[{"data":"Noxious Fumes","floor":7.0,"key":"SMITH"},{"data":"All Out Attack","floor":13.0,"key":"SMITH"},{"data":"Masterful Stab","floor":15.0,"key":"SMITH"}],"neow_cost":"NONE","seed_source_timestamp":262623042707885,"circlet_count":0,"master_deck":["AscendersBane","Strike_G","Strike_G","Strike_G","Strike_G","Defend_G","Defend_G","Defend_G","Defend_G","Defend_G","Survivor","Neutralize","Masterful Stab+1","Noxious Fumes+1","Die Die Die","Footwork","All Out Attack+1"],"special_seed":0,"relics":["Ring of the Snake","NeowsBlessing","Dream Catcher","Bag of Preparation","Regal Pillow"],"potions_floor_usage":[16],"damage_taken":[{"damage":0.0,"enemies":"Cultist","floor":1.0,"turns":1.0},{"damage":0.0,"enemies":"Jaw Worm","floor":3.0,"turns":1.0},{"damage":0.0,"enemies":"Small Slimes","floor":5.0,"turns":1.0},{"damage":17.0,"enemies":"Lagavulin","floor":6.0,"turns":6.0},{"damage":0.0,"enemies":"Exordium Wildlife","floor":8.0,"turns":2.0},{"damage":10.0,"enemies":"3 Sentries","floor":10.0,"turns":6.0},{"damage":9.0,"enemies":"Blue Slaver","floor":11.0,"turns":3.0},{"damage":0.0,"enemies":"3 Louse","floor":14.0,"turns":3.0},{"damage":0,"enemies":"Slime Boss","floor":16,"turns":3}],"seed_played":"1461330354792821899","potions_obtained":[{"floor":1.0,"key":"AttackPotion"},{"floor":3.0,"key":"GamblersBrew"},{"floor":8.0,"key":"Dexterity Potion"},{"floor":10.0,"key":"Fruit Juice"}],"is_trial":false,"path_per_floor":["M","?","M","$","M","E","R","M","T","E","M","?","R","M","R","B"],"character_chosen":"THE_SILENT","items_purchased":["Noxious Fumes"],"campfire_rested":0,"item_purchase_floors":[4],"current_hp_per_floor":[59,53,53,53,53,36,36,36,36,31,22,22,22,22,22,22],"gold":264,"neow_bonus":"THREE_ENEMY_KILL","is_prod":false,"is_daily":false,"chose_seed":false,"campfire_upgraded":3,"win_rate":0,"timestamp":1562340427,"path_taken":["M","?","M","$","?","E","R","M","T","E","M","?","R","M","R","BOSS"],"build_version":"2019-07-01","purchased_purges":1,"victory":false,"max_hp_per_floor":[66,66,66,66,66,66,66,66,66,71,71,71,71,71,71,71],"card_choices":[{"not_picked":["Endless Agony","Blade Dance"],"picked":"Masterful Stab","floor":1.0},{"not_picked":["Accuracy","Slice","Prepared"],"picked":"SKIP","floor":3.0},{"not_picked":["Underhanded Strike","Deflect"],"picked":"Die Die Die","floor":5.0},{"not_picked":["Accuracy","Dash"],"picked":"Footwork","floor":6.0},{"not_picked":["Underhanded Strike","Dagger Throw","Dagger Spray"],"picked":"SKIP","floor":8.0},{"not_picked":["Dodge and Roll","Deadly Poison","Crippling Poison"],"picked":"SKIP","floor":10.0},{"not_picked":["Quick Slash","Outmaneuver"],"picked":"All Out Attack","floor":11.0},{"not_picked":["Eviscerate","Deflect","Accuracy"],"picked":"SKIP","floor":14.0}],"player_experience":1554786,"relics_obtained":[{"floor":6.0,"key":"Dream Catcher"},{"floor":9.0,"key":"Bag of Preparation"},{"floor":10.0,"key":"Regal Pillow"}],"event_choices":[{"damage_healed":0.0,"max_hp_gain":0.0,"max_hp_loss":0.0,"gold_gain":50.0,"event_name":"FaceTrader","player_choice":"Touch","floor":2.0,"gold_loss":0.0,"damage_taken":6.0},{"damage_healed":0.0,"max_hp_gain":0.0,"max_hp_loss":0.0,"gold_gain":50.0,"event_name":"Golden Shrine","player_choice":"Pray","floor":12.0,"gold_loss":0.0,"damage_taken":0.0}],"is_beta":false,"boss_relics":[],"items_purged_floors":[4],"is_endless":false,"potions_floor_spawned":[1,3,8,10],"killed_by":"Slime Boss","ascension_level":20}