{"gold_per_floor":[112,122,137,152,168,168,168,52,123,273,273,198,217,98,98,169,169,169],"floor_reached":18,"playtime":559,"items_purged":["Strike_G"],"score":304,"play_id":"ac2d3623-119b-41bc-81db-d5ace2745d44","local_time":"20190102154239","is_ascension_mode":true,"campfire_choices":[{"data":"Deadly Poison","floor":6,"key":"SMITH"},{"data":"Acrobatics","floor":11,"key":"SMITH"},{"data":"Noxious Fumes","floor":15,"key":"SMITH"}],"neow_cost":"NONE","seed_source_timestamp":12246981420072,"circlet_count":0,"master_deck":["AscendersBane","Defend_G","Defend_G","Defend_G","Defend_G","Defend_G","Strike_G","Strike_G","Strike_G","Strike_G","Survivor","Neutralize","Blur","Deadly Poison+1","Backflip","Acrobatics+1","Tactician","Noxious Fumes+1","After Image"],"relics":["Runic Dome","Dodecahedron","Runic Pyramid"],"potions_floor_usage":[13,16],"damage_taken":[{"damage":0,"enemies":"2 Louse","floor":1,"turns":3},{"damage":0,"enemies":"Cultist","floor":2,"turns":5},{"damage":4,"enemies":"Small Slimes","floor":3,"turns":4},{"damage":13,"enemies":"3 Louse","floor":4,"turns":6},{"damage":3,"enemies":"Looter","floor":5,"turns":4},{"damage":0,"enemies":"Gremlin Gang","floor":13,"turns":8},{"damage":63,"enemies":"Slime Boss","floor":16,"turns":13},{"damage":12,"enemies":"Chosen","floor":18,"turns":5}],"seed_played":"8627130436869931667","potions_obtained":[{"floor":1,"key":"SpeedPotion"},{"floor":3,"key":"GamblersBrew"},{"floor":13,"key":"PowerPotion"}],"is_trial":false,"path_per_floor":["M","M","M","M","M","R","?","$","T","?","R","?","M","$","R","B",null,"M"],"character_chosen":"THE_SILENT","items_purchased":["Acrobatics","Tactician","Noxious Fumes"],"campfire_rested":0,"item_purchase_floors":[8,8,14],"current_hp_per_floor":[59,59,55,42,39,39,66,66,66,66,66,66,66,66,66,3,50,38],"gold":169,"neow_bonus":"BOSS_RELIC","is_prod":false,"is_daily":false,"chose_seed":false,"campfire_upgraded":3,"win_rate":0,"timestamp":1546414959,"path_taken":["M","M","M","M","M","R","?","?","T","?","R","?","M","$","R","BOSS","M"],"build_version":"2018-12-20","purchased_purges":1,"victory":false,"max_hp_per_floor":[66,66,66,66,66,66,66,66,66,66,66,66,66,66,66,66,66,66],"card_choices":[{"not_picked":["Dash","Dagger Spray"],"picked":"Blur","floor":1},{"not_picked":["Slice","Eviscerate","Backstab"],"picked":"SKIP","floor":2},{"not_picked":["Quick Slash","Deflect","Crippling Poison"],"picked":"SKIP","floor":3},{"not_picked":["PiercingWail","Outmaneuver"],"picked":"Deadly Poison","floor":4},{"not_picked":["Dagger Throw","Distraction"],"picked":"Backflip","floor":5},{"not_picked":["Dagger Spray","Setup","Deflect"],"picked":"SKIP","floor":13},{"not_picked":["Burst","Malaise"],"picked":"After Image","floor":16}],"player_experience":1661776,"relics_obtained":[{"floor":9,"key":"Dodecahedron"}],"event_choices":[{"damage_healed":27,"gold_gain":0,"player_choice":"Full Heal","damage_taken":0,"max_hp_gain":0,"max_hp_loss":0,"event_name":"Wheel of Change","floor":7,"gold_loss":0},{"damage_healed":0,"gold_gain":150,"player_choice":"AGREE","damage_taken":0,"max_hp_gain":0,"max_hp_loss":0,"event_name":"Liars Game","floor":10,"gold_loss":0,"cards_obtained":["Doubt"]},{"cards_removed":["Doubt"],"damage_healed":0,"gold_gain":0,"player_choice":"Card Removal","damage_taken":0,"max_hp_gain":0,"max_hp_loss":0,"event_name":"The Cleric","floor":12,"gold_loss":75}],"is_beta":false,"boss_relics":[{"not_picked":["WristBlade","White Beast Statue"],"picked":"Runic Pyramid"}],"items_purged_floors":[14],"is_endless":false,"potions_floor_spawned":[1,3,4,13],"killed_by":"Chosen","ascension_level":20}