{"gold_per_floor":[366,251,264,164,164,164,176,176,203,216,233,233,289,289,289,393,393,364,364,38,48,65,65,85,96,96,96,96,110,27,40,40,145,145,161,86,105,125,138,138,156,156,156,156,176,176,176,196,196,196],"floor_reached":51,"playtime":1907,"items_purged":["Strike_G","Strike_G","Defend_G","Defend_G"],"score":743,"play_id":"7d95b1fb-3da5-4538-8bed-9871ceae28e5","local_time":"20181015193919","is_ascension_mode":false,"campfire_choices":[{"data":"Noxious Fumes","floor":6.0,"key":"SMITH"},{"data":"Noxious Fumes","floor":12.0,"key":"SMITH"},{"data":"Neutralize","floor":15.0,"key":"SMITH"},{"data":"Footwork","floor":23.0,"key":"SMITH"},{"data":"Malaise","floor":27.0,"key":"SMITH"},{"data":"Footwork","floor":32.0,"key":"SMITH"},{"data":"Catalyst","floor":40.0,"key":"SMITH"},{"data":"Corpse Explosion","floor":44.0,"key":"SMITH"},{"data":"Doppelganger","floor":46.0,"key":"SMITH"},{"floor":49.0,"key":"REST"}],"neow_cost":"PERCENT_DAMAGE","seed_source_timestamp":32094348353924,"circlet_count":0,"master_deck":["Defend_G+1","Survivor+1","Neutralize+1","Backflip+1","Noxious Fumes+1","Dash+1","Noxious Fumes+1","Malaise+1","Expertise+1","Leg Sweep+1","Footwork+1","Leg Sweep+1","Footwork+1","Noxious Fumes+1","Doppelganger+1","Footwork+1","Backflip+1","Corpse Explosion+1","Outmaneuver+1","Catalyst+1","Doppelganger+1","Deadly Poison+1","PiercingWail+1"],"special_seed":0,"relics":["Ring of the Snake","Blood Vial","Dodecahedron","Astrolabe","Membership Card","Oddly Smooth Stone","Runic Pyramid","Meat on the Bone","Mark of the Bloom"],"potions_floor_usage":[],"damage_taken":[{"damage":0.0,"enemies":"Small Slimes","floor":1.0,"turns":4.0},{"damage":0.0,"enemies":"Jaw Worm","floor":3.0,"turns":5.0},{"damage":0.0,"enemies":"Cultist","floor":7.0,"turns":4.0},{"damage":0.0,"enemies":"Exordium Thugs","floor":10.0,"turns":6.0},{"damage":0.0,"enemies":"Blue Slaver","floor":11.0,"turns":4.0},{"damage":9.0,"enemies":"Gremlin Nob","floor":13.0,"turns":5.0},{"damage":14.0,"enemies":"Slime Boss","floor":16.0,"turns":9.0},{"damage":0.0,"enemies":"2 Thieves","floor":18.0,"turns":5.0},{"damage":0.0,"enemies":"3 Byrds","floor":21.0,"turns":5.0},{"damage":0.0,"enemies":"Centurion and Healer","floor":22.0,"turns":8.0},{"damage":0.0,"enemies":"3 Cultists","floor":24.0,"turns":5.0},{"damage":0.0,"enemies":"Snake Plant","floor":25.0,"turns":6.0},{"damage":1.0,"enemies":"Shelled Parasite and Fungi","floor":29.0,"turns":6.0},{"damage":0.0,"enemies":"Centurion and Healer","floor":31.0,"turns":6.0},{"damage":0.0,"enemies":"Collector","floor":33.0,"turns":10.0},{"damage":0.0,"enemies":"3 Shapes","floor":35.0,"turns":4.0},{"damage":0.0,"enemies":"Orb Walker","floor":37.0,"turns":7.0},{"damage":0.0,"enemies":"Sphere and 2 Shapes","floor":38.0,"turns":5.0},{"damage":0.0,"enemies":"4 Shapes","floor":39.0,"turns":5.0},{"damage":0.0,"enemies":"Maw","floor":41.0,"turns":9.0},{"damage":0.0,"enemies":"3 Darklings","floor":45.0,"turns":5.0},{"damage":0.0,"enemies":"Spire Growth","floor":48.0,"turns":5.0},{"damage":30,"enemies":"Time Eater","floor":50,"turns":11}],"seed_played":"-5091353504745664202","potions_obtained":[{"floor":7.0,"key":"Block Potion"},{"floor":11.0,"key":"Regen Potion"},{"floor":13.0,"key":"LiquidBronze"},{"floor":13.0,"key":"AttackPotion"},{"floor":24.0,"key":"Fire Potion"},{"floor":29.0,"key":"AttackPotion"},{"floor":31.0,"key":"SpeedPotion"},{"floor":39.0,"key":"SpeedPotion"}],"is_trial":false,"path_per_floor":["M","$","M","$","?","R","M","?","T","M","M","R","?","?","R","B",null,"M","?","$","M","M","R","M","M","T","R","?","M","$","M","R","B",null,"M","$","M","M","M","R","M","?","T","R","M","R","?","M","R","B"],"character_chosen":"THE_SILENT","items_purchased":["Noxious Fumes","Membership Card","Footwork","Oddly Smooth Stone","Footwork"],"campfire_rested":1,"item_purchase_floors":[2,20,20,20,30],"current_hp_per_floor":[49,49,49,49,35,35,35,28,28,30,32,32,25,25,25,28,70,70,70,70,70,70,70,70,70,70,70,70,69,69,70,70,70,70,70,70,70,70,70,70,70,70,70,70,70,70,70,70,70,40],"gold":196,"neow_bonus":"TWO_FIFTY_GOLD","is_prod":false,"is_daily":false,"chose_seed":false,"campfire_upgraded":9,"win_rate":0,"timestamp":1539603559,"path_taken":["M","$","M","$","?","R","M","?","T","M","M","R","?","?","R","BOSS","M","?","$","M","M","R","M","?","T","R","?","?","$","M","R","BOSS","M","$","?","M","M","R","M","?","T","R","M","R","?","M","R","BOSS"],"build_version":"2018-10-11","purchased_purges":4,"victory":true,"max_hp_per_floor":[70,70,70,70,70,70,70,70,70,70,70,70,70,70,70,70,70,70,70,70,70,70,70,70,70,70,70,70,70,70,70,70,70,70,70,70,70,70,70,70,70,70,70,70,70,70,70,70,70,70],"card_choices":[{"not_picked":["Deflect","Riddle With Holes"],"picked":"Backflip","floor":1.0},{"not_picked":["Poisoned Stab","Acrobatics"],"picked":"Dash","floor":3.0},{"not_picked":["Tactician","Blade Dance","Prepared"],"picked":"SKIP","floor":7.0},{"not_picked":["Distraction","Eviscerate"],"picked":"Noxious Fumes","floor":10.0},{"not_picked":["Poisoned Stab","Cloak And Dagger","Prepared"],"picked":"SKIP","floor":11.0},{"not_picked":["Phantasmal Killer","Envenom"],"picked":"Malaise","floor":16.0},{"not_picked":["PiercingWail","Noxious Fumes"],"picked":"Leg Sweep+1","floor":18.0},{"not_picked":["Dagger Spray","Slice","Flying Knee+1"],"picked":"SKIP","floor":21.0},{"not_picked":["Prepared","PiercingWail"],"picked":"Noxious Fumes+1","floor":22.0},{"not_picked":["Prepared","Setup","Cloak And Dagger"],"picked":"SKIP","floor":24.0},{"not_picked":["Distraction","Prepared","Acrobatics"],"picked":"SKIP","floor":25.0},{"not_picked":["Quick Slash+1","Acrobatics","Cloak And Dagger"],"picked":"SKIP","floor":29.0},{"not_picked":["Crippling Poison","Dagger Throw"],"picked":"Backflip","floor":31.0},{"not_picked":["Night Terror","Wraith Form v2"],"picked":"Corpse Explosion","floor":33.0},{"not_picked":["Prepared+1","Acrobatics"],"picked":"Outmaneuver+1","floor":35.0},{"not_picked":["Outmaneuver+1","Escape Plan+1"],"picked":"Catalyst","floor":37.0},{"not_picked":["Accuracy","Bane+1","Prepared+1"],"picked":"SKIP","floor":38.0},{"not_picked":["Flying Knee","Outmaneuver+1"],"picked":"Doppelganger","floor":39.0},{"not_picked":["Accuracy","Terror","Riddle With Holes"],"picked":"SKIP","floor":41.0},{"not_picked":["Quick Slash+1","Bane+1"],"picked":"Deadly Poison+1","floor":45.0},{"not_picked":["Flying Knee+1","Quick Slash+1"],"picked":"PiercingWail+1","floor":48.0}],"player_experience":223581,"relics_obtained":[{"floor":9.0,"key":"Blood Vial"},{"floor":13.0,"key":"Dodecahedron"},{"floor":43.0,"key":"Meat on the Bone"}],"event_choices":[{"event_name":"Shining Light","player_choice":"Entered Light","floor":5.0,"damage_taken":0.0},{"event_name":"Golden Wing","player_choice":"Card Removal","floor":8.0,"damage_taken":0.0},{"event_name":"Dead Adventurer","player_choice":"Searched \u00271\u0027 times","floor":13.0,"damage_taken":0.0},{"event_name":"The Woman in Blue","player_choice":"Bought 0 Potions","floor":14.0,"damage_taken":0.0},{"event_name":"Cursed Tome","player_choice":"Ignored","floor":19.0,"damage_taken":0.0},{"event_name":"Transmorgrifier","player_choice":"Transform","floor":28.0,"damage_taken":0.0},{"event_name":"Mysterious Sphere","player_choice":"Ignore","floor":42.0,"damage_taken":0.0},{"event_name":"MindBloom","player_choice":"Upgrade","floor":47.0,"damage_taken":0.0}],"is_beta":false,"boss_relics":[{"not_picked":["Calling Bell","Fusion Hammer"],"picked":"Astrolabe"},{"not_picked":["HoveringKite","Sozu"],"picked":"Runic Pyramid"}],"items_purged_floors":[2,4,30,36],"is_endless":false,"potions_floor_spawned":[7,11,13,13,24,29,31,38,39,48],"ascension_level":0}