{"gold_per_floor":[117,117,42,54,54,84,100,21,21,21,21,39,75,95,95,193,193,218,218],"floor_reached":19,"playtime":404,"items_purged":["Pain"],"score":404,"play_id":"6c8b3a60-057e-47a8-9594-deb1f72e8bcf","local_time":"20190806234816","is_ascension_mode":true,"campfire_choices":[{"data":"Havoc","floor":10.0,"key":"SMITH"},{"data":"Evolve","floor":15.0,"key":"SMITH"}],"neow_cost":"NONE","seed_source_timestamp":41466175401957,"circlet_count":0,"master_deck":["AscendersBane","Strike_R","Strike_R","Strike_R","Strike_R","Strike_R","Defend_R+1","Defend_R","Defend_R+1","Defend_R","Bash","Corruption","Shrug It Off","Havoc+1","Evolve+1","Whirlwind","Feel No Pain+1","Dark Embrace+1"],"special_seed":0,"relics":["Burning Blood","NeowsBlessing","WarpedTongs","Blue Candle","Frozen Egg 2","Golden Idol","Orichalcum","Runic Pyramid"],"potions_floor_usage":[],"damage_taken":[{"damage":0.0,"enemies":"Cultist","floor":1.0,"turns":1.0},{"damage":0.0,"enemies":"Jaw Worm","floor":4.0,"turns":1.0},{"damage":0.0,"enemies":"3 Sentries","floor":6.0,"turns":1.0},{"damage":0.0,"enemies":"2 Louse","floor":7.0,"turns":3.0},{"damage":10.0,"enemies":"Exordium Thugs","floor":12.0,"turns":5.0},{"damage":24.0,"enemies":"Lagavulin","floor":13.0,"turns":5.0},{"damage":5.0,"enemies":"2 Fungi Beasts","floor":14.0,"turns":3.0},{"damage":32.0,"enemies":"Slime Boss","floor":16.0,"turns":10.0},{"damage":42,"enemies":"3 Byrds","floor":18,"turns":7},{"damage":1,"enemies":"Shell Parasite","floor":19,"turns":3}],"seed_played":"-7052008984483685825","potions_obtained":[{"floor":1.0,"key":"AttackPotion"},{"floor":7.0,"key":"Fire Potion"},{"floor":18,"key":"FearPotion"}],"is_trial":false,"path_per_floor":["M","?","$","M","?","E","M","$","T","R","?","M","E","M","R","B",null,"M","M"],"character_chosen":"IRONCLAD","items_purchased":["Evolve"],"campfire_rested":0,"item_purchase_floors":[8],"current_hp_per_floor":[74,74,74,75,52,58,64,64,64,64,64,60,42,43,43,17,55,19,18],"gold":218,"neow_bonus":"THREE_ENEMY_KILL","is_prod":false,"is_daily":false,"chose_seed":false,"campfire_upgraded":2,"win_rate":0,"timestamp":1565102896,"path_taken":["M","?","$","?","?","E","M","?","T","R","?","M","E","M","R","BOSS","M","M"],"build_version":"2019-07-17","purchased_purges":1,"victory":false,"max_hp_per_floor":[75,75,75,75,75,75,75,75,75,75,68,68,68,68,68,68,68,68,68],"card_choices":[{"not_picked":["Bloodletting","Sever Soul","Warcry"],"picked":"SKIP","floor":1.0},{"not_picked":["Twin Strike","Iron Wave"],"picked":"Corruption","floor":4.0},{"not_picked":["Corruption","Pommel Strike"],"picked":"Shrug It Off","floor":6.0},{"not_picked":["Wild Strike","Armaments"],"picked":"Havoc","floor":7.0},{"not_picked":["Cleave","Twin Strike","Whirlwind"],"picked":"SKIP","floor":12.0},{"not_picked":["Cleave","Twin Strike"],"picked":"Whirlwind","floor":12.0},{"not_picked":["Whirlwind","Pummel"],"picked":"Feel No Pain+1","floor":13.0},{"not_picked":["Iron Wave","Pummel","Cleave"],"picked":"SKIP","floor":14.0},{"not_picked":["Berserk+1","Feed"],"picked":"Dark Embrace+1","floor":16.0},{"not_picked":["Twin Strike+1","Armaments","Sever Soul"],"picked":"SKIP","floor":18}],"player_experience":783961,"relics_obtained":[{"floor":6.0,"key":"Blue Candle"},{"floor":9.0,"key":"Frozen Egg 2"},{"floor":13.0,"key":"Orichalcum"}],"event_choices":[{"damage_healed":0.0,"max_hp_gain":0.0,"max_hp_loss":0.0,"gold_gain":0.0,"event_name":"Accursed Blacksmith","player_choice":"Rummage","floor":2.0,"gold_loss":0.0,"damage_taken":0.0,"relics_obtained":["WarpedTongs"],"cards_obtained":["Pain"]},{"damage_healed":0.0,"max_hp_gain":0.0,"max_hp_loss":0.0,"gold_gain":0.0,"event_name":"Shining Light","player_choice":"Entered Light","floor":5.0,"gold_loss":0.0,"damage_taken":23.0,"cards_upgraded":["Defend_R","Defend_R"]},{"damage_healed":0.0,"max_hp_gain":0.0,"max_hp_loss":7.0,"gold_gain":0.0,"event_name":"Golden Idol","player_choice":"Lose Max HP","floor":11.0,"gold_loss":0.0,"damage_taken":0.0,"relics_obtained":["Golden Idol"]}],"is_beta":false,"boss_relics":[{"not_picked":["Eternal Feather","Cursed Key"],"picked":"Runic Pyramid"}],"items_purged_floors":[3],"is_endless":false,"potions_floor_spawned":[1,7,12,18],"killed_by":"Shell Parasite","ascension_level":20}