{"gold_per_floor":[361,374,374,228,228,228,228,228,228,239,258,272,272,153,153,250,250,269,169,189,189,202,202,212,212,212,92,110,130,165,181,181,281,281,293,153,164,164,164,199,215,55,80,80,100,115,115,135,135,135],"floor_reached":51,"playtime":2624,"items_purged":["Defend_G","Strike_G","Strike_G","Defend_G","Strike_G","Defend_G"],"score":746,"play_id":"7efa9bc3-22e1-4576-ad30-dacdd3bea172","local_time":"20181021214958","is_ascension_mode":false,"campfire_choices":[{"data":"Noxious Fumes","floor":6.0,"key":"SMITH"},{"data":"Neutralize","floor":8.0,"key":"SMITH"},{"data":"Concentrate","floor":15.0,"key":"SMITH"},{"data":"Acrobatics","floor":23.0,"key":"SMITH"},{"data":"Corpse Explosion","floor":25.0,"key":"SMITH"},{"data":"Defend_G","floor":32.0,"key":"SMITH"},{"data":"Grand Finale","floor":49,"key":"SMITH"}],"neow_cost":"PERCENT_DAMAGE","seed_source_timestamp":47252543395773,"circlet_count":0,"master_deck":["Defend_G+1","Defend_G+1","Survivor","Neutralize+1","Concentrate+1","Acrobatics+1","Noxious Fumes+1","Acrobatics+1","Corpse Explosion+1","Grand Finale+1","Escape Plan"],"special_seed":0,"relics":["Ring of the Snake","Pocketwatch","The Courier","Dream Catcher","Runic Pyramid","Frozen Egg 2","Red Mask","Sozu","StoneCalendar","Omamori"],"potions_floor_usage":[],"damage_taken":[{"damage":0.0,"enemies":"Small Slimes","floor":1.0,"turns":3.0},{"damage":0.0,"enemies":"2 Louse","floor":2.0,"turns":4.0},{"damage":0.0,"enemies":"Cultist","floor":10.0,"turns":4.0},{"damage":1.0,"enemies":"Exordium Thugs","floor":11.0,"turns":5.0},{"damage":0.0,"enemies":"3 Louse","floor":12.0,"turns":4.0},{"damage":15.0,"enemies":"Slime Boss","floor":16.0,"turns":8.0},{"damage":0.0,"enemies":"Spheric Guardian","floor":18.0,"turns":5.0},{"damage":0.0,"enemies":"Chosen","floor":20.0,"turns":5.0},{"damage":17.0,"enemies":"Snecko","floor":22.0,"turns":7.0},{"damage":0.0,"enemies":"3 Cultists","floor":24.0,"turns":3.0},{"damage":0.0,"enemies":"Snake Plant","floor":28.0,"turns":3.0},{"damage":0.0,"enemies":"Shelled Parasite and Fungi","floor":29.0,"turns":2.0},{"damage":0.0,"enemies":"Masked Bandits","floor":30.0,"turns":2.0},{"damage":1.0,"enemies":"Snecko","floor":31.0,"turns":5.0},{"damage":5.0,"enemies":"Automaton","floor":33.0,"turns":11.0},{"damage":0.0,"enemies":"3 Shapes","floor":35.0,"turns":1.0},{"damage":0.0,"enemies":"Orb Walker","floor":37.0,"turns":1.0},{"damage":0,"enemies":"Giant Head","floor":40,"turns":1},{"damage":0,"enemies":"Jaw Worm Horde","floor":41,"turns":1},{"damage":0,"enemies":"Maw","floor":45,"turns":1},{"damage":0,"enemies":"Transient","floor":46,"turns":5},{"damage":0,"enemies":"Jaw Worm Horde","floor":48,"turns":1},{"damage":39,"enemies":"Time Eater","floor":50,"turns":3}],"seed_played":"-1505111841830929394","potions_obtained":[{"floor":1.0,"key":"PowerPotion"},{"floor":12.0,"key":"SkillPotion"},{"floor":16.0,"key":"SteroidPotion"},{"floor":18.0,"key":"GamblersBrew"},{"floor":24.0,"key":"Explosive Potion"}],"is_trial":false,"path_per_floor":["M","M","?","$","?","R","?","R","T","M","M","M","?","$","R","B",null,"M","$","M","?","M","R","M","R","T","$","M","M","?","M","R","B",null,"M","$","M","?","?","E","M","$","T","?","M","M","$","M","R","B"],"character_chosen":"THE_SILENT","items_purchased":["Noxious Fumes","Energy Potion"],"campfire_rested":0,"item_purchase_floors":[4,14],"current_hp_per_floor":[49,49,42,42,28,28,21,21,21,21,20,20,20,20,20,5,70,70,70,70,57,40,40,40,40,40,40,40,40,40,39,39,34,75,75,75,75,75,75,75,75,75,75,75,75,75,75,75,75,36],"gold":135,"neow_bonus":"TWO_FIFTY_GOLD","is_prod":false,"is_daily":false,"chose_seed":false,"campfire_upgraded":7,"win_rate":0,"timestamp":1540129798,"path_taken":["M","M","?","$","?","R","?","R","T","M","?","M","?","$","R","BOSS","M","$","?","?","M","R","M","R","T","$","M","M","?","M","R","BOSS","M","$","M","?","?","E","M","$","T","?","M","M","$","?","R","BOSS"],"build_version":"2018-10-18","purchased_purges":6,"victory":true,"max_hp_per_floor":[70,70,70,70,70,70,70,70,70,70,70,70,70,70,70,70,70,70,70,70,75,75,75,75,75,75,75,75,75,75,75,75,75,75,75,75,75,75,75,75,75,75,75,75,75,75,75,75,75,75],"card_choices":[{"not_picked":["Caltrops","Reflex"],"picked":"Concentrate","floor":1.0},{"not_picked":["Skewer","Dodge and Roll"],"picked":"Acrobatics","floor":2.0},{"not_picked":["Blur","Blade Dance"],"picked":"Deadly Poison","floor":10.0},{"not_picked":["Poisoned Stab","Dodge and Roll","Masterful Stab"],"picked":"SKIP","floor":11.0},{"not_picked":["Calculated Gamble","Terror"],"picked":"Acrobatics","floor":12.0},{"not_picked":["A Thousand Cuts","Storm of Steel"],"picked":"Corpse Explosion","floor":16.0},{"not_picked":["Poisoned Stab","PiercingWail","Backstab"],"picked":"SKIP","floor":18.0},{"not_picked":["Dodge and Roll","Underhanded Strike","Caltrops+1"],"picked":"SKIP","floor":20.0},{"not_picked":["Deflect","Slice","Cloak And Dagger+1"],"picked":"SKIP","floor":22.0},{"not_picked":["Finisher","Calculated Gamble","Slice"],"picked":"SKIP","floor":24.0},{"not_picked":["Eviscerate","Flying Knee","Bane+1"],"picked":"SKIP","floor":28.0},{"not_picked":["Slice+1","Backflip","Flying Knee+1"],"picked":"SKIP","floor":29.0},{"not_picked":["PiercingWail","Choke","All Out Attack"],"picked":"SKIP","floor":31.0},{"not_picked":["After Image+1","Bullet Time"],"picked":"Grand Finale","floor":33.0},{"not_picked":["Acrobatics","Flying Knee","Sucker Punch"],"picked":"SKIP","floor":35.0},{"not_picked":["Endless Agony+1","Acrobatics","PiercingWail+1"],"picked":"SKIP","floor":37.0},{"not_picked":["Underhanded Strike","Blade Dance+1","Acrobatics+1"],"picked":"SKIP","floor":40},{"not_picked":["Cloak And Dagger","Prepared","Eviscerate"],"picked":"SKIP","floor":41},{"not_picked":["Underhanded Strike","Poisoned Stab+1","Noxious Fumes+1"],"picked":"SKIP","floor":45},{"not_picked":["Deadly Poison","Blade Dance+1","Outmaneuver+1"],"picked":"SKIP","floor":46},{"not_picked":["PiercingWail+1","Calculated Gamble+1","Slice+1"],"picked":"SKIP","floor":48}],"player_experience":476318,"relics_obtained":[{"floor":9.0,"key":"The Courier"},{"floor":26.0,"key":"Frozen Egg 2"},{"floor":30.0,"key":"Red Mask"},{"floor":40,"key":"StoneCalendar"},{"floor":43,"key":"Omamori"}],"event_choices":[{"cards_removed":["Strike_G"],"damage_healed":0.0,"max_hp_gain":0.0,"max_hp_loss":0.0,"gold_gain":0.0,"event_name":"Golden Wing","player_choice":"Card Removal","floor":3.0,"gold_loss":0.0,"damage_taken":7.0},{"damage_healed":0.0,"max_hp_gain":0.0,"max_hp_loss":0.0,"gold_gain":0.0,"event_name":"Shining Light","player_choice":"Entered Light","floor":5.0,"gold_loss":0.0,"damage_taken":14.0,"cards_upgraded":["Acrobatics","Defend_G"]},{"damage_healed":0.0,"max_hp_gain":0.0,"max_hp_loss":0.0,"gold_gain":0.0,"event_name":"Scrap Ooze","player_choice":"Success","floor":7.0,"gold_loss":0.0,"damage_taken":7.0,"relics_obtained":["Pocketwatch"]},{"cards_removed":["Deadly Poison"],"damage_healed":0.0,"max_hp_gain":0.0,"max_hp_loss":0.0,"gold_gain":0.0,"event_name":"WeMeetAgain","player_choice":"Gave Card","floor":13.0,"gold_loss":0.0,"damage_taken":0.0,"relics_obtained":["Dream Catcher"]},{"damage_healed":0.0,"max_hp_gain":5.0,"max_hp_loss":0.0,"gold_gain":0.0,"event_name":"Forgotten Altar","player_choice":"Shed Blood","floor":21.0,"gold_loss":0.0,"damage_taken":18.0},{"damage_healed":0.0,"max_hp_gain":0.0,"max_hp_loss":0.0,"gold_gain":0.0,"event_name":"Masked Bandits","player_choice":"Fought Bandits","floor":30.0,"gold_loss":0.0,"damage_taken":0.0},{"damage_healed":0,"gold_gain":0,"cards_transformed":["Strike_G"],"player_choice":"Transformed","damage_taken":0,"max_hp_gain":0,"max_hp_loss":0,"event_name":"Transmorgrifier","floor":38,"gold_loss":0,"cards_obtained":["Escape Plan"]},{"damage_healed":0,"gold_gain":0,"player_choice":"Bought 0 Potions","damage_taken":0,"max_hp_gain":0,"max_hp_loss":0,"event_name":"The Woman in Blue","floor":39,"gold_loss":0},{"damage_healed":0,"gold_gain":0,"player_choice":"Memory 1","damage_taken":0,"max_hp_gain":0,"max_hp_loss":0,"event_name":"SensoryStone","floor":44,"gold_loss":0}],"is_beta":false,"boss_relics":[{"not_picked":["Cursed Key","Ring of the Serpent"],"picked":"Runic Pyramid"},{"not_picked":["Philosopher\u0027s Stone","Tiny House"],"picked":"Sozu"}],"items_purged_floors":[4,14,19,27,36,42],"is_endless":false,"potions_floor_spawned":[1,12,16,18,24,28,29,41,45],"ascension_level":0}