{"gold_per_floor":[113,126,46,46,67,67,9,9,62,62,95,111,155,169,169,264,264,287,287,310,360,485,485,485,485,540,540,162,175,190,215,215,288,288,302,319,319,333,333,351,384,394,394,417,445,457,468,493,493,493,493,493,493,52,87,87],"floor_reached":57,"playtime":3987,"items_purged":["Strike_G","Strike_G"],"score":3069,"play_id":"e299cbc5-9f31-468e-af9b-5c1a48895c22","local_time":"20190214144507","is_ascension_mode":true,"campfire_choices":[{"data":"Neutralize","floor":6.0,"key":"SMITH"},{"data":"Well Laid Plans","floor":8.0,"key":"SMITH"},{"data":"Calculated Gamble","floor":10.0,"key":"SMITH"},{"data":"Reflex","floor":15.0,"key":"SMITH"},{"data":"Calculated Gamble","floor":23.0,"key":"SMITH"},{"data":"Grand Finale","floor":25.0,"key":"SMITH"},{"data":"Tactician","floor":32.0,"key":"SMITH"},{"floor":49.0,"key":"RECALL"},{"data":"Burning Pact","floor":53.0,"key":"SMITH"}],"neow_cost":"NONE","seed_source_timestamp":16739508700221,"circlet_count":0,"master_deck":["AscendersBane","Defend_G","Defend_G+1","Defend_G","Defend_G","Defend_G","Survivor","Neutralize+1","Infinite Blades","Well Laid Plans+1","Calculated Gamble+1","Footwork","Eviscerate","Reflex+1","Finisher","Grand Finale+1","Bouncing Flask+1","Acrobatics+1","Phantasmal Killer+1","Prepared+1","Calculated Gamble+1","Tactician+1","Burning Pact+1","Shockwave","Seek+1","Evolve+1","Steam Power"],"special_seed":0,"relics":["Ring of the Snake","NeowsBlessing","Bloody Idol","Question Card","Blood Vial","Calipers","Ninja Scroll","Astrolabe","Bird Faced Urn","Paper Crane","PrismaticShard","Frozen Egg 2","Busted Crown","Regal Pillow","Darkstone Periapt","Bag of Marbles","Happy Flower","Bottled Flame","War Paint","Lantern","Ornamental Fan"],"potions_floor_usage":[56],"damage_taken":[{"damage":0.0,"enemies":"Jaw Worm","floor":1.0,"turns":1.0},{"damage":0.0,"enemies":"2 Louse","floor":2.0,"turns":1.0},{"damage":0.0,"enemies":"Cultist","floor":5.0,"turns":1.0},{"damage":10.0,"enemies":"3 Sentries","floor":11.0,"turns":8.0},{"damage":3.0,"enemies":"2 Fungi Beasts","floor":12.0,"turns":5.0},{"damage":13.0,"enemies":"Lagavulin","floor":13.0,"turns":11.0},{"damage":2.0,"enemies":"Blue Slaver","floor":14.0,"turns":5.0},{"damage":12.0,"enemies":"Slime Boss","floor":16.0,"turns":8.0},{"damage":9.0,"enemies":"2 Thieves","floor":18.0,"turns":3.0},{"damage":0.0,"enemies":"3 Byrds","floor":20.0,"turns":5.0},{"damage":11.0,"enemies":"Colosseum Slavers","floor":22.0,"turns":5.0},{"damage":5.0,"enemies":"Colosseum Nobs","floor":22.0,"turns":2.0},{"damage":0.0,"enemies":"Centurion and Healer","floor":29.0,"turns":5.0},{"damage":14.0,"enemies":"Snecko","floor":30.0,"turns":6.0},{"damage":0.0,"enemies":"Book of Stabbing","floor":31.0,"turns":4.0},{"damage":0.0,"enemies":"Automaton","floor":33.0,"turns":5.0},{"damage":0.0,"enemies":"3 Shapes","floor":35.0,"turns":1.0},{"damage":0.0,"enemies":"Orb Walker","floor":36.0,"turns":4.0},{"damage":0.0,"enemies":"Jaw Worm Horde","floor":38.0,"turns":1.0},{"damage":0.0,"enemies":"4 Shapes","floor":40.0,"turns":3.0},{"damage":6.0,"enemies":"Reptomancer","floor":41.0,"turns":3.0},{"damage":5.0,"enemies":"Transient","floor":42.0,"turns":4.0},{"damage":0.0,"enemies":"Giant Head","floor":45.0,"turns":3.0},{"damage":0.0,"enemies":"Sphere and 2 Shapes","floor":46.0,"turns":3.0},{"damage":0.0,"enemies":"Writhing Mass","floor":47.0,"turns":2.0},{"damage":0.0,"enemies":"Nemesis","floor":48.0,"turns":3.0},{"damage":5.0,"enemies":"Awakened One","floor":50.0,"turns":3.0},{"damage":24.0,"enemies":"Donu and Deca","floor":51.0,"turns":4.0},{"damage":0.0,"enemies":"Shield and Spear","floor":55.0,"turns":2.0},{"damage":53,"enemies":"The Heart","floor":56,"turns":8}],"seed_played":"4867723506413988601","potions_obtained":[{"floor":1.0,"key":"SteroidPotion"},{"floor":5.0,"key":"PowerPotion"},{"floor":11.0,"key":"Explosive Potion"},{"floor":20.0,"key":"Block Potion"},{"floor":29.0,"key":"Fire Potion"},{"floor":31.0,"key":"Swift Potion"},{"floor":33.0,"key":"PowerPotion"},{"floor":38.0,"key":"GhostInAJar"},{"floor":46.0,"key":"GamblersBrew"},{"floor":48.0,"key":"FearPotion"},{"floor":55.0,"key":"AttackPotion"}],"is_trial":false,"path_per_floor":["M","M","$","?","M","R","?","R","T","R","E","M","E","M","R","B",null,"M","?","M","?","?","R","?","R","T","?","$","M","M","E","R","B",null,"M","M","?","M","?","M","E","M","T","T","E","M","M","E","R","B","B",null,"R","$","E","B",null],"character_chosen":"THE_SILENT","items_purchased":["Well Laid Plans","Tactician","PrismaticShard","War Paint","Lantern"],"campfire_rested":0,"item_purchase_floors":[3,28,28,54,54],"current_hp_per_floor":[59,59,59,59,59,59,59,59,59,59,50,49,38,38,38,28,52,45,57,59,59,46,46,46,46,46,46,46,59,53,60,60,60,60,60,60,60,60,57,57,57,57,57,57,57,57,57,57,57,56,35,52,52,52,57,9],"gold":87,"neow_bonus":"THREE_ENEMY_KILL","is_prod":false,"is_daily":false,"chose_seed":false,"campfire_upgraded":8,"win_rate":0,"timestamp":1550126707,"path_taken":["M","M","$","?","M","R","?","R","T","R","E","?","E","M","R","BOSS","M","?","M","?","?","R","?","R","T","?","$","M","M","E","R","BOSS","M","M","?","M","?","M","E","M","T","?","E","M","M","E","R","BOSS","BOSS","R","$","E","BOSS"],"build_version":"2019-01-23","purchased_purges":2,"victory":true,"max_hp_per_floor":[66,66,66,60,60,60,60,60,60,60,60,60,60,60,60,60,60,60,60,60,60,60,60,60,60,60,60,60,60,60,60,60,60,60,60,60,60,60,57,57,57,57,57,57,57,57,57,57,57,57,57,57,57,57,57,57],"card_choices":[{"not_picked":["Concentrate","Acrobatics"],"picked":"Infinite Blades","floor":1.0},{"not_picked":["Deflect","Sucker Punch","Riddle With Holes"],"picked":"SKIP","floor":2.0},{"not_picked":["Riddle With Holes","Blade Dance"],"picked":"Calculated Gamble","floor":5.0},{"not_picked":["Corpse Explosion","Flechettes","Reflex"],"picked":"Footwork","floor":11.0},{"not_picked":["Dagger Spray","Slice","Cloak And Dagger"],"picked":"Eviscerate","floor":12.0},{"not_picked":["Outmaneuver","Underhanded Strike","Dagger Throw"],"picked":"Reflex","floor":13.0},{"not_picked":["Backflip","Deflect","Deadly Poison"],"picked":"Finisher","floor":14.0},{"not_picked":["Storm of Steel","Malaise","Doppelganger"],"picked":"Grand Finale","floor":16.0},{"not_picked":["Bane","All Out Attack","Choke","Sucker Punch"],"picked":"SKIP","floor":18.0},{"not_picked":["Poisoned Stab","Choke","Blade Dance"],"picked":"Prepared+1","floor":20.0},{"not_picked":["Riddle With Holes","Flying Knee","Cloak And Dagger"],"picked":"Calculated Gamble","floor":22.0},{"not_picked":["Combust","Sword Boomerang","Cold Snap","Sweeping Beam"],"picked":"SKIP","floor":29.0},{"not_picked":["Backflip","Bandage Up","Wild Strike"],"picked":"Burning Pact","floor":30.0},{"not_picked":["Twin Strike","Bane","Terror"],"picked":"Shockwave","floor":31.0},{"not_picked":["Envenom+1","Unload","Exhume"],"picked":"Seek","floor":33.0},{"not_picked":["Flying Knee","Deadly Poison"],"picked":"SKIP","floor":35.0},{"not_picked":["Twin Strike","Havoc+1"],"picked":"SKIP","floor":36.0},{"not_picked":["Turbo+1","Body Slam+1"],"picked":"SKIP","floor":38.0},{"not_picked":["Sever Soul+1","Leap"],"picked":"SKIP","floor":40.0},{"not_picked":["Violence"],"picked":"Evolve+1","floor":41.0},{"not_picked":["Deadly Poison","Dagger Throw+1"],"picked":"SKIP","floor":42.0},{"not_picked":["Iron Wave+1","Infernal Blade+1"],"picked":"SKIP","floor":45.0},{"not_picked":["Thunderclap","Body Slam"],"picked":"SKIP","floor":46.0},{"not_picked":["Skewer","Disarm+1"],"picked":"SKIP","floor":47.0},{"not_picked":["Bullet Time","Quick Slash"],"picked":"SKIP","floor":48.0},{"not_picked":["Rebound"],"picked":"Steam Power","floor":55.0}],"player_experience":2721165,"relics_obtained":[{"floor":9.0,"key":"Blood Vial"},{"floor":11.0,"key":"Calipers"},{"floor":13.0,"key":"Ninja Scroll"},{"floor":22.0,"key":"Bird Faced Urn"},{"floor":22.0,"key":"Paper Crane"},{"floor":31.0,"key":"Frozen Egg 2"},{"floor":41.0,"key":"Regal Pillow"},{"floor":43.0,"key":"Darkstone Periapt"},{"floor":44.0,"key":"Bag of Marbles"},{"floor":45.0,"key":"Happy Flower"},{"floor":48.0,"key":"Bottled Flame"},{"floor":55.0,"key":"Ornamental Fan"}],"event_choices":[{"damage_healed":0.0,"max_hp_gain":0.0,"max_hp_loss":6.0,"gold_gain":0.0,"event_name":"Golden Idol","player_choice":"Lose Max HP","floor":4.0,"gold_loss":0.0,"damage_taken":0.0,"relics_obtained":["Golden Idol"]},{"damage_healed":0.0,"max_hp_gain":0.0,"max_hp_loss":0.0,"gold_gain":0.0,"event_name":"WeMeetAgain","player_choice":"Paid Gold","floor":7.0,"gold_loss":58.0,"damage_taken":0.0,"relics_obtained":["Question Card"]},{"damage_healed":12.0,"max_hp_gain":0.0,"max_hp_loss":0.0,"gold_gain":0.0,"event_name":"The Library","player_choice":"Heal","floor":19.0,"gold_loss":0.0,"damage_taken":0.0},{"damage_healed":0.0,"max_hp_gain":0.0,"max_hp_loss":0.0,"gold_gain":50.0,"event_name":"Nest","player_choice":"Stole From Cult","floor":21.0,"gold_loss":0.0,"damage_taken":0.0},{"damage_healed":0.0,"max_hp_gain":0.0,"max_hp_loss":0.0,"gold_gain":0.0,"event_name":"Colosseum","player_choice":"Fight","floor":22.0,"gold_loss":0.0,"damage_taken":0.0},{"damage_healed":0.0,"max_hp_gain":0.0,"max_hp_loss":0.0,"gold_gain":0.0,"event_name":"Colosseum","player_choice":"Fought Nobs","floor":22.0,"gold_loss":0.0,"damage_taken":0.0},{"damage_healed":0.0,"max_hp_gain":0.0,"max_hp_loss":0.0,"gold_gain":0.0,"event_name":"The Mausoleum","player_choice":"Ignored","floor":24.0,"gold_loss":0.0,"damage_taken":0.0},{"damage_healed":0.0,"max_hp_gain":0.0,"max_hp_loss":0.0,"gold_gain":0.0,"event_name":"Forgotten Altar","player_choice":"Gave Idol","floor":27.0,"relics_lost":["Golden Idol"],"gold_loss":0.0,"damage_taken":0.0,"relics_obtained":["Bloody Idol"]},{"damage_healed":0.0,"max_hp_gain":0.0,"max_hp_loss":0.0,"gold_gain":0.0,"event_name":"Tomb of Lord Red Mask","player_choice":"Ignored","floor":37.0,"gold_loss":0.0,"damage_taken":0.0},{"damage_healed":0.0,"max_hp_gain":0.0,"max_hp_loss":3.0,"gold_gain":0.0,"event_name":"Winding Halls","player_choice":"Max HP","floor":39.0,"gold_loss":0.0,"damage_taken":0.0}],"is_beta":false,"boss_relics":[{"not_picked":["Calling Bell","WristBlade"],"picked":"Astrolabe"},{"not_picked":["Snecko Eye","White Beast Statue"],"picked":"Busted Crown"}],"items_purged_floors":[28,54],"is_endless":false,"potions_floor_spawned":[1,5,11,20,22,29,31,33,36,38,40,46,48,55],"ascension_level":20}