{"gold_per_floor":[114,114,114,132,5,5,55,55,102,136,136,157,157,157,157,250,250,265,355,211,211,226,226,270,270,270,309,323,323],"floor_reached":29,"playtime":940,"items_purged":["Strike_G","Strike_G"],"score":536,"play_id":"fbbdbe9d-5b48-4e31-9c36-dbbbfd90518b","local_time":"20181007001822","is_ascension_mode":true,"campfire_choices":[{"data":"Neutralize","floor":6.0,"key":"SMITH"},{"data":"Dagger Throw","floor":8.0,"key":"SMITH"},{"floor":11.0,"key":"REST"},{"data":"Noxious Fumes","floor":13.0,"key":"SMITH"},{"data":"After Image","floor":15.0,"key":"SMITH"},{"data":"Footwork","floor":23.0,"key":"SMITH"},{"floor":25.0,"key":"REST"}],"neow_cost":"TEN_PERCENT_HP_LOSS","seed_source_timestamp":382664808132068,"circlet_count":0,"master_deck":["Defend_G","Defend_G","Defend_G","Defend_G","Defend_G","Strike_G","Strike_G+1","Strike_G","Survivor","Neutralize+1","AscendersBane","Grand Finale+1","Expertise","After Image+1","Dagger Throw+1","Noxious Fumes+1","Well Laid Plans","Footwork+1","PiercingWail","Acrobatics","Prepared"],"special_seed":0,"relics":["Ring of the Snake","Golden Idol","Blood Vial","Whetstone","Mercury Hourglass","Bottled Flame","Sozu","Potion Belt","Darkstone Periapt","The Courier"],"potions_floor_usage":[],"damage_taken":[{"damage":1.0,"enemies":"Small Slimes","floor":1.0,"turns":5.0},{"damage":0.0,"enemies":"Cultist","floor":4.0,"turns":5.0},{"damage":35.0,"enemies":"3 Sentries","floor":10.0,"turns":13.0},{"damage":0.0,"enemies":"2 Louse","floor":12.0,"turns":2.0},{"damage":8.0,"enemies":"Hexaghost","floor":16.0,"turns":8.0},{"damage":11.0,"enemies":"Shell Parasite","floor":18.0,"turns":6.0},{"damage":0.0,"enemies":"Spheric Guardian","floor":22.0,"turns":3.0},{"damage":20.0,"enemies":"Slavers","floor":24.0,"turns":5.0},{"damage":0.0,"enemies":"Gremlin Leader","floor":27.0,"turns":5.0},{"damage":5.0,"enemies":"Snake Plant","floor":28.0,"turns":4.0},{"damage":35,"enemies":"Slavers","floor":29,"turns":3}],"seed_played":"-2776763146571838506","potions_obtained":[{"floor":1.0,"key":"Poison Potion"},{"floor":16.0,"key":"Ancient Potion"}],"is_trial":false,"path_per_floor":["M","?","?","M","$","R","T","R","T","E","R","M","R","T","R","B",null,"M","?","$","?","M","R","E","R","T","E","M"],"character_chosen":"THE_SILENT","items_purchased":["Dagger Throw","Footwork"],"campfire_rested":2,"item_purchase_floors":[5,20],"current_hp_per_floor":[58,58,37,37,37,37,37,37,37,4,22,24,24,24,24,18,50,41,29,29,29,31,31,13,31,31,33,30,0],"gold":323,"neow_bonus":"THREE_RARE_CARDS","is_prod":false,"is_daily":false,"chose_seed":false,"campfire_upgraded":5,"win_rate":0,"timestamp":1538842702,"path_taken":["M","?","?","?","$","R","?","R","T","E","R","M","R","?","R","BOSS","M","?","$","?","M","R","E","R","T","E","?","E"],"build_version":"2018-10-04v2","purchased_purges":2,"victory":false,"max_hp_per_floor":[60,60,60,60,60,60,60,60,60,60,60,60,60,60,60,60,60,60,60,60,60,60,60,60,60,60,60,60,60],"card_choices":[{"not_picked":["Bullet Time","Tools of the Trade"],"picked":"Grand Finale","floor":0.0},{"not_picked":["Deadly Poison","Underhanded Strike"],"picked":"Expertise","floor":1.0},{"not_picked":["Dodge and Roll","Heel Hook","Bouncing Flask"],"picked":"SKIP","floor":4.0},{"not_picked":["Quick Slash","Endless Agony"],"picked":"Noxious Fumes","floor":10.0},{"not_picked":["Slice","Cloak And Dagger"],"picked":"Well Laid Plans","floor":12.0},{"not_picked":["Outmaneuver","Dagger Throw","Flying Knee"],"picked":"SKIP","floor":18.0},{"not_picked":["Endless Agony","Concentrate"],"picked":"PiercingWail","floor":22.0},{"not_picked":["After Image","Finisher+1"],"picked":"Acrobatics","floor":24.0},{"not_picked":["Flying Knee","Quick Slash","Expertise"],"picked":"SKIP","floor":27.0},{"not_picked":["Setup","Blade Dance"],"picked":"Prepared","floor":28.0}],"player_experience":208051,"relics_obtained":[{"floor":7.0,"key":"Blood Vial"},{"floor":9.0,"key":"Whetstone"},{"floor":10.0,"key":"Mercury Hourglass"},{"floor":14.0,"key":"Bottled Flame"},{"floor":24.0,"key":"Potion Belt"},{"floor":26.0,"key":"Darkstone Periapt"},{"floor":27.0,"key":"The Courier"}],"event_choices":[{"event_name":"Match and Keep!","player_choice":"1 cards matched","floor":2.0,"damage_taken":0.0},{"event_name":"Golden Idol","player_choice":"Take Damage","floor":3.0,"damage_taken":0.0},{"event_name":"Knowing Skull","player_choice":"GOLD ","floor":19.0,"damage_taken":0.0},{"event_name":"Cursed Tome","player_choice":"Ignored","floor":21.0,"damage_taken":0.0}],"is_beta":false,"boss_relics":[{"not_picked":["Coffee Dripper","Eternal Feather"],"picked":"Sozu"}],"items_purged_floors":[5,20],"is_endless":false,"potions_floor_spawned":[1,16,22,28],"killed_by":"Slavers","ascension_level":18}