{"path_per_floor":["M","M","?","?","M","E","M","R","T","E","?","R","$","M","R","B",null,"M","M","M","M","M","R","M","M","T","R","E","?","M","E","R","B",null,"M","M","M","M","$","E","$","E","T","R","M","?","E","M","R","B"],"character_chosen":"THE_SILENT","items_purchased":["Bag of Preparation","Ornamental Fan","Backflip"],"gold_per_floor":[114,129,129,106,121,151,166,166,166,196,196,196,121,140,140,265,265,284,303,322,341,360,360,379,398,398,398,436,436,455,493,493,618,618,637,656,675,694,494,532,187,225,225,225,244,244,282,301,301,301],"floor_reached":51,"campfire_rested":2,"playtime":2629,"current_hp_per_floor":[69,69,69,69,69,48,48,48,48,26,26,26,26,26,65,40,67,67,46,47,20,20,64,49,61,63,63,58,58,58,55,55,23,68,68,68,68,68,68,68,68,68,70,70,70,61,63,65,65,38],"items_purged":["Injury","Strike_G","Strike_G"],"gold":301,"score":918,"play_id":"c695f3a6-7d0a-4f2f-a0e3-ba4ee1861484","local_time":"20180319130745","daily_mods":["Diverse","Night Terrors","Vintage"],"is_prod":false,"is_daily":true,"is_ascension_mode":false,"campfire_upgraded":3,"timestamp":1521436065,"path_taken":["M","?","?","?","M","E","M","R","T","E","?","R","$","M","R","BOSS","M","M","M","M","M","R","M","M","T","R","E","?","?","E","R","BOSS","M","M","M","M","$","E","$","E","T","R","M","?","E","M","R","BOSS"],"build_version":"2018-03-15v3","purchased_purges":3,"victory":true,"master_deck":["Defend_G","Defend_G","Defend_G","Defend_G","Defend_G+1","Strike_G","Strike_G","Strike_G+1","Survivor+1","Neutralize+1","Uppercut+1","Corruption+1","Predator+1","Venomology","Clumsy","Well Laid Plans+1","Terror+1","Adrenaline+1","Escape Plan+1","Dagger Throw+1","Reflex+1","Grand Finale+1","Quick Slash+1","Backflip+1","Acrobatics+1","Madness+1","Madness+1","Grand Finale+1"],"max_hp_per_floor":[70,70,70,70,70,70,70,70,70,70,70,70,70,70,65,67,67,67,67,67,67,67,64,64,64,66,66,66,66,66,66,66,66,68,68,68,68,68,68,68,68,68,70,70,70,70,70,70,70,70],"relics":["Ring of the Snake","Du-Vu Doll","Bottled Flame","Art of War","Girya","Ancient Tea Set","Gambling Chip","Molten Egg 2","Golden Idol","Singing Bowl","Kunai","Cursed Key","Letter Opener","Bronze Scales","Mummified Hand","Whetstone","Dream Catcher","Anchor","Prayer Wheel","Tingsha","Centennial Puzzle","Toxic Egg 2","Frozen Egg 2","Shuriken","Omamori","Orrery","Orichalcum","Smiling Mask","Pantograph","Blood Vial","Bag of Preparation","Pen Nib","Ornamental Fan","Frozen Eye","Torii","War Paint","Oddly Smooth Stone","Blue Candle"],"card_choices":[{"not_picked":["Bane","Underhanded Strike"],"picked":"Predator"},{"not_picked":["Caltrops","Prepared"],"picked":"Venomology"},{"not_picked":["Deadly Poison","Expertise"],"picked":"Well Laid Plans"},{"not_picked":["Grand Finale","Dash"],"picked":"Terror"},{"not_picked":["Unload","Tactician"],"picked":"Adrenaline"},{"not_picked":["Underhanded Strike","Flying Knee"],"picked":"Escape Plan"},{"not_picked":["Slice","Dagger Spray"],"picked":"Dagger Throw"},{"not_picked":["Riddle With Holes","Eviscerate"],"picked":"Reflex"},{"not_picked":["Outmaneuver","Slice"],"picked":"Grand Finale"},{"not_picked":["Sucker Punch","Underhanded Strike"],"picked":"Quick Slash"},{"not_picked":["Grand Finale","Dodge and Roll"],"picked":"Acrobatics"},{"not_picked":["Slice","Deflect"],"picked":"Grand Finale"}],"player_experience":276783,"potions_floor_usage":[16,18,18,19,20,20,21,22,25,28,30,31,33,36,38,38,42,47,48,48,50,50,50],"damage_taken":[{"damage":1,"enemies":"Cultist","floor":1,"turns":5},{"damage":0,"enemies":"Small Slimes","floor":2,"turns":4},{"damage":0,"enemies":"Jaw Worm","floor":5,"turns":4},{"damage":21,"enemies":"Gremlin Nob","floor":6,"turns":5},{"damage":0,"enemies":"Looter","floor":7,"turns":3},{"damage":22,"enemies":"3 Sentries","floor":10,"turns":6},{"damage":0,"enemies":"3 Louse","floor":14,"turns":2},{"damage":27,"enemies":"Slime Boss","floor":16,"turns":11},{"damage":0,"enemies":"Spheric Guardian","floor":18,"turns":3},{"damage":21,"enemies":"Shell Parasite","floor":19,"turns":4},{"damage":11,"enemies":"Centurion and Healer","floor":20,"turns":4},{"damage":27,"enemies":"Sentry and Sphere","floor":21,"turns":6},{"damage":0,"enemies":"Snecko","floor":22,"turns":4},{"damage":15,"enemies":"Snake Plant","floor":24,"turns":2},{"damage":0,"enemies":"Centurion and Healer","floor":25,"turns":7},{"damage":5,"enemies":"Slavers","floor":28,"turns":4},{"damage":0,"enemies":"Cultist and Chosen","floor":30,"turns":4},{"damage":3,"enemies":"Book of Stabbing","floor":31,"turns":3},{"damage":32,"enemies":"Champ","floor":33,"turns":7},{"damage":0,"enemies":"Orb Walker","floor":35,"turns":2},{"damage":0,"enemies":"3 Darklings","floor":36,"turns":3},{"damage":0,"enemies":"4 Shapes","floor":37,"turns":2},{"damage":0,"enemies":"Sphere and 2 Shapes","floor":38,"turns":3},{"damage":0,"enemies":"2 Orb Walkers","floor":40,"turns":2},{"damage":0,"enemies":"Giant Head","floor":42,"turns":5},{"damage":0,"enemies":"3 Darklings","floor":45,"turns":1},{"damage":0,"enemies":"Nemesis","floor":47,"turns":3},{"damage":0,"enemies":"4 Shapes","floor":48,"turns":2},{"damage":44,"enemies":"Time Eater","floor":50,"turns":7}],"event_choices":[{"event_name":"Upgrade Shrine","player_choice":"Upgraded","floor":3,"damage_taken":0},{"event_name":"World of Goop","player_choice":"Left","floor":4,"damage_taken":0},{"event_name":"Golden Idol","player_choice":"Take Wound","floor":11,"damage_taken":0},{"event_name":"The Mausoleum","player_choice":"Yes","floor":29,"damage_taken":0},{"event_name":"Winding Halls","player_choice":"Embrace Madness","floor":46,"damage_taken":0}],"boss_relics":[{"not_picked":["Tiny House","Snecko Eye"],"picked":"Cursed Key"},{"not_picked":["Astrolabe","Eternal Feather"],"picked":"Orrery"}],"potions_floor_spawned":[14,16,18,19,21,24,30,31,33,37,38,40,42,48],"seed_played":"4569236457908174948","ascension_level":0,"is_trial":false}