{"gold_per_floor":[215,230,250,8,20,20,40,58,85,85,85,98,121,134,134,254,254,277,321,346,346,360,360,385,385,408,408,408,408,408,438,450,582,594,624,546,462,462,462,462,482,501,501,501,501,501,517,517,517,517],"floor_reached":51,"playtime":2419,"items_purged":["Strike_G"],"score":641,"play_id":"b1ac3242-0195-4c7f-b96d-353f2dd00bbb","local_time":"20181023181631","is_ascension_mode":false,"campfire_choices":[{"data":"Cloak And Dagger","floor":6.0,"key":"SMITH"},{"data":"Dagger Spray","floor":15.0,"key":"SMITH"},{"data":"Malaise","floor":23.0,"key":"SMITH"},{"data":"Neutralize","floor":25.0,"key":"SMITH"},{"data":"Backflip","floor":27.0,"key":"SMITH"},{"data":"J.A.X.","floor":32.0,"key":"SMITH"},{"data":"Cloak And Dagger","floor":40,"key":"SMITH"},{"data":"Cloak And Dagger","floor":44,"key":"SMITH"},{"data":"Defend_G","floor":46,"key":"SMITH"},{"data":"Defend_G","floor":49,"key":"SMITH"}],"neow_cost":"NONE","seed_source_timestamp":29980083676253,"circlet_count":0,"master_deck":["Defend_G+1","Defend_G+1","Strike_G+1","Survivor","Neutralize+1","Backstab","Cloak And Dagger+1","Poisoned Stab","Dagger Spray+1","Malaise+1","Crippling Poison+1","Footwork+1","Blade Dance+1","Backflip+1","J.A.X.+1","Adrenaline+1","Footwork+1","Cloak And Dagger+1","Good Instincts","Infinite Blades","Cloak And Dagger+1","Backflip+1"],"special_seed":0,"relics":["Ring of the Snake","Kunai","Smiling Mask","Golden Idol","Astrolabe","Red Mask","Snake Skull","MawBank","Cursed Key"],"potions_floor_usage":[35,50,50,50],"damage_taken":[{"damage":5.0,"enemies":"Cultist","floor":1.0,"turns":6.0},{"damage":0.0,"enemies":"Jaw Worm","floor":2.0,"turns":3.0},{"damage":1.0,"enemies":"Small Slimes","floor":3.0,"turns":2.0},{"damage":13.0,"enemies":"Exordium Thugs","floor":5.0,"turns":8.0},{"damage":0.0,"enemies":"Looter","floor":7.0,"turns":3.0},{"damage":3.0,"enemies":"Exordium Wildlife","floor":8.0,"turns":4.0},{"damage":2.0,"enemies":"2 Fungi Beasts","floor":12.0,"turns":4.0},{"damage":0.0,"enemies":"Red Slaver","floor":13.0,"turns":3.0},{"damage":0.0,"enemies":"Exordium Wildlife","floor":14.0,"turns":2.0},{"damage":17.0,"enemies":"Slime Boss","floor":16.0,"turns":12.0},{"damage":0.0,"enemies":"3 Byrds","floor":18.0,"turns":3.0},{"damage":3.0,"enemies":"Masked Bandits","floor":19.0,"turns":3.0},{"damage":8.0,"enemies":"Spheric Guardian","floor":20.0,"turns":4.0},{"damage":0.0,"enemies":"Shelled Parasite and Fungi","floor":22.0,"turns":4.0},{"damage":12.0,"enemies":"Cultist and Chosen","floor":24.0,"turns":8.0},{"damage":6.0,"enemies":"3 Cultists","floor":31.0,"turns":4.0},{"damage":28.0,"enemies":"Automaton","floor":33.0,"turns":11.0},{"damage":0,"enemies":"3 Darklings","floor":35,"turns":4},{"damage":0,"enemies":"3 Shapes","floor":41,"turns":4},{"damage":0,"enemies":"Maw","floor":42,"turns":11},{"damage":0,"enemies":"Sphere and 2 Shapes","floor":47,"turns":4},{"damage":34,"enemies":"Donu and Deca","floor":50,"turns":9}],"seed_played":"-3308157444855186697","potions_obtained":[{"floor":1.0,"key":"Fruit Juice"},{"floor":3.0,"key":"FearPotion"},{"floor":5.0,"key":"Poison Potion"},{"floor":7.0,"key":"Swift Potion"},{"floor":14.0,"key":"Poison Potion"},{"floor":18.0,"key":"Dexterity Potion"},{"floor":22.0,"key":"FearPotion"},{"floor":42,"key":"LiquidBronze"},{"floor":47,"key":"Strength Potion"}],"is_trial":false,"path_per_floor":["M","M","M","$","M","R","M","M","T","?","?","M","M","M","R","B",null,"M","?","M","?","M","R","M","R","T","R","?","?","T","M","R","B",null,"M","?","$","?","?","R","M","M","T","R","?","R","M","T","R","B"],"character_chosen":"THE_SILENT","items_purchased":["Kunai","Cloak And Dagger"],"campfire_rested":0,"item_purchase_floors":[4,37],"current_hp_per_floor":[65,70,69,69,56,56,56,53,53,53,53,51,51,51,51,34,69,69,66,58,58,58,58,46,46,46,46,79,79,79,73,73,45,79,79,79,79,79,79,79,79,79,79,79,79,79,79,79,79,45],"gold":517,"neow_bonus":"HUNDRED_GOLD","is_prod":false,"is_daily":false,"chose_seed":false,"campfire_upgraded":10,"win_rate":0,"timestamp":1540289791,"path_taken":["M","?","M","$","M","R","M","M","T","?","?","M","?","M","R","BOSS","M","?","M","?","M","R","M","R","T","R","?","?","?","M","R","BOSS","M","?","$","?","?","R","M","M","T","R","?","R","M","?","R","BOSS"],"build_version":"2018-10-18","purchased_purges":1,"victory":true,"max_hp_per_floor":[70,75,75,75,75,75,75,75,75,75,69,69,69,69,69,69,69,69,69,69,69,69,69,69,69,69,69,79,79,79,79,79,79,79,79,79,79,79,79,79,79,79,79,79,79,79,79,79,79,79],"card_choices":[{"not_picked":["Terror","Slice","Quick Slash"],"picked":"SKIP","floor":1.0},{"not_picked":["Setup","Cloak And Dagger"],"picked":"Backstab","floor":2.0},{"not_picked":["Terror","Cloak And Dagger","Deflect"],"picked":"SKIP","floor":3.0},{"not_picked":["Bane","Setup"],"picked":"Cloak And Dagger","floor":5.0},{"not_picked":["Escape Plan","Distraction"],"picked":"Poisoned Stab","floor":7.0},{"not_picked":["PiercingWail","Caltrops","Calculated Gamble"],"picked":"SKIP","floor":8.0},{"not_picked":["Dagger Throw","Prepared","Deflect"],"picked":"SKIP","floor":12.0},{"not_picked":["Bane","Dagger Spray","Bouncing Flask"],"picked":"SKIP","floor":13.0},{"not_picked":["Bane","Bouncing Flask"],"picked":"Dagger Spray","floor":13.0},{"not_picked":["Concentrate","Bane","Underhanded Strike"],"picked":"SKIP","floor":14.0},{"not_picked":["Envenom","Phantasmal Killer"],"picked":"Malaise","floor":16.0},{"not_picked":["Choke+1","Flechettes"],"picked":"Blade Dance+1","floor":18.0},{"not_picked":["Flechettes","Predator","Flying Knee"],"picked":"SKIP","floor":20.0},{"not_picked":["Concentrate","Quick Slash+1","Underhanded Strike+1"],"picked":"SKIP","floor":22.0},{"not_picked":["All Out Attack+1","Bane"],"picked":"Backflip","floor":24.0},{"not_picked":["Flying Knee","Deflect","Predator"],"picked":"SKIP","floor":31.0},{"not_picked":["Corpse Explosion","Bullet Time"],"picked":"Adrenaline","floor":33.0},{"not_picked":["Dagger Spray+1","Deflect"],"picked":"Footwork+1","floor":35},{"not_picked":["Purity","Dark Shackles"],"picked":"Good Instincts","floor":38},{"not_picked":["Bouncing Flask+1","Poisoned Stab"],"picked":"Cloak And Dagger","floor":41},{"not_picked":["Reflex","Slice+1","Quick Slash+1"],"picked":"SKIP","floor":42},{"not_picked":["Quick Slash+1","Deflect+1"],"picked":"Backflip+1","floor":47}],"player_experience":569116,"relics_obtained":[{"floor":9.0,"key":"Smiling Mask"},{"floor":19.0,"key":"Red Mask"},{"floor":26.0,"key":"Snake Skull"},{"floor":30.0,"key":"MawBank"}],"event_choices":[{"damage_healed":0.0,"max_hp_gain":0.0,"max_hp_loss":0.0,"gold_gain":30.0,"event_name":"Dead Adventurer","player_choice":"Searched \u00271\u0027 times","floor":10.0,"gold_loss":0.0,"damage_taken":0.0},{"damage_healed":0.0,"max_hp_gain":0.0,"max_hp_loss":6.0,"gold_gain":0.0,"event_name":"Golden Idol","player_choice":"Lose Max HP","floor":11.0,"gold_loss":0.0,"damage_taken":0.0,"relics_obtained":["Golden Idol"]},{"damage_healed":0.0,"max_hp_gain":0.0,"max_hp_loss":0.0,"gold_gain":0.0,"event_name":"Masked Bandits","player_choice":"Fought Bandits","floor":19.0,"gold_loss":0.0,"damage_taken":0.0},{"cards_removed":["Strike_G"],"damage_healed":0.0,"max_hp_gain":0.0,"max_hp_loss":0.0,"gold_gain":0.0,"event_name":"Back to Basics","player_choice":"Elegance","floor":21.0,"gold_loss":0.0,"damage_taken":0.0},{"cards_removed":["Phantasmal Killer"],"damage_healed":23.0,"max_hp_gain":10.0,"max_hp_loss":0.0,"gold_gain":0.0,"event_name":"Bonfire Elementals","player_choice":"Offered Rare","floor":28.0,"gold_loss":0.0,"damage_taken":0.0},{"damage_healed":0.0,"max_hp_gain":0.0,"max_hp_loss":0.0,"gold_gain":0.0,"event_name":"Drug Dealer","player_choice":"Obtain J.A.X.","floor":29.0,"gold_loss":0.0,"damage_taken":0.0,"cards_obtained":["J.A.X."]},{"cards_removed":["Defend_G"],"damage_healed":0,"gold_gain":0,"player_choice":"Upgrade and Remove","damage_taken":0,"max_hp_gain":0,"max_hp_loss":0,"event_name":"Designer","floor":36,"gold_loss":90,"cards_upgraded":["Strike_G"]},{"damage_healed":0,"gold_gain":0,"player_choice":"Memory 1","damage_taken":0,"max_hp_gain":0,"max_hp_loss":0,"event_name":"SensoryStone","floor":38,"gold_loss":0},{"damage_healed":0,"gold_gain":0,"cards_transformed":["Defend_G"],"player_choice":"Transformed","damage_taken":0,"max_hp_gain":0,"max_hp_loss":0,"event_name":"Transmorgrifier","floor":39,"gold_loss":0,"cards_obtained":["Infinite Blades"]},{"damage_healed":0,"gold_gain":0,"player_choice":"Upgraded","damage_taken":0,"max_hp_gain":0,"max_hp_loss":0,"event_name":"Upgrade Shrine","floor":45,"gold_loss":0,"cards_upgraded":["Adrenaline"]}],"is_beta":false,"boss_relics":[{"not_picked":["Velvet Choker","White Beast Statue"],"picked":"Astrolabe"},{"not_picked":["Philosopher\u0027s Stone","WristBlade"],"picked":"Cursed Key"}],"items_purged_floors":[37],"is_endless":false,"potions_floor_spawned":[1,3,5,7,14,18,22,42,47],"ascension_level":0}