{"gold_per_floor":[112,112,37,37,50,81,97,114,114,25,43,43,43,71,71,147,147,166,166,66,66,66,66,95,95,95,122,141,141,167,167,167,239,239,258,258,278,49,99,99,133,133,133,133,233,266,313,345,345,345,345,345,345,6,40,40],"floor_reached":57,"playtime":2118,"items_purged":["Strike_G","Strike_G","Strike_G+1"],"score":3721,"play_id":"b87504a1-60c1-4af6-a2f1-596bb3734d40","local_time":"20190319004728","is_ascension_mode":true,"campfire_choices":[{"data":"Neutralize","floor":12.0,"key":"SMITH"},{"data":"Footwork","floor":15.0,"key":"SMITH"},{"data":"Impatience","floor":23.0,"key":"SMITH"},{"data":"Backflip","floor":25.0,"key":"SMITH"},{"data":"Tactician","floor":32.0,"key":"SMITH"},{"data":"Acrobatics","floor":40.0,"key":"SMITH"},{"data":"Terror","floor":42.0,"key":"SMITH"},{"floor":49.0,"key":"RECALL"},{"data":"Survivor","floor":53.0,"key":"SMITH"}],"neow_cost":"NONE","seed_source_timestamp":426149999302255,"circlet_count":0,"master_deck":["AscendersBane","Defend_G","Defend_G+1","Defend_G","Defend_G+1","Survivor+1","Neutralize+1","Caltrops","Masterful Stab","Backflip+1","Terror+1","Impatience+1","Footwork+1","Grand Finale+1","Tactician+1","Acrobatics+1","Dagger Throw","Calculated Gamble+1"],"special_seed":0,"relics":["Ring of the Snake","NeowsBlessing","Mummified Hand","Anchor","Paper Crane","Juzu Bracelet","Runic Pyramid","Whetstone","Pocketwatch","FossilizedHelix","CultistMask","Lantern","Sozu","Membership Card","Kunai","Peace Pipe","Girya","Prayer Wheel","Dodecahedron","War Paint","Vajra","HandDrill","Art of War"],"potions_floor_usage":[],"damage_taken":[{"damage":0.0,"enemies":"Jaw Worm","floor":1.0,"turns":1.0},{"damage":0.0,"enemies":"Cultist","floor":5.0,"turns":1.0},{"damage":0.0,"enemies":"3 Sentries","floor":6.0,"turns":1.0},{"damage":0.0,"enemies":"2 Louse","floor":7.0,"turns":4.0},{"damage":0.0,"enemies":"Blue Slaver","floor":8.0,"turns":3.0},{"damage":7.0,"enemies":"Gremlin Gang","floor":11.0,"turns":5.0},{"damage":0.0,"enemies":"Lagavulin","floor":14.0,"turns":6.0},{"damage":2.0,"enemies":"The Guardian","floor":16.0,"turns":14.0},{"damage":8.0,"enemies":"Spheric Guardian","floor":18.0,"turns":4.0},{"damage":4.0,"enemies":"Book of Stabbing","floor":24.0,"turns":6.0},{"damage":38.0,"enemies":"Slavers","floor":27.0,"turns":6.0},{"damage":0.0,"enemies":"2 Thieves","floor":28.0,"turns":4.0},{"damage":0.0,"enemies":"Gremlin Leader","floor":30.0,"turns":4.0},{"damage":0.0,"enemies":"Automaton","floor":33.0,"turns":6.0},{"damage":0.0,"enemies":"3 Darklings","floor":35.0,"turns":3.0},{"damage":0.0,"enemies":"Orb Walker","floor":37.0,"turns":4.0},{"damage":0.0,"enemies":"Nemesis","floor":41.0,"turns":5.0},{"damage":0.0,"enemies":"Mind Bloom Boss Battle","floor":45.0,"turns":3.0},{"damage":0.0,"enemies":"Reptomancer","floor":46.0,"turns":4.0},{"damage":0.0,"enemies":"2 Orb Walkers","floor":47.0,"turns":4.0},{"damage":0.0,"enemies":"Giant Head","floor":48.0,"turns":4.0},{"damage":0.0,"enemies":"Awakened One","floor":50.0,"turns":5.0},{"damage":0.0,"enemies":"Time Eater","floor":51.0,"turns":8.0},{"damage":0.0,"enemies":"Shield and Spear","floor":55.0,"turns":3.0},{"damage":42,"enemies":"The Heart","floor":56,"turns":7}],"seed_played":"7809564335482226935","potions_obtained":[{"floor":5.0,"key":"Fruit Juice"},{"floor":6.0,"key":"PowerPotion"},{"floor":7.0,"key":"Energy Potion"},{"floor":16.0,"key":"SkillPotion"},{"floor":18.0,"key":"SkillPotion"},{"floor":28.0,"key":"FearPotion"}],"is_trial":false,"path_per_floor":["M","?","$","?","M","E","M","M","T","$","M","R","?","E","R","B",null,"M","?","$","?","$","R","E","R","T","E","M","?","E","?","R","B",null,"M","?","M","$","?","R","E","R","T","?","?","E","?","E","R","B","B",null,"R","$","E","B",null],"character_chosen":"THE_SILENT","items_purchased":["Impatience","Membership Card","War Paint","Vajra","HandDrill"],"campfire_rested":0,"item_purchase_floors":[10,38,54,54,54],"current_hp_per_floor":[59,59,59,48,53,53,53,53,53,53,46,46,69,69,69,67,70,62,62,62,62,62,62,58,58,58,20,20,20,20,20,20,20,58,58,58,58,58,58,58,58,58,58,58,58,58,58,58,58,58,58,68,68,68,68,26],"gold":40,"neow_bonus":"THREE_ENEMY_KILL","is_prod":false,"is_daily":false,"chose_seed":false,"campfire_upgraded":8,"win_rate":0,"timestamp":1552924048,"path_taken":["M","?","?","?","?","E","M","M","T","$","?","R","?","E","R","BOSS","M","?","$","?","$","R","E","R","T","E","M","?","E","?","R","BOSS","M","?","M","$","?","R","E","R","T","?","?","E","?","E","R","BOSS","BOSS","R","$","E","BOSS"],"build_version":"2019-01-23","purchased_purges":3,"victory":true,"max_hp_per_floor":[66,66,66,66,71,71,71,71,71,71,71,71,71,71,71,71,71,71,71,71,71,71,71,71,71,71,71,71,71,71,71,71,71,71,71,71,71,71,71,71,71,71,71,71,71,71,71,71,71,71,71,71,71,71,71,71],"card_choices":[{"not_picked":["Dagger Spray","Heel Hook"],"picked":"Caltrops","floor":1.0},{"not_picked":["PiercingWail","Dagger Spray"],"picked":"Masterful Stab","floor":5.0},{"not_picked":["Prepared","Endless Agony"],"picked":"Backflip","floor":6.0},{"not_picked":["Slice","Underhanded Strike"],"picked":"Terror","floor":7.0},{"not_picked":["Cloak And Dagger","Caltrops","Catalyst"],"picked":"SKIP","floor":8.0},{"not_picked":["Bouncing Flask","Dagger Throw"],"picked":"Footwork","floor":11.0},{"not_picked":["Adrenaline","Expertise","Underhanded Strike"],"picked":"SKIP","floor":14.0},{"not_picked":["Adrenaline","Storm of Steel"],"picked":"Grand Finale","floor":16.0},{"not_picked":["Heel Hook","Quick Slash","Sucker Punch"],"picked":"SKIP","floor":18.0},{"not_picked":["Catalyst+1","Dagger Throw","Cloak And Dagger"],"picked":"SKIP","floor":24.0},{"not_picked":["Calculated Gamble","Skewer"],"picked":"Tactician","floor":27.0},{"not_picked":["Deflect","Dagger Throw"],"picked":"Acrobatics","floor":28.0},{"not_picked":["Burst","Poisoned Stab"],"picked":"Dagger Throw","floor":30.0},{"not_picked":["Blade Dance","Infinite Blades","Dagger Spray"],"picked":"SKIP","floor":35.0},{"not_picked":["Slice","Underhanded Strike","Crippling Poison"],"picked":"SKIP","floor":37.0},{"not_picked":["Deflect+1","Eviscerate+1","Sucker Punch"],"picked":"SKIP","floor":41.0},{"not_picked":["Predator","Blade Dance","Underhanded Strike+1"],"picked":"SKIP","floor":46.0},{"not_picked":["Deadly Poison+1","Setup+1"],"picked":"Calculated Gamble+1","floor":47.0},{"not_picked":["Slice","Dodge and Roll+1","Doppelganger"],"picked":"SKIP","floor":48.0},{"not_picked":["Dagger Spray","Blade Dance","Slice"],"picked":"SKIP","floor":55.0}],"player_experience":160114,"relics_obtained":[{"floor":6.0,"key":"Anchor"},{"floor":9.0,"key":"Paper Crane"},{"floor":14.0,"key":"Juzu Bracelet"},{"floor":24.0,"key":"Whetstone"},{"floor":26.0,"key":"Pocketwatch"},{"floor":27.0,"key":"FossilizedHelix"},{"floor":30.0,"key":"Lantern"},{"floor":41.0,"key":"Kunai"},{"floor":45.0,"key":"Peace Pipe"},{"floor":46.0,"key":"Girya"},{"floor":47.0,"key":"Prayer Wheel"},{"floor":48.0,"key":"Dodecahedron"},{"floor":55.0,"key":"Art of War"}],"event_choices":[{"cards_removed":["Strike_G"],"damage_healed":0.0,"max_hp_gain":0.0,"max_hp_loss":0.0,"gold_gain":0.0,"event_name":"Bonfire Elementals","player_choice":"Offered Basic","floor":2.0,"gold_loss":0.0,"damage_taken":0.0},{"damage_healed":0.0,"max_hp_gain":0.0,"max_hp_loss":0.0,"gold_gain":0.0,"event_name":"Scrap Ooze","player_choice":"Success","floor":4.0,"gold_loss":0.0,"damage_taken":11.0,"relics_obtained":["Mummified Hand"]},{"damage_healed":23.0,"max_hp_gain":0.0,"max_hp_loss":0.0,"gold_gain":0.0,"event_name":"Big Fish","player_choice":"Banana","floor":13.0,"gold_loss":0.0,"damage_taken":0.0},{"damage_healed":0.0,"max_hp_gain":0.0,"max_hp_loss":0.0,"gold_gain":0.0,"event_name":"Vampires","player_choice":"Ignored","floor":19.0,"gold_loss":0.0,"damage_taken":0.0},{"damage_healed":0.0,"max_hp_gain":0.0,"max_hp_loss":0.0,"gold_gain":0.0,"event_name":"Cursed Tome","player_choice":"Ignored","floor":21.0,"gold_loss":0.0,"damage_taken":0.0},{"damage_healed":0.0,"max_hp_gain":0.0,"max_hp_loss":0.0,"gold_gain":0.0,"event_name":"FaceTrader","player_choice":"Trade","floor":29.0,"gold_loss":0.0,"damage_taken":0.0,"relics_obtained":["CultistMask"]},{"cards_removed":["Strike_G"],"damage_healed":0.0,"max_hp_gain":0.0,"max_hp_loss":0.0,"gold_gain":0.0,"event_name":"Back to Basics","player_choice":"Elegance","floor":31.0,"gold_loss":0.0,"damage_taken":0.0},{"cards_removed":["Defend_G"],"damage_healed":0.0,"max_hp_gain":0.0,"max_hp_loss":0.0,"gold_gain":0.0,"event_name":"Falling","player_choice":"Removed Skill","floor":36.0,"gold_loss":0.0,"damage_taken":0.0},{"damage_healed":0.0,"max_hp_gain":0.0,"max_hp_loss":0.0,"gold_gain":50.0,"event_name":"Golden Shrine","player_choice":"Pray","floor":39.0,"gold_loss":0.0,"damage_taken":0.0},{"damage_healed":0.0,"max_hp_gain":0.0,"max_hp_loss":0.0,"gold_gain":0.0,"event_name":"SensoryStone","player_choice":"Memory 1","floor":44.0,"gold_loss":0.0,"damage_taken":0.0},{"damage_healed":0.0,"max_hp_gain":0.0,"max_hp_loss":0.0,"gold_gain":0.0,"event_name":"MindBloom","player_choice":"Fight","floor":45.0,"gold_loss":0.0,"damage_taken":0.0},{"damage_healed":0.0,"max_hp_gain":0.0,"max_hp_loss":0.0,"gold_gain":0.0,"event_name":"Mysterious Sphere","player_choice":"Fight","floor":47.0,"gold_loss":0.0,"damage_taken":0.0}],"is_beta":false,"boss_relics":[{"not_picked":["Philosopher\u0027s Stone","Lizard Tail"],"picked":"Runic Pyramid"},{"not_picked":["Velvet Choker","Ring of the Serpent"],"picked":"Sozu"}],"items_purged_floors":[3,20,54],"is_endless":false,"potions_floor_spawned":[5,6,7,16,18,28,35,37,45,55],"ascension_level":20}