{"gold_per_floor":[112,128,128,141,141,141,155,155,155,155,38,38,53,71,71,71],"floor_reached":16,"playtime":467,"items_purged":["Strike_R"],"score":184,"play_id":"8db64a96-b049-428b-bb4a-facb3147e7f3","local_time":"20190413212907","is_ascension_mode":true,"campfire_choices":[{"data":"Burning Pact","floor":6.0,"key":"SMITH"},{"data":"Barricade","floor":8.0,"key":"SMITH"},{"data":"Shrug It Off","floor":10.0,"key":"SMITH"},{"data":"Power Through","floor":12.0,"key":"SMITH"},{"data":"Inflame","floor":15.0,"key":"SMITH"}],"neow_cost":"NONE","seed_source_timestamp":34622941070102,"circlet_count":0,"master_deck":["AscendersBane","Strike_R","Strike_R","Strike_R","Defend_R","Defend_R","Defend_R","Defend_R","Bash","Burning Pact+1","Shrug It Off+1","Barricade+1","Power Through+1","Pommel Strike","Inflame+1"],"special_seed":0,"relics":["Burning Blood","NeowsBlessing","Sundial"],"potions_floor_usage":[16],"damage_taken":[{"damage":0.0,"enemies":"Cultist","floor":1.0,"turns":1.0},{"damage":0.0,"enemies":"Small Slimes","floor":2.0,"turns":1.0},{"damage":0.0,"enemies":"2 Louse","floor":4.0,"turns":1.0},{"damage":9.0,"enemies":"Red Slaver","floor":7.0,"turns":7.0},{"damage":26.0,"enemies":"Lots of Slimes","floor":13.0,"turns":13.0},{"damage":0.0,"enemies":"Blue Slaver","floor":14.0,"turns":7.0},{"damage":3,"enemies":"Slime Boss","floor":16,"turns":7}],"seed_played":"-8859223898869464670","potions_obtained":[{"floor":4.0,"key":"PowerPotion"},{"floor":5.0,"key":"Regen Potion"}],"is_trial":false,"path_per_floor":["M","M","?","M","?","R","M","R","T","R","$","R","M","M","R","B"],"character_chosen":"IRONCLAD","items_purchased":["Power Through"],"campfire_rested":0,"item_purchase_floors":[11],"current_hp_per_floor":[74,75,68,74,74,74,71,71,71,71,71,71,66,72,72,69],"gold":71,"neow_bonus":"THREE_ENEMY_KILL","is_prod":false,"is_daily":false,"chose_seed":false,"campfire_upgraded":5,"win_rate":0,"timestamp":1555162147,"path_taken":["M","?","?","M","?","R","M","R","T","R","$","R","?","?","R","BOSS"],"build_version":"2019-01-23","purchased_purges":1,"victory":false,"max_hp_per_floor":[75,75,75,75,75,75,75,75,75,75,75,75,75,75,75,75],"card_choices":[{"not_picked":["Perfected Strike","Metallicize","Intimidate"],"picked":"SKIP","floor":1.0},{"not_picked":["Twin Strike","True Grit"],"picked":"Burning Pact","floor":2.0},{"not_picked":["Body Slam","Thunderclap"],"picked":"Shrug It Off","floor":4.0},{"not_picked":["Warcry","Armaments"],"picked":"Barricade","floor":7.0},{"not_picked":["Headbutt","Clash"],"picked":"Pommel Strike","floor":13.0},{"not_picked":["Anger","Pommel Strike"],"picked":"Inflame","floor":14.0}],"player_experience":4258109,"relics_obtained":[{"floor":9.0,"key":"Sundial"}],"event_choices":[{"cards_removed":["Strike_R"],"damage_healed":0.0,"max_hp_gain":0.0,"max_hp_loss":0.0,"gold_gain":0.0,"event_name":"Golden Wing","player_choice":"Card Removal","floor":3.0,"gold_loss":0.0,"damage_taken":7.0},{"damage_healed":0.0,"max_hp_gain":0.0,"max_hp_loss":0.0,"gold_gain":0.0,"event_name":"Lab","player_choice":"Got Potions","floor":5.0,"gold_loss":0.0,"damage_taken":0.0}],"is_beta":false,"boss_relics":[],"items_purged_floors":[11],"is_endless":false,"potions_floor_spawned":[4,7],"killed_by":"Slime Boss","ascension_level":20}