{"gold_per_floor":[112,37,37,37,57,57,86,86,86,86,101,127,127,144,144,218,218,234,284,145,145,160,160,178,178,203,213,226,257,257,257,257,257],"floor_reached":33,"playtime":988,"items_purged":["Strike_G","Strike_G"],"score":596,"play_id":"1e48165f-a0d9-40f0-a959-ddd1a7fb6d5d","local_time":"20190102160211","is_ascension_mode":true,"campfire_choices":[{"data":"Deadly Poison","floor":6.0,"key":"SMITH"},{"data":"Burst","floor":8.0,"key":"SMITH"},{"data":"Neutralize","floor":10.0,"key":"SMITH"},{"data":"Deadly Poison","floor":15.0,"key":"SMITH"},{"data":"Well Laid Plans","floor":23,"key":"SMITH"},{"data":"Adrenaline","floor":25,"key":"SMITH"},{"data":"Noxious Fumes","floor":30,"key":"SMITH"},{"data":"Blur","floor":32,"key":"SMITH"}],"neow_cost":"NONE","seed_source_timestamp":12944920495303,"circlet_count":0,"master_deck":["AscendersBane","Defend_G","Defend_G","Defend_G","Defend_G","Defend_G","Survivor","Neutralize+1","Deadly Poison+1","Burst+1","Deadly Poison+1","Adrenaline+1","Well Laid Plans+1","Noxious Fumes+1","Blur+1","Adrenaline+1"],"special_seed":0,"relics":["Ring of the Snake","NeowsBlessing","Pen Nib","Ancient Tea Set","Oddly Smooth Stone","Empty Cage","FaceOfCleric","Dream Catcher","Potion Belt"],"potions_floor_usage":[18,22,24,24,28],"damage_taken":[{"damage":0.0,"enemies":"2 Louse","floor":1.0,"turns":1.0},{"damage":0.0,"enemies":"Jaw Worm","floor":5.0,"turns":1.0},{"damage":0.0,"enemies":"3 Sentries","floor":7.0,"turns":1.0},{"damage":0.0,"enemies":"Small Slimes","floor":11.0,"turns":5.0},{"damage":4.0,"enemies":"Lagavulin","floor":12.0,"turns":7.0},{"damage":7.0,"enemies":"Exordium Thugs","floor":14.0,"turns":5.0},{"damage":4.0,"enemies":"The Guardian","floor":16.0,"turns":7.0},{"damage":6,"enemies":"Chosen","floor":18,"turns":4},{"damage":4,"enemies":"2 Thieves","floor":22,"turns":5},{"damage":1,"enemies":"Chosen and Byrds","floor":24,"turns":6},{"damage":4,"enemies":"Shelled Parasite and Fungi","floor":27,"turns":3},{"damage":0,"enemies":"Centurion and Healer","floor":28,"turns":6},{"damage":49,"enemies":"Gremlin Leader","floor":29,"turns":10},{"damage":13,"enemies":"Collector","floor":33,"turns":7}],"seed_played":"-4319391793550083577","potions_obtained":[{"floor":1.0,"key":"GamblersBrew"},{"floor":5.0,"key":"Explosive Potion"},{"floor":7.0,"key":"GhostInAJar"},{"floor":14.0,"key":"Poison Potion"},{"floor":18,"key":"Explosive Potion"},{"floor":22,"key":"AttackPotion"},{"floor":24,"key":"Regen Potion"}],"is_trial":false,"path_per_floor":["M","$","?","?","M","R","E","R","T","R","M","E","?","M","R","B",null,"M","?","$","?","M","R","M","R","T","M","M","E","R","?","R","B"],"character_chosen":"THE_SILENT","items_purchased":["Well Laid Plans"],"campfire_rested":0,"item_purchase_floors":[20],"current_hp_per_floor":[59,59,48,53,53,53,53,53,53,53,53,49,49,42,42,38,63,57,57,57,57,54,54,54,54,54,51,67,19,19,19,19,6],"gold":257,"neow_bonus":"THREE_ENEMY_KILL","is_prod":false,"is_daily":false,"chose_seed":false,"campfire_upgraded":8,"win_rate":0,"timestamp":1546416131,"path_taken":["M","$","?","?","M","R","E","R","T","R","M","E","?","M","R","BOSS","M","?","$","?","M","R","M","R","T","?","M","E","R","?","R","BOSS"],"build_version":"2018-12-20","purchased_purges":2,"victory":false,"max_hp_per_floor":[66,66,66,71,71,71,71,71,71,71,71,71,71,71,71,71,71,71,71,71,71,72,72,73,73,73,74,75,76,76,76,76,76],"card_choices":[{"not_picked":["Predator","Prepared"],"picked":"Deadly Poison","floor":1.0},{"not_picked":["Bane","Heel Hook","Slice"],"picked":"SKIP","floor":5.0},{"not_picked":["PiercingWail","Bouncing Flask"],"picked":"Burst","floor":7.0},{"not_picked":["Sucker Punch","PiercingWail"],"picked":"Deadly Poison","floor":11.0},{"not_picked":["Choke","Underhanded Strike","A Thousand Cuts"],"picked":"SKIP","floor":12.0},{"not_picked":["Outmaneuver","Blade Dance","Infinite Blades"],"picked":"SKIP","floor":14.0},{"not_picked":["Wraith Form v2","Venomology"],"picked":"Adrenaline","floor":16.0},{"not_picked":["Finisher","Acrobatics","Underhanded Strike"],"picked":"SKIP","floor":18},{"not_picked":["All Out Attack","Prepared","Skewer"],"picked":"SKIP","floor":22},{"not_picked":["Dagger Throw+1","Quick Slash","Slice"],"picked":"SKIP","floor":24},{"not_picked":["Terror+1","Concentrate"],"picked":"Noxious Fumes","floor":27},{"not_picked":["Accuracy","Blade Dance"],"picked":"Blur","floor":28},{"not_picked":["Dagger Spray","Flying Knee","Envenom"],"picked":"SKIP","floor":29}],"player_experience":1662449,"relics_obtained":[{"floor":7.0,"key":"Ancient Tea Set"},{"floor":12.0,"key":"Oddly Smooth Stone"},{"floor":26,"key":"Dream Catcher"},{"floor":29,"key":"Potion Belt"}],"event_choices":[{"damage_healed":0.0,"max_hp_gain":0.0,"max_hp_loss":0.0,"gold_gain":0.0,"event_name":"Scrap Ooze","player_choice":"Success","floor":3.0,"gold_loss":0.0,"damage_taken":11.0,"relics_obtained":["Pen Nib"]},{"damage_healed":0.0,"max_hp_gain":5.0,"max_hp_loss":0.0,"gold_gain":0.0,"event_name":"Big Fish","player_choice":"Donut","floor":4.0,"gold_loss":0.0,"damage_taken":0.0},{"cards_removed":["Strike_G"],"damage_healed":0.0,"max_hp_gain":0.0,"max_hp_loss":0.0,"gold_gain":0.0,"event_name":"Bonfire Elementals","player_choice":"Offered Basic","floor":13.0,"gold_loss":0.0,"damage_taken":0.0},{"damage_healed":0,"gold_gain":50,"player_choice":"Stole From Cult","damage_taken":0,"max_hp_gain":0,"max_hp_loss":0,"event_name":"Nest","floor":19,"gold_loss":0},{"damage_healed":0,"gold_gain":0,"player_choice":"Trade","damage_taken":0,"relics_obtained":["FaceOfCleric"],"max_hp_gain":0,"max_hp_loss":0,"event_name":"FaceTrader","floor":21,"gold_loss":0},{"damage_healed":0,"gold_gain":0,"player_choice":"Copied","damage_taken":0,"max_hp_gain":0,"max_hp_loss":0,"event_name":"Duplicator","floor":31,"gold_loss":0,"cards_obtained":["Adrenaline"]}],"is_beta":false,"boss_relics":[{"not_picked":["Black Star","Calling Bell"],"picked":"Empty Cage"}],"items_purged_floors":[2,20],"is_endless":false,"potions_floor_spawned":[1,5,7,14,18,22,24],"killed_by":"Collector","ascension_level":20}