{"gold_per_floor":[118,130,130,142,41,66,27,44,71,36,56,72,72,90,90,162,162,182,182,197,89,104,104,121,121,167,192,192,192,592,618,618,692,692,707,753,753,316,328,363,378,393,474,474,490,490,29,60,60,60,60,60,60,3,29,29],"floor_reached":56,"playtime":2365,"items_purged":["Strike_B","Strike_B","Strike_B"],"score":2069,"play_id":"322604d5-3f0c-423c-9864-6e54bdf93b77","local_time":"20190622093707","is_ascension_mode":true,"campfire_choices":[{"data":"Master of Strategy","floor":13.0,"key":"SMITH"},{"floor":15.0,"key":"RECALL"},{"data":"Defragment","floor":23.0,"key":"SMITH"},{"data":"Turbo","floor":25.0,"key":"SMITH"},{"data":"Heatsinks","floor":28.0,"key":"SMITH"},{"data":"Coolheaded","floor":32.0,"key":"SMITH"},{"data":"Metamorphosis","floor":44.0,"key":"SMITH"},{"data":"Reprogram","floor":46.0,"key":"SMITH"},{"data":"Fission","floor":49.0,"key":"SMITH"},{"data":"Master of Strategy","floor":53.0,"key":"SMITH"}],"neow_cost":"TEN_PERCENT_HP_LOSS","seed_source_timestamp":0,"circlet_count":0,"master_deck":["AscendersBane","Strike_B","Defend_B","Defend_B","Defend_B","Defend_B","Zap","Dualcast","Master of Strategy+1","Apotheosis+1","Auto Shields","Storm","Defragment+1","Turbo+1","Storm","Storm","BootSequence","Storm","White Noise","Amplify","Stack","Storm","Heatsinks+1","Ghostly","Ghostly","Ghostly","Coolheaded+1","Echo Form","Glacier","Capacitor","Turbo","Stack","Sweeping Beam","Thinking Ahead","Metamorphosis+1","Undo","Storm+1","Recycle","Reprogram+1","Conserve Battery","Fission+1","Master of Strategy+1","Steam Power"],"special_seed":0,"relics":["Cracked Core","Blood Vial","Coffee Dripper","Potion Belt","PreservedInsect","Old Coin","Darkstone Periapt","Cables","Orrery","Emotion Chip","Anchor","Bronze Scales","Sundial","Strawberry","Oddly Smooth Stone"],"potions_floor_usage":[56],"damage_taken":[{"damage":0.0,"enemies":"Cultist","floor":1.0,"turns":3.0},{"damage":4.0,"enemies":"Jaw Worm","floor":2.0,"turns":3.0},{"damage":0.0,"enemies":"2 Louse","floor":4.0,"turns":3.0},{"damage":24.0,"enemies":"3 Sentries","floor":6.0,"turns":7.0},{"damage":22.0,"enemies":"Lots of Slimes","floor":8.0,"turns":3.0},{"damage":0.0,"enemies":"Blue Slaver","floor":11.0,"turns":3.0},{"damage":6.0,"enemies":"2 Fungi Beasts","floor":12.0,"turns":3.0},{"damage":7.0,"enemies":"3 Louse","floor":14.0,"turns":4.0},{"damage":4.0,"enemies":"The Guardian","floor":16.0,"turns":9.0},{"damage":21.0,"enemies":"Shell Parasite","floor":18.0,"turns":4.0},{"damage":4.0,"enemies":"Chosen","floor":20.0,"turns":4.0},{"damage":1.0,"enemies":"Snecko","floor":22.0,"turns":4.0},{"damage":7.0,"enemies":"Snake Plant","floor":24.0,"turns":3.0},{"damage":3.0,"enemies":"Book of Stabbing","floor":27.0,"turns":3.0},{"damage":1.0,"enemies":"Colosseum Slavers","floor":30.0,"turns":3.0},{"damage":2.0,"enemies":"Colosseum Nobs","floor":30.0,"turns":3.0},{"damage":0.0,"enemies":"Gremlin Leader","floor":31.0,"turns":5.0},{"damage":13.0,"enemies":"Champ","floor":33.0,"turns":11.0},{"damage":0.0,"enemies":"3 Shapes","floor":35.0,"turns":4.0},{"damage":4.0,"enemies":"2 Orb Walkers","floor":36.0,"turns":3.0},{"damage":4.0,"enemies":"Orb Walker","floor":39.0,"turns":3.0},{"damage":20.0,"enemies":"Reptomancer","floor":40.0,"turns":4.0},{"damage":2.0,"enemies":"Maw","floor":41.0,"turns":5.0},{"damage":1.0,"enemies":"Transient","floor":42.0,"turns":6.0},{"damage":0.0,"enemies":"3 Darklings","floor":45.0,"turns":5.0},{"damage":0.0,"enemies":"Nemesis","floor":48.0,"turns":3.0},{"damage":14.0,"enemies":"Awakened One","floor":50.0,"turns":8.0},{"damage":7.0,"enemies":"Time Eater","floor":51.0,"turns":7.0},{"damage":0.0,"enemies":"Shield and Spear","floor":55.0,"turns":3.0},{"damage":26,"enemies":"The Heart","floor":56,"turns":3}],"seed_played":"5612286556854977083","potions_obtained":[{"floor":4.0,"key":"EssenceOfSteel"},{"floor":8.0,"key":"Ancient Potion"},{"floor":19.0,"key":"Block Potion"},{"floor":22.0,"key":"Poison Potion"},{"floor":24.0,"key":"Swift Potion"},{"floor":27.0,"key":"Explosive Potion"},{"floor":31.0,"key":"FocusPotion"},{"floor":33.0,"key":"Energy Potion"},{"floor":39.0,"key":"PowerPotion"},{"floor":40.0,"key":"PowerPotion"},{"floor":41.0,"key":"Dexterity Potion"},{"floor":48.0,"key":"Explosive Potion"}],"is_trial":false,"path_per_floor":["M","M","?","M","$","E","$","M","T","?","M","M","R","M","R","B",null,"M","?","M","$","M","R","M","R","T","E","R","?","?","E","R","B",null,"M","?","?","$","M","E","M","M","T","R","M","R","$","E","R","B","B",null,"R","$","E","B"],"character_chosen":"DEFECT","items_purchased":["Turbo","Storm","Stack","Block Potion","Metamorphosis","Anchor","Block Potion","Fission","Master of Strategy","SkillPotion"],"campfire_rested":0,"item_purchase_floors":[5,7,21,21,38,38,47,47,47,54],"current_hp_per_floor":[64,60,60,60,60,36,36,16,16,32,34,30,30,25,25,23,54,35,35,33,33,34,34,29,29,29,28,28,28,29,31,31,19,29,31,28,28,28,26,8,8,9,9,9,11,11,11,20,20,8,3,30,30,30,32,8],"gold":29,"neow_bonus":"RANDOM_COLORLESS_2","is_prod":false,"is_daily":false,"chose_seed":false,"campfire_upgraded":9,"win_rate":0,"timestamp":1561163827,"path_taken":["M","M","?","M","$","E","?","?","T","?","M","M","R","M","R","BOSS","M","?","?","$","M","R","M","R","T","E","R","?","?","E","R","BOSS","M","?","?","?","?","E","M","?","T","R","M","R","$","E","R","BOSS","BOSS","R","$","E","BOSS"],"build_version":"2019-01-23","purchased_purges":3,"victory":false,"max_hp_per_floor":[64,64,64,64,64,64,64,64,64,64,64,64,64,64,64,64,64,64,64,64,64,64,64,64,64,64,64,64,32,32,32,32,32,32,32,32,32,32,32,32,32,32,32,32,32,32,32,39,39,39,39,39,39,39,39,39],"card_choices":[{"not_picked":["Steam Power","Auto Shields","Reprogram"],"picked":"SKIP","floor":1.0},{"not_picked":["Steam Power","Reprogram"],"picked":"Auto Shields","floor":1.0},{"not_picked":["Blizzard","Streamline"],"picked":"Storm","floor":2.0},{"not_picked":["Go for the Eyes","Barrage"],"picked":"Defragment","floor":4.0},{"not_picked":["Barrage","Lockon"],"picked":"Storm","floor":6.0},{"not_picked":["Leap","Stack"],"picked":"BootSequence","floor":8.0},{"not_picked":["FTL","Hologram"],"picked":"Storm","floor":11.0},{"not_picked":["Storm","Streamline"],"picked":"White Noise","floor":12.0},{"not_picked":["Static Discharge","Chaos","Tempest"],"picked":"SKIP","floor":14.0},{"not_picked":["Fission","Hyperbeam"],"picked":"Amplify","floor":16.0},{"not_picked":["Tempest","Blizzard","Conserve Battery"],"picked":"SKIP","floor":18.0},{"not_picked":["Redo","Steam","Rip and Tear"],"picked":"SKIP","floor":20.0},{"not_picked":["Steam Power","Darkness"],"picked":"Storm","floor":22.0},{"not_picked":["Blizzard","Beam Cell+1","Melter"],"picked":"SKIP","floor":24.0},{"not_picked":["Sweeping Beam","Streamline"],"picked":"Heatsinks","floor":27.0},{"not_picked":["Barrage","Gash"],"picked":"Coolheaded","floor":31.0},{"not_picked":["Buffer","Meteor Strike"],"picked":"Echo Form","floor":33.0},{"not_picked":["Hello World","Storm"],"picked":"Glacier","floor":34.0},{"not_picked":["Reprogram","Chaos"],"picked":"Capacitor","floor":34.0},{"not_picked":["Redo","Beam Cell+1"],"picked":"Turbo","floor":34.0},{"not_picked":["Redo","Cold Snap"],"picked":"Stack","floor":34.0},{"not_picked":["Fusion","Streamline"],"picked":"Sweeping Beam","floor":34.0},{"not_picked":["Ball Lightning","Compile Driver","Cold Snap"],"picked":"SKIP","floor":35.0},{"not_picked":["Transmutation","Deep Breath"],"picked":"Thinking Ahead","floor":37.0},{"not_picked":["Streamline","Ball Lightning"],"picked":"Undo","floor":39.0},{"not_picked":["BootSequence","Beam Cell"],"picked":"Storm+1","floor":40.0},{"not_picked":["Hyperbeam","Redo+1"],"picked":"Recycle","floor":41.0},{"not_picked":["Steam","Rebound"],"picked":"Reprogram","floor":42.0},{"not_picked":["Redo","Gash+1"],"picked":"Conserve Battery","floor":45.0},{"not_picked":["Leap","Beam Cell"],"picked":"Steam Power","floor":48.0},{"not_picked":["Gash","Ball Lightning","Beam Cell"],"picked":"SKIP","floor":55.0}],"player_experience":607297,"relics_obtained":[{"floor":6.0,"key":"Blood Vial"},{"floor":26.0,"key":"Potion Belt"},{"floor":27.0,"key":"PreservedInsect"},{"floor":30.0,"key":"Old Coin"},{"floor":30.0,"key":"Darkstone Periapt"},{"floor":31.0,"key":"Cables"},{"floor":36.0,"key":"Emotion Chip"},{"floor":40.0,"key":"Bronze Scales"},{"floor":43.0,"key":"Sundial"},{"floor":48.0,"key":"Strawberry"},{"floor":55.0,"key":"Oddly Smooth Stone"}],"event_choices":[{"damage_healed":0.0,"max_hp_gain":0.0,"max_hp_loss":0.0,"gold_gain":0.0,"event_name":"Upgrade Shrine","player_choice":"Upgraded","floor":3.0,"gold_loss":0.0,"damage_taken":0.0,"cards_upgraded":["Apotheosis"]},{"damage_healed":16.0,"max_hp_gain":0.0,"max_hp_loss":0.0,"gold_gain":0.0,"event_name":"The Cleric","player_choice":"Healed","floor":10.0,"gold_loss":35.0,"damage_taken":0.0},{"damage_healed":0.0,"max_hp_gain":0.0,"max_hp_loss":0.0,"gold_gain":0.0,"event_name":"Lab","player_choice":"Got Potions","floor":19.0,"gold_loss":0.0,"damage_taken":0.0},{"damage_healed":0.0,"max_hp_gain":0.0,"max_hp_loss":32.0,"gold_gain":0.0,"event_name":"Ghosts","player_choice":"Became a Ghost","floor":29.0,"gold_loss":0.0,"damage_taken":0.0,"cards_obtained":["Ghostly","Ghostly","Ghostly"]},{"damage_healed":0.0,"max_hp_gain":0.0,"max_hp_loss":0.0,"gold_gain":0.0,"event_name":"Colosseum","player_choice":"Fight","floor":30.0,"gold_loss":0.0,"damage_taken":0.0},{"damage_healed":0.0,"max_hp_gain":0.0,"max_hp_loss":0.0,"gold_gain":0.0,"event_name":"Colosseum","player_choice":"Fought Nobs","floor":30.0,"gold_loss":0.0,"damage_taken":0.0},{"damage_healed":0.0,"max_hp_gain":0.0,"max_hp_loss":0.0,"gold_gain":0.0,"event_name":"Mysterious Sphere","player_choice":"Fight","floor":36.0,"gold_loss":0.0,"damage_taken":0.0},{"damage_healed":0.0,"max_hp_gain":0.0,"max_hp_loss":0.0,"gold_gain":0.0,"event_name":"SensoryStone","player_choice":"Memory 1","floor":37.0,"gold_loss":0.0,"damage_taken":0.0}],"is_beta":false,"boss_relics":[{"not_picked":["Black Star","Velvet Choker"],"picked":"Coffee Dripper"},{"not_picked":["Cursed Key","Inserter"],"picked":"Orrery"}],"items_purged_floors":[5,38,47],"is_endless":false,"potions_floor_spawned":[4,8,11,14,22,24,27,31,33,39,40,41,48],"killed_by":"The Heart","ascension_level":20}