{"gold_per_floor":[368,443,459,195,120,120,131,131,131,145,145,11,26,26,26,100,100,118,43,54,54,68,68,103,114,114,114,141,141,158,158,158,236,236,253,253,253],"floor_reached":37,"playtime":1452,"items_purged":["Strike_R","Defend_R"],"score":827,"play_id":"f4edac61-924d-4bd5-9766-aa48e1ea4566","local_time":"20181218103037","is_ascension_mode":true,"campfire_choices":[{"data":"Disarm","floor":6.0,"key":"SMITH"},{"data":"Bash","floor":8.0,"key":"SMITH"},{"floor":15.0,"key":"REST"},{"data":"Offering","floor":23.0,"key":"SMITH"},{"data":"Double Tap","floor":27.0,"key":"SMITH"},{"floor":29.0,"key":"REST"},{"data":"Exhume","floor":32.0,"key":"SMITH"}],"neow_cost":"PERCENT_DAMAGE","seed_source_timestamp":2399612335949,"circlet_count":0,"master_deck":["AscendersBane","Strike_R","Strike_R","Strike_R","Defend_R","Defend_R","Defend_R","Bash+1","Disarm+1","Dropkick","Fiend Fire+1","Exhume+1","Double Tap+1","Disarm+1","Offering+1","Rage"],"special_seed":0,"relics":["Burning Blood","Membership Card","Torii","Runic Pyramid","Mummified Hand","Matryoshka","Orrery"],"potions_floor_usage":[],"damage_taken":[{"damage":4.0,"enemies":"Jaw Worm","floor":1.0,"turns":5.0},{"damage":8.0,"enemies":"Small Slimes","floor":3.0,"turns":7.0},{"damage":11.0,"enemies":"2 Louse","floor":7.0,"turns":4.0},{"damage":22.0,"enemies":"Large Slime","floor":10.0,"turns":7.0},{"damage":7.0,"enemies":"Red Slaver","floor":13.0,"turns":3.0},{"damage":19.0,"enemies":"The Guardian","floor":16.0,"turns":12.0},{"damage":0.0,"enemies":"Chosen","floor":18.0,"turns":3.0},{"damage":20.0,"enemies":"2 Thieves","floor":20.0,"turns":4.0},{"damage":21.0,"enemies":"3 Cultists","floor":22.0,"turns":4.0},{"damage":6.0,"enemies":"Gremlin Leader","floor":24.0,"turns":6.0},{"damage":0.0,"enemies":"Chosen and Byrds","floor":25.0,"turns":6.0},{"damage":33.0,"enemies":"Book of Stabbing","floor":28.0,"turns":5.0},{"damage":19.0,"enemies":"Shelled Parasite and Fungi","floor":30.0,"turns":2.0},{"damage":21.0,"enemies":"Collector","floor":33.0,"turns":3.0},{"damage":43,"enemies":"3 Darklings","floor":35,"turns":5},{"damage":34,"enemies":"3 Shapes","floor":37,"turns":8}],"seed_played":"-3632146779861728328","potions_obtained":[{"floor":1.0,"key":"SkillPotion"},{"floor":10.0,"key":"Poison Potion"},{"floor":13.0,"key":"Energy Potion"},{"floor":24.0,"key":"Ancient Potion"},{"floor":25.0,"key":"Strength Potion"}],"is_trial":false,"path_per_floor":["M","?","M","$","?","R","M","R","T","M","?","$","M","?","R","B",null,"M","$","M","T","M","R","E","M","T","R","E","R","M","?","R","B",null,"M","?","M"],"character_chosen":"IRONCLAD","items_purchased":["Membership Card","Fiend Fire","Offering"],"campfire_rested":2,"item_purchase_floors":[4,12,19],"current_hp_per_floor":[52,41,39,39,39,39,34,34,34,18,18,18,17,17,39,26,63,69,69,55,55,40,40,40,46,46,46,19,41,28,28,28,13,60,23,23,0],"gold":253,"neow_bonus":"TWO_FIFTY_GOLD","is_prod":false,"is_daily":false,"chose_seed":false,"campfire_upgraded":5,"win_rate":0,"timestamp":1545100237,"path_taken":["M","?","M","$","?","R","M","R","T","M","?","$","M","?","R","BOSS","M","$","M","?","M","R","E","M","T","R","E","R","?","?","R","BOSS","M","?","M"],"build_version":"2018-12-13","purchased_purges":2,"victory":false,"max_hp_per_floor":[75,75,75,75,75,75,75,75,75,75,75,75,75,75,75,75,75,75,75,75,75,75,75,75,75,75,75,75,75,75,75,75,75,75,75,75,75],"card_choices":[{"not_picked":["Body Slam","Heavy Blade"],"picked":"Disarm","floor":1.0},{"not_picked":["Clash","Warcry","Entrench"],"picked":"SKIP","floor":3.0},{"not_picked":["Corruption","Battle Trance"],"picked":"Dropkick","floor":7.0},{"not_picked":["Headbutt","Havoc","Rampage"],"picked":"SKIP","floor":10.0},{"not_picked":["Twin Strike","Flex"],"picked":"Exhume","floor":13.0},{"not_picked":["Reaper","Impervious"],"picked":"Double Tap","floor":16.0},{"not_picked":["Headbutt","Anger"],"picked":"Disarm+1","floor":18.0},{"not_picked":["Pommel Strike+1","Iron Wave","Metallicize"],"picked":"SKIP","floor":20.0},{"not_picked":["Body Slam","Combust","Barricade"],"picked":"SKIP","floor":22.0},{"not_picked":["Sever Soul","Corruption","Searing Blow+1"],"picked":"SKIP","floor":24.0},{"not_picked":["Fire Breathing","Ghostly Armor","Thunderclap"],"picked":"SKIP","floor":25.0},{"not_picked":["Fire Breathing","Ghostly Armor","Thunderclap"],"picked":"SKIP","floor":25.0},{"not_picked":["Warcry","Reckless Charge+1","Whirlwind"],"picked":"SKIP","floor":28.0},{"not_picked":["Pommel Strike","Armaments+1","Havoc"],"picked":"SKIP","floor":30.0},{"not_picked":["Warcry","Headbutt"],"picked":"Rage","floor":34.0},{"not_picked":["Rupture","Reaper","Clothesline"],"picked":"SKIP","floor":35}],"player_experience":1334488,"relics_obtained":[{"floor":9.0,"key":"Torii"},{"floor":24.0,"key":"Mummified Hand"},{"floor":28.0,"key":"Matryoshka"}],"event_choices":[{"damage_healed":0.0,"max_hp_gain":0.0,"max_hp_loss":0.0,"gold_gain":75.0,"event_name":"World of Goop","player_choice":"Gather Gold","floor":2.0,"gold_loss":0.0,"damage_taken":11.0},{"cards_removed":["Strike_R"],"damage_healed":0.0,"max_hp_gain":0.0,"max_hp_loss":0.0,"gold_gain":0.0,"event_name":"The Cleric","player_choice":"Card Removal","floor":5.0,"gold_loss":75.0,"damage_taken":0.0},{"damage_healed":0.0,"max_hp_gain":0.0,"max_hp_loss":0.0,"gold_gain":0.0,"event_name":"Shining Light","player_choice":"Ignored","floor":11.0,"gold_loss":0.0,"damage_taken":0.0},{"damage_healed":0.0,"max_hp_gain":0.0,"max_hp_loss":0.0,"gold_gain":0.0,"event_name":"Upgrade Shrine","player_choice":"Upgraded","floor":14.0,"gold_loss":0.0,"damage_taken":0.0,"cards_upgraded":["Fiend Fire"]},{"damage_healed":0.0,"max_hp_gain":0.0,"max_hp_loss":0.0,"gold_gain":0.0,"event_name":"Cursed Tome","player_choice":"Ignored","floor":31.0,"gold_loss":0.0,"damage_taken":0.0},{"damage_healed":0,"gold_gain":0,"player_choice":"Ignored","damage_taken":0,"max_hp_gain":0,"max_hp_loss":0,"event_name":"Mysterious Sphere","floor":36,"gold_loss":0}],"is_beta":false,"boss_relics":[{"not_picked":["Coffee Dripper","Runic Dome"],"picked":"Runic Pyramid"},{"not_picked":["Fusion Hammer","Eternal Feather"],"picked":"Orrery"}],"items_purged_floors":[4,12],"is_endless":false,"potions_floor_spawned":[1,10,13,24,25,33],"killed_by":"3 Shapes","ascension_level":17}