{"gold_per_floor":[113,38,38,8,8,43,43,82,82,56,56,76,76,111,123,234,246,279,271,5,5],"floor_reached":21,"playtime":451,"items_purged":["Strike_G"],"score":482,"play_id":"fb004417-8a71-4b56-93bb-8d8d1bde55e4","local_time":"20181031171734","is_ascension_mode":true,"campfire_choices":[{"data":"Well Laid Plans","floor":7,"key":"SMITH"},{"data":"Footwork","floor":13,"key":"SMITH"},{"data":"Choke","floor":15,"key":"SMITH"}],"neow_cost":"NONE","seed_source_timestamp":22955044103590,"circlet_count":0,"master_deck":["Defend_G","Defend_G","Defend_G","Defend_G","Defend_G","Strike_G","Strike_G","Strike_G+1","Strike_G","Survivor","Neutralize+1","AscendersBane","Backflip","Poisoned Stab","Well Laid Plans+1","Concentrate","Prepared","Footwork+1","Choke+1","Adrenaline"],"relics":["Ring of the Snake","RealStoneCalender","NeowsBlessing","Golden Idol","Whetstone","Dream Catcher","Singing Bowl","PreservedInsect","MawBank","SaigiyounoYou","Paper Crane"],"potions_floor_usage":[],"damage_taken":[{"damage":0,"enemies":"Small Slimes","floor":1,"turns":1},{"damage":0,"enemies":"Lagavulin","floor":6,"turns":1},{"damage":0,"enemies":"3 Sentries","floor":8,"turns":1},{"damage":0,"enemies":"Cultist","floor":12,"turns":3},{"damage":12,"enemies":"Gremlin Nob","floor":14,"turns":4},{"damage":7,"enemies":"The Guardian","floor":16,"turns":9},{"damage":28,"enemies":"2 Thieves","floor":18,"turns":4},{"damage":0,"enemies":"Chosen","floor":21,"turns":3}],"seed_played":"8143672560984147579","potions_obtained":[{"floor":14,"key":"Weak Potion"},{"floor":16,"key":"AttackPotion"}],"is_trial":false,"path_per_floor":["M","$","?","$","?","E","R","E","T","$","?","M","R","E","R","B",null,"M","?","$"],"character_chosen":"THE_SILENT","items_purchased":["Poisoned Stab","Prepared","Paper Crane"],"campfire_rested":0,"item_purchase_floors":[4,10,20],"current_hp_per_floor":[59,59,50,50,50,50,50,50,50,50,45,45,45,33,33,26,52,36,36,36,45],"gold":5,"neow_bonus":"THREE_ENEMY_KILL","is_prod":false,"is_daily":false,"chose_seed":false,"campfire_upgraded":3,"win_rate":0,"timestamp":1540977454,"path_taken":["M","$","?","$","?","E","R","E","T","?","?","M","R","E","R","BOSS","M","?","$","M"],"build_version":"2018-10-25v2","purchased_purges":1,"victory":false,"max_hp_per_floor":[66,66,66,66,60,60,60,60,60,60,60,60,60,60,60,60,60,62,62,62,62],"card_choices":[{"not_picked":["Dodge and Roll","Flying Knee"],"picked":"Backflip","floor":1},{"not_picked":["Cloak And Dagger","Slice"],"picked":"Well Laid Plans","floor":6},{"not_picked":["Dagger Spray","All Out Attack"],"picked":"Concentrate","floor":8},{"not_picked":["Concentrate","Backflip"],"picked":"Footwork","floor":12},{"not_picked":["Blade Dance","Distraction"],"picked":"Choke","floor":14},{"not_picked":["Phantasmal Killer","Envenom"],"picked":"Adrenaline","floor":16},{"not_picked":["PiercingWail","Prepared","Dodge and Roll"],"picked":"Singing Bowl","floor":18}],"player_experience":426817,"relics_obtained":[{"floor":6,"key":"Whetstone"},{"floor":8,"key":"Dream Catcher"},{"floor":9,"key":"Singing Bowl"},{"floor":14,"key":"MawBank"}],"event_choices":[{"damage_healed":0,"gold_gain":0,"player_choice":"Damaged","damage_taken":0,"max_hp_gain":0,"max_hp_loss":0,"event_name":"PlateOfNloth","floor":3,"gold_loss":0},{"damage_healed":0,"gold_gain":0,"player_choice":"Lose Max HP","damage_taken":0,"relics_obtained":["Golden Idol"],"max_hp_gain":0,"max_hp_loss":6,"event_name":"Golden Idol","floor":5,"gold_loss":0},{"damage_healed":0,"gold_gain":0,"player_choice":"Success","damage_taken":5,"relics_obtained":["PreservedInsect"],"max_hp_gain":0,"max_hp_loss":0,"event_name":"Scrap Ooze","floor":11,"gold_loss":0},{"damage_healed":0,"gold_gain":0,"player_choice":"Bought 1 Potion","damage_taken":0,"max_hp_gain":0,"max_hp_loss":0,"event_name":"The Woman in Blue","floor":19,"gold_loss":0}],"is_beta":false,"boss_relics":[{"not_picked":["WristBlade","HarvestTotem"],"picked":"SaigiyounoYou"}],"items_purged_floors":[2],"is_endless":false,"potions_floor_spawned":[14,16],"killed_by":"Chosen","ascension_level":20}