{"gold_per_floor":[20,20,35,35,55,84,84,84,84,84,96,61,61,72,72,145,145,163,176,176,101,116,116,150,200,253,269,88,88,102,120,120,194,194,206,206,218,228,27,354,354,379,405,420,270,270,297,314,314,314,314,314,314,49,74,74],"floor_reached":57,"playtime":3070,"items_purged":["Strike_G","Strike_G","Outmaneuver","Defend_G","Defend_G"],"score":3449,"play_id":"eb115b50-e569-4742-8eda-ea6900c59050","local_time":"20190228122804","is_ascension_mode":true,"campfire_choices":[{"data":"Bouncing Flask","floor":7.0,"key":"SMITH"},{"data":"Catalyst","floor":15.0,"key":"SMITH"},{"data":"Burst","floor":23.0,"key":"SMITH"},{"data":"Calculated Gamble","floor":29.0,"key":"SMITH"},{"data":"Tactician","floor":32.0,"key":"SMITH"},{"data":"Acrobatics","floor":41.0,"key":"SMITH"},{"floor":49,"key":"RECALL"},{"floor":53,"key":"DIG"}],"neow_cost":"NO_GOLD","seed_source_timestamp":90920632324487,"circlet_count":0,"master_deck":["AscendersBane","Defend_G","Defend_G","Defend_G","Survivor","Neutralize","Bouncing Flask+1","Backflip","Catalyst+1","Burst+1","Prepared+1","Calculated Gamble+1","Tactician+1","Acrobatics+1","Adrenaline","Blur"],"special_seed":0,"relics":["Ring of the Snake","Shovel","Sundial","Kunai","Tingsha","Runic Pyramid","Thread and Needle","Omamori","Empty Cage","Old Coin","Girya","Dream Catcher","FossilizedHelix"],"potions_floor_usage":[46,56,56],"damage_taken":[{"damage":2.0,"enemies":"Jaw Worm","floor":1.0,"turns":6.0},{"damage":0.0,"enemies":"2 Louse","floor":3.0,"turns":6.0},{"damage":1.0,"enemies":"Small Slimes","floor":5.0,"turns":3.0},{"damage":22.0,"enemies":"3 Sentries","floor":6.0,"turns":12.0},{"damage":2.0,"enemies":"2 Fungi Beasts","floor":11.0,"turns":3.0},{"damage":0.0,"enemies":"Large Slime","floor":14.0,"turns":7.0},{"damage":1.0,"enemies":"The Guardian","floor":16.0,"turns":7.0},{"damage":9.0,"enemies":"Chosen","floor":18.0,"turns":3.0},{"damage":3.0,"enemies":"Shell Parasite","floor":19.0,"turns":3.0},{"damage":3.0,"enemies":"Sentry and Sphere","floor":22.0,"turns":3.0},{"damage":0.0,"enemies":"Gremlin Leader","floor":24.0,"turns":5.0},{"damage":1.0,"enemies":"3 Cultists","floor":27.0,"turns":4.0},{"damage":4.0,"enemies":"Cultist and Chosen","floor":30.0,"turns":6.0},{"damage":0.0,"enemies":"Sentry and Sphere","floor":31.0,"turns":5.0},{"damage":0.0,"enemies":"Automaton","floor":33.0,"turns":3.0},{"damage":18.0,"enemies":"3 Shapes","floor":35.0,"turns":3.0},{"damage":5.0,"enemies":"3 Darklings","floor":37.0,"turns":4.0},{"damage":0.0,"enemies":"Spire Growth","floor":38.0,"turns":1.0},{"damage":0.0,"enemies":"Giant Head","floor":40.0,"turns":1.0},{"damage":0.0,"enemies":"Nemesis","floor":42.0,"turns":1.0},{"damage":0,"enemies":"Writhing Mass","floor":44,"turns":2},{"damage":1,"enemies":"Reptomancer","floor":47,"turns":2},{"damage":0,"enemies":"Transient","floor":48,"turns":5},{"damage":0,"enemies":"Donu and Deca","floor":50,"turns":2},{"damage":0,"enemies":"Awakened One","floor":51,"turns":6},{"damage":0,"enemies":"Shield and Spear","floor":55,"turns":2},{"damage":6,"enemies":"The Heart","floor":56,"turns":6}],"seed_played":"9078732623198104749","potions_obtained":[{"floor":5.0,"key":"SkillPotion"},{"floor":11.0,"key":"Swift Potion"},{"floor":14.0,"key":"Dexterity Potion"},{"floor":22.0,"key":"Regen Potion"},{"floor":27.0,"key":"Strength Potion"},{"floor":46,"key":"Fruit Juice"},{"floor":46,"key":"Strength Potion"}],"is_trial":false,"path_per_floor":["M","?","M","$","M","E","R","?","T","?","M","?","T","M","R","B",null,"M","M","?","$","M","R","E","?","T","M","$","R","M","M","R","B",null,"M","?","M","M","$","E","R","E","T","M","$","?","E","M","R","B","B",null,"R","$","E","B",null],"character_chosen":"THE_SILENT","items_purchased":["Calculated Gamble","Adrenaline","Blur"],"campfire_rested":0,"item_purchase_floors":[28,39,54],"current_hp_per_floor":[57,57,57,57,56,34,34,27,27,9,7,23,23,23,23,22,55,46,43,56,56,53,53,53,53,53,52,52,52,48,48,48,48,62,44,44,39,39,39,39,39,39,39,39,39,44,43,43,43,43,43,64,64,64,64,58],"gold":74,"neow_bonus":"TRANSFORM_TWO_CARDS","is_prod":false,"is_daily":false,"chose_seed":false,"campfire_upgraded":6,"win_rate":0,"timestamp":1551328084,"path_taken":["M","?","M","$","M","E","R","?","T","?","M","?","?","M","R","BOSS","M","M","?","$","M","R","E","?","T","M","$","R","M","M","R","BOSS","M","?","M","M","$","E","R","E","T","?","?","?","E","M","R","BOSS","BOSS","R","$","E","BOSS"],"build_version":"2019-01-23","purchased_purges":5,"victory":true,"max_hp_per_floor":[66,66,66,66,66,66,66,66,66,66,66,66,66,66,66,66,66,66,66,66,66,66,66,66,66,66,66,66,66,66,66,66,66,66,66,66,66,66,66,66,66,66,66,66,66,71,71,71,71,71,71,71,71,71,71,71],"card_choices":[{"not_picked":["Blade Dance","Sucker Punch"],"picked":"Flechettes","floor":1.0},{"not_picked":["Masterful Stab","Cloak And Dagger"],"picked":"Bouncing Flask","floor":3.0},{"not_picked":["Concentrate","Underhanded Strike"],"picked":"Backflip","floor":5.0},{"not_picked":["Storm of Steel","Terror","All Out Attack"],"picked":"SKIP","floor":6.0},{"not_picked":["Accuracy","Sucker Punch"],"picked":"Catalyst","floor":11.0},{"not_picked":["Expertise","Flechettes","Bane"],"picked":"SKIP","floor":14.0},{"not_picked":["Grand Finale","A Thousand Cuts"],"picked":"Burst","floor":16.0},{"not_picked":["Outmaneuver","PiercingWail","Cloak And Dagger"],"picked":"SKIP","floor":18.0},{"not_picked":["Distraction","Riddle With Holes","Poisoned Stab"],"picked":"SKIP","floor":19.0},{"not_picked":["Leg Sweep+1","Masterful Stab"],"picked":"Prepared+1","floor":22.0},{"not_picked":["PiercingWail","Sucker Punch","Backflip"],"picked":"SKIP","floor":24.0},{"not_picked":["Underhanded Strike+1","Dagger Spray","Bane"],"picked":"SKIP","floor":27.0},{"not_picked":["Acrobatics","Caltrops"],"picked":"Tactician","floor":30.0},{"not_picked":["Predator","Endless Agony","Phantasmal Killer"],"picked":"SKIP","floor":31.0},{"not_picked":["Flying Knee+1","Prepared","Dagger Throw+1"],"picked":"SKIP","floor":35.0},{"not_picked":["Flying Knee","Outmaneuver+1"],"picked":"Acrobatics","floor":37.0},{"not_picked":["Backflip","Calculated Gamble+1","Blade Dance+1"],"picked":"SKIP","floor":38.0},{"not_picked":["Slice","Outmaneuver","Corpse Explosion"],"picked":"SKIP","floor":40.0},{"not_picked":["Slice","Outmaneuver","Corpse Explosion"],"picked":"SKIP","floor":40.0},{"not_picked":["Flying Knee+1","Escape Plan","Adrenaline"],"picked":"SKIP","floor":42.0},{"not_picked":["Cloak And Dagger","Flying Knee","Deadly Poison"],"picked":"SKIP","floor":44},{"not_picked":["Backflip+1","Cloak And Dagger","Catalyst+1"],"picked":"SKIP","floor":47},{"not_picked":["Heel Hook","Crippling Poison","Outmaneuver"],"picked":"SKIP","floor":48},{"not_picked":["Doppelganger","Slice+1","Dodge and Roll"],"picked":"SKIP","floor":55}],"player_experience":1478084,"relics_obtained":[{"floor":6.0,"key":"Shovel"},{"floor":9.0,"key":"Sundial"},{"floor":13.0,"key":"Tingsha"},{"floor":24.0,"key":"Thread and Needle"},{"floor":26.0,"key":"Omamori"},{"floor":40.0,"key":"Old Coin"},{"floor":42.0,"key":"Girya"},{"floor":47,"key":"Dream Catcher"},{"floor":55,"key":"FossilizedHelix"}],"event_choices":[{"damage_healed":0.0,"max_hp_gain":0.0,"max_hp_loss":0.0,"gold_gain":0.0,"event_name":"Liars Game","player_choice":"Ignored","floor":2.0,"gold_loss":0.0,"damage_taken":0.0},{"cards_removed":["Strike_G"],"damage_healed":0.0,"max_hp_gain":0.0,"max_hp_loss":0.0,"gold_gain":0.0,"event_name":"Golden Wing","player_choice":"Card Removal","floor":8.0,"gold_loss":0.0,"damage_taken":7.0},{"damage_healed":0.0,"max_hp_gain":0.0,"max_hp_loss":0.0,"gold_gain":0.0,"event_name":"Scrap Ooze","player_choice":"Success","floor":10.0,"gold_loss":0.0,"damage_taken":18.0,"relics_obtained":["Kunai"]},{"damage_healed":16.0,"max_hp_gain":0.0,"max_hp_loss":0.0,"gold_gain":0.0,"event_name":"The Cleric","player_choice":"Healed","floor":12.0,"gold_loss":35.0,"damage_taken":0.0},{"damage_healed":13.0,"max_hp_gain":0.0,"max_hp_loss":0.0,"gold_gain":0.0,"event_name":"The Library","player_choice":"Heal","floor":20.0,"gold_loss":0.0,"damage_taken":0.0},{"damage_healed":0.0,"max_hp_gain":0.0,"max_hp_loss":0.0,"gold_gain":50.0,"event_name":"Nest","player_choice":"Stole From Cult","floor":25.0,"gold_loss":0.0,"damage_taken":0.0},{"damage_healed":0.0,"max_hp_gain":0.0,"max_hp_loss":0.0,"gold_gain":0.0,"event_name":"SecretPortal","player_choice":"Ignored","floor":36.0,"gold_loss":0.0,"damage_taken":0.0},{"damage_healed":0,"gold_gain":0,"player_choice":"Got Potions","damage_taken":0,"max_hp_gain":0,"max_hp_loss":0,"event_name":"Lab","floor":46,"gold_loss":0}],"is_beta":false,"boss_relics":[{"not_picked":["Fusion Hammer","Ring of the Serpent"],"picked":"Runic Pyramid"},{"not_picked":["Coffee Dripper","Philosopher\u0027s Stone"],"picked":"Empty Cage"}],"items_purged_floors":[21,28,39,45,54],"is_endless":false,"potions_floor_spawned":[5,11,14,22,24,27,30,31,38,42,48],"ascension_level":20}