{"gold_per_floor":[119,139,153,171,187,187,197,197,197,197,197,216,216,39,39,112,162,177,191,191,210,135,135,152,152,152,171,171],"floor_reached":28,"playtime":1138,"items_purged":["Strike_G"],"score":428,"play_id":"bd3dec1f-67ed-4208-8ad1-5146c56f21e2","local_time":"20190311222739","is_ascension_mode":true,"campfire_choices":[{"data":"Deadly Poison","floor":6.0,"key":"SMITH"},{"data":"Neutralize","floor":10.0,"key":"SMITH"},{"data":"Calculated Gamble","floor":13.0,"key":"SMITH"},{"data":"Concentrate","floor":15.0,"key":"SMITH"},{"data":"Footwork","floor":23,"key":"SMITH"},{"floor":25,"key":"REST"}],"neow_cost":"TEN_PERCENT_HP_LOSS","seed_source_timestamp":39911692052252,"circlet_count":0,"master_deck":["AscendersBane","Defend_G","Defend_G","Defend_G","Defend_G","Defend_G","Strike_G","Strike_G","Survivor","Neutralize+1","Infinite Blades","Deadly Poison+1","Concentrate+1","Calculated Gamble+1","Backflip","Purity+1","Wraith Form v2","Footwork+1","PiercingWail+1","Calculated Gamble+1"],"special_seed":0,"relics":["Ring of the Snake","Girya","Happy Flower","Anchor","Tiny House","Toxic Egg 2"],"potions_floor_usage":[21,24],"damage_taken":[{"damage":2.0,"enemies":"Small Slimes","floor":1.0,"turns":4.0},{"damage":2.0,"enemies":"Jaw Worm","floor":2.0,"turns":5.0},{"damage":1.0,"enemies":"2 Louse","floor":3.0,"turns":3.0},{"damage":1.0,"enemies":"Looter","floor":4.0,"turns":4.0},{"damage":2.0,"enemies":"2 Fungi Beasts","floor":5.0,"turns":4.0},{"damage":8.0,"enemies":"Large Slime","floor":7.0,"turns":6.0},{"damage":6.0,"enemies":"Exordium Wildlife","floor":12.0,"turns":4.0},{"damage":13.0,"enemies":"The Guardian","floor":16.0,"turns":9.0},{"damage":4.0,"enemies":"Shell Parasite","floor":18.0,"turns":8.0},{"damage":21.0,"enemies":"Chosen","floor":19.0,"turns":8.0},{"damage":1,"enemies":"Centurion and Healer","floor":21,"turns":8},{"damage":24,"enemies":"Chosen and Byrds","floor":24,"turns":11},{"damage":25,"enemies":"Shelled Parasite and Fungi","floor":27,"turns":8},{"damage":13,"enemies":"Snecko","floor":28,"turns":2}],"seed_played":"4208860283840888164","potions_obtained":[{"floor":3.0,"key":"FearPotion"},{"floor":4.0,"key":"Block Potion"},{"floor":12.0,"key":"SteroidPotion"},{"floor":16.0,"key":"GhostInAJar"},{"floor":18.0,"key":"SpeedPotion"},{"floor":21,"key":"SkillPotion"}],"is_trial":false,"path_per_floor":["M","M","M","M","M","R","M","?","T","R","T","M","R","$","R","B",null,"M","M","?","M","?","R","M","R","T","M","M"],"character_chosen":"THE_SILENT","items_purchased":["Purity"],"campfire_rested":1,"item_purchase_floors":[14],"current_hp_per_floor":[57,55,54,53,51,51,43,36,36,36,36,30,30,30,30,17,54,50,29,42,41,41,41,17,36,36,11,0],"gold":171,"neow_bonus":"ONE_RARE_RELIC","is_prod":false,"is_daily":false,"chose_seed":false,"campfire_upgraded":5,"win_rate":0,"timestamp":1552314459,"path_taken":["M","M","M","M","M","R","M","?","T","R","?","M","R","$","R","BOSS","M","M","?","M","?","R","M","R","T","M","M"],"build_version":"2019-01-23","purchased_purges":1,"victory":false,"max_hp_per_floor":[60,60,60,60,60,60,60,60,60,60,60,60,60,60,60,60,65,65,65,65,65,65,65,65,65,65,65,65],"card_choices":[{"not_picked":["Backflip","Skewer"],"picked":"Infinite Blades","floor":1.0},{"not_picked":["Deflect","Backflip"],"picked":"Deadly Poison","floor":2.0},{"not_picked":["Heel Hook","Terror","Expertise"],"picked":"SKIP","floor":3.0},{"not_picked":["Expertise","Riddle With Holes"],"picked":"Concentrate","floor":4.0},{"not_picked":["Dagger Throw","Flying Knee","Dodge and Roll"],"picked":"SKIP","floor":5.0},{"not_picked":["Underhanded Strike","Poisoned Stab"],"picked":"Calculated Gamble","floor":7.0},{"not_picked":["Deflect","Caltrops"],"picked":"Backflip","floor":12.0},{"not_picked":["Venomology","Doppelganger"],"picked":"Wraith Form v2","floor":16.0},{"not_picked":["Dodge and Roll","Concentrate"],"picked":"Footwork","floor":17.0},{"not_picked":["Poisoned Stab","Outmaneuver","Crippling Poison"],"picked":"SKIP","floor":18.0},{"not_picked":["Bane","Dagger Spray","Concentrate"],"picked":"SKIP","floor":19.0},{"not_picked":["Deflect","Outmaneuver+1"],"picked":"PiercingWail+1","floor":21},{"not_picked":["Heel Hook","A Thousand Cuts","Setup"],"picked":"SKIP","floor":24},{"not_picked":["Sucker Punch","Dodge and Roll+1"],"picked":"Calculated Gamble+1","floor":27}],"player_experience":3500907,"relics_obtained":[{"floor":9.0,"key":"Happy Flower"},{"floor":11.0,"key":"Anchor"},{"floor":26,"key":"Toxic Egg 2"}],"event_choices":[{"cards_removed":["Strike_G"],"damage_healed":0.0,"max_hp_gain":0.0,"max_hp_loss":0.0,"gold_gain":0.0,"event_name":"Golden Wing","player_choice":"Card Removal","floor":8.0,"gold_loss":0.0,"damage_taken":7.0},{"damage_healed":13,"gold_gain":0,"player_choice":"Heal","damage_taken":0,"max_hp_gain":0,"max_hp_loss":0,"event_name":"The Library","floor":20,"gold_loss":0},{"cards_removed":["Strike_G"],"damage_healed":0,"gold_gain":0,"player_choice":"Gave Gold","damage_taken":0,"max_hp_gain":0,"max_hp_loss":0,"event_name":"Beggar","floor":22,"gold_loss":75}],"is_beta":false,"boss_relics":[{"not_picked":["WristBlade","Cursed Key"],"picked":"Tiny House"}],"items_purged_floors":[14],"is_endless":false,"potions_floor_spawned":[3,4,12,16,18,21],"killed_by":"Snecko","ascension_level":20}