{"gold_per_floor":[117,130,150,150,162,162,178,178,205,235,235,247,247,263,263,362,362,372,372,387,399,410,444,444,456,486,258,357,357,272,197,197,294,294,312,312,312,323,340,340,356,376,376,376,387,387,387,422,422,422],"floor_reached":51,"playtime":1193,"items_purged":["Strike_R"],"score":776,"play_id":"6c65d0af-df72-4ee1-a7b1-c70f5bf3ec16","local_time":"20190806200401","is_ascension_mode":false,"campfire_choices":[{"data":"Whirlwind","floor":6.0,"key":"SMITH"},{"data":"Inflame","floor":8.0,"key":"SMITH"},{"data":"Battle Trance","floor":11.0,"key":"SMITH"},{"data":"Second Wind","floor":13.0,"key":"SMITH"},{"data":"Evolve","floor":15.0,"key":"SMITH"},{"data":"Bloodletting","floor":24.0,"key":"SMITH"},{"data":"Offering","floor":29.0,"key":"SMITH"},{"data":"Seeing Red","floor":32.0,"key":"SMITH"},{"data":"Limit Break","floor":40,"key":"SMITH"},{"floor":44,"key":"REST"},{"floor":47,"key":"REST"},{"floor":49,"key":"REST"}],"neow_cost":"NONE","seed_source_timestamp":3202670356267,"circlet_count":0,"master_deck":["Strike_R","Defend_R","Defend_R","Defend_R","Defend_R","Battle Trance+1","Whirlwind+1","Evolve+1","Inflame+1","Second Wind+1","Offering+1","Seeing Red+1","Bloodletting+1","Inflame+1","Double Tap","Limit Break+1","Flex","Disarm+1","Seeing Red+1","Battle Trance+1"],"special_seed":0,"relics":["Burning Blood","Lantern","Potion Belt","Sozu","Omamori","Tiny Chest","Dodecahedron","Cursed Key","Shovel","Meat on the Bone"],"potions_floor_usage":[50],"damage_taken":[{"damage":6.0,"enemies":"Jaw Worm","floor":1.0,"turns":4.0},{"damage":7.0,"enemies":"Small Slimes","floor":2.0,"turns":5.0},{"damage":0.0,"enemies":"2 Louse","floor":3.0,"turns":1.0},{"damage":0.0,"enemies":"Large Slime","floor":5.0,"turns":5.0},{"damage":0.0,"enemies":"3 Louse","floor":7.0,"turns":1.0},{"damage":20.0,"enemies":"Gremlin Nob","floor":10.0,"turns":4.0},{"damage":6.0,"enemies":"Blue Slaver","floor":12.0,"turns":4.0},{"damage":0.0,"enemies":"Looter","floor":14.0,"turns":4.0},{"damage":0.0,"enemies":"Slime Boss","floor":16.0,"turns":6.0},{"damage":6.0,"enemies":"2 Thieves","floor":18.0,"turns":1.0},{"damage":6.0,"enemies":"Shell Parasite","floor":20.0,"turns":2.0},{"damage":13.0,"enemies":"Centurion and Healer","floor":21.0,"turns":3.0},{"damage":7.0,"enemies":"Snecko","floor":22.0,"turns":3.0},{"damage":34.0,"enemies":"Book of Stabbing","floor":23.0,"turns":5.0},{"damage":6.0,"enemies":"3 Cultists","floor":25.0,"turns":2.0},{"damage":30.0,"enemies":"Champ","floor":33.0,"turns":3.0},{"damage":19,"enemies":"Orb Walker","floor":35,"turns":4},{"damage":28,"enemies":"3 Shapes","floor":38,"turns":2},{"damage":6,"enemies":"Jaw Worm Horde","floor":39,"turns":1},{"damage":15,"enemies":"Transient","floor":41,"turns":5},{"damage":30,"enemies":"Spire Growth","floor":42,"turns":4},{"damage":26,"enemies":"4 Shapes","floor":45,"turns":3},{"damage":1,"enemies":"Reptomancer","floor":48,"turns":3},{"damage":24,"enemies":"Time Eater","floor":50,"turns":4}],"seed_played":"2352011864604748119","potions_obtained":[{"floor":3.0,"key":"Ancient Potion"},{"floor":5.0,"key":"EssenceOfSteel"},{"floor":10.0,"key":"Dexterity Potion"}],"is_trial":false,"path_per_floor":["M","M","M","?","M","R","M","R","T","E","R","M","R","M","R","B",null,"M","?","M","M","M","E","R","M","T","$","?","R","?","?","R","B",null,"M","?","?","M","M","R","M","M","T","R","M","?","R","E","R","B",null],"character_chosen":"IRONCLAD","items_purchased":["Double Tap"],"campfire_rested":3,"item_purchase_floors":[27],"current_hp_per_floor":[80,79,80,80,80,80,80,80,80,66,66,66,66,72,72,78,80,80,80,80,73,72,44,44,44,44,44,44,44,44,44,44,20,80,67,80,80,58,58,58,49,25,25,49,29,29,53,58,80,62],"gold":422,"neow_bonus":"REMOVE_CARD","is_prod":false,"is_daily":false,"chose_seed":false,"campfire_upgraded":9,"win_rate":0,"timestamp":1565093041,"path_taken":["M","M","M","?","M","R","M","R","T","E","R","M","R","M","R","BOSS","M","?","M","M","M","E","R","M","T","$","?","R","?","?","R","BOSS","M","?","?","M","M","R","M","M","T","R","M","?","R","E","R","BOSS"],"build_version":"2019-07-17","purchased_purges":1,"victory":true,"max_hp_per_floor":[80,80,80,80,80,80,80,80,80,80,80,80,80,80,80,80,80,80,80,80,80,80,80,80,80,80,80,80,80,80,80,80,80,80,80,80,80,80,80,80,80,80,80,80,80,80,80,80,80,80],"card_choices":[{"not_picked":["Havoc","Rupture"],"picked":"Battle Trance","floor":1.0},{"not_picked":["Battle Trance","Rupture"],"picked":"Whirlwind","floor":2.0},{"not_picked":["Sword Boomerang","Pommel Strike","Clash"],"picked":"SKIP","floor":3.0},{"not_picked":["Metallicize","Wild Strike"],"picked":"Evolve","floor":5.0},{"not_picked":["Sword Boomerang","Shrug It Off"],"picked":"Inflame","floor":7.0},{"not_picked":["Iron Wave","Twin Strike","Warcry"],"picked":"SKIP","floor":10.0},{"not_picked":["Sword Boomerang","Spot Weakness"],"picked":"Second Wind","floor":12.0},{"not_picked":["Cleave","Havoc","Sever Soul"],"picked":"SKIP","floor":14.0},{"not_picked":["Juggernaut","Dark Embrace"],"picked":"Offering","floor":16.0},{"not_picked":["Infernal Blade+1","Battle Trance","Heavy Blade"],"picked":"SKIP","floor":18.0},{"not_picked":["Clothesline","Ghostly Armor+1","Disarm"],"picked":"SKIP","floor":20.0},{"not_picked":["Ghostly Armor","Shrug It Off"],"picked":"Seeing Red","floor":21.0},{"not_picked":["Wild Strike","Pommel Strike"],"picked":"Bloodletting","floor":22.0},{"not_picked":["Second Wind","Metallicize"],"picked":"Inflame+1","floor":23.0},{"not_picked":["Anger","Pommel Strike","Perfected Strike"],"picked":"SKIP","floor":25.0},{"not_picked":["Feed","Demon Form"],"picked":"Limit Break","floor":33.0},{"not_picked":["Blood for Blood+1","Sword Boomerang+1","Clothesline"],"picked":"SKIP","floor":35},{"not_picked":["Spot Weakness","Wild Strike"],"picked":"Flex","floor":38},{"not_picked":["Hemokinesis+1","Clothesline"],"picked":"Disarm+1","floor":39},{"not_picked":["Exhume","Cleave+1"],"picked":"Seeing Red+1","floor":41},{"not_picked":["Wild Strike+1","Cleave+1","Heavy Blade"],"picked":"SKIP","floor":42},{"not_picked":["Dropkick+1","Pommel Strike"],"picked":"Battle Trance+1","floor":45},{"not_picked":["Searing Blow","Perfected Strike","Intimidate"],"picked":"SKIP","floor":48}],"player_experience":5873121,"relics_obtained":[{"floor":9.0,"key":"Lantern"},{"floor":10.0,"key":"Potion Belt"},{"floor":23.0,"key":"Omamori"},{"floor":26.0,"key":"Tiny Chest"},{"floor":43,"key":"Shovel"},{"floor":48,"key":"Meat on the Bone"}],"event_choices":[{"damage_healed":0.0,"max_hp_gain":0.0,"max_hp_loss":0.0,"gold_gain":0.0,"event_name":"Liars Game","player_choice":"Ignored","floor":4.0,"gold_loss":0.0,"damage_taken":0.0},{"cards_removed":["Strike_R"],"damage_healed":0.0,"max_hp_gain":0.0,"max_hp_loss":0.0,"gold_gain":0.0,"event_name":"Back to Basics","player_choice":"Elegance","floor":19.0,"gold_loss":0.0,"damage_taken":0.0},{"damage_healed":0.0,"max_hp_gain":0.0,"max_hp_loss":0.0,"gold_gain":99.0,"event_name":"Nest","player_choice":"Stole From Cult","floor":28.0,"gold_loss":0.0,"damage_taken":0.0},{"damage_healed":0.0,"max_hp_gain":0.0,"max_hp_loss":0.0,"gold_gain":0.0,"event_name":"Addict","player_choice":"Obtained Relic","floor":30.0,"gold_loss":85.0,"damage_taken":0.0,"relics_obtained":["Dodecahedron"]},{"cards_removed":["Strike_R"],"damage_healed":0.0,"max_hp_gain":0.0,"max_hp_loss":0.0,"gold_gain":0.0,"event_name":"Beggar","player_choice":"Gave Gold","floor":31.0,"gold_loss":75.0,"damage_taken":0.0},{"damage_healed":20,"gold_gain":0,"player_choice":"Writhe","damage_taken":0,"max_hp_gain":0,"max_hp_loss":0,"event_name":"Winding Halls","floor":36,"gold_loss":0,"cards_obtained":["Writhe"]},{"damage_healed":0,"gold_gain":0,"player_choice":"Ignored","damage_taken":0,"max_hp_gain":0,"max_hp_loss":0,"event_name":"Mysterious Sphere","floor":37,"gold_loss":0},{"cards_removed":["Bash"],"damage_healed":0,"gold_gain":0,"player_choice":"Purged","damage_taken":0,"max_hp_gain":0,"max_hp_loss":0,"event_name":"Purifier","floor":46,"gold_loss":0}],"is_beta":false,"boss_relics":[{"not_picked":["Calling Bell","Black Blood"],"picked":"Sozu"},{"not_picked":["White Beast Statue","Mark of Pain"],"picked":"Cursed Key"}],"items_purged_floors":[27],"is_endless":false,"potions_floor_spawned":[3,5,10,22,23,33,38,41,48],"ascension_level":0}