{"gold_per_floor":[113,113,113,213,224,224,253,268,268,268],"floor_reached":10,"playtime":339,"items_purged":[],"score":83,"play_id":"59dca848-e8fe-42fd-93f5-fb793b994a78","local_time":"20180920152426","is_ascension_mode":true,"campfire_choices":[{"data":"Barricade","floor":6.0,"key":"SMITH"}],"neow_cost":"TEN_PERCENT_HP_LOSS","seed_source_timestamp":9571202635536,"circlet_count":0,"master_deck":["Strike_R","Strike_R","Strike_R+1","Strike_R","Strike_R","Defend_R","Defend_R+1","Defend_R","Defend_R","Bash","Barricade+1","Madness","Warcry","Flame Barrier","True Grit"],"special_seed":0,"relics":["Burning Blood","Shovel","Smiling Mask","Pear"],"potions_floor_usage":[10],"damage_taken":[{"damage":12.0,"enemies":"Small Slimes","floor":1.0,"turns":3.0},{"damage":5.0,"enemies":"Cultist","floor":5.0,"turns":5.0},{"damage":40.0,"enemies":"Gremlin Nob","floor":7.0,"turns":5.0},{"damage":4.0,"enemies":"Jaw Worm","floor":8.0,"turns":5.0},{"damage":28,"enemies":"3 Sentries","floor":10,"turns":10}],"seed_played":"3597077228785904932","potions_obtained":[{"floor":5.0,"key":"SneckoOil"}],"is_trial":false,"path_per_floor":["M","?","?","?","M","R","E","M","T"],"character_chosen":"IRONCLAD","items_purchased":[],"campfire_rested":0,"item_purchase_floors":[],"current_hp_per_floor":[66,66,52,52,53,53,19,21,31,3],"gold":268,"neow_bonus":"ONE_RARE_RELIC","is_prod":false,"is_daily":false,"chose_seed":false,"campfire_upgraded":1,"win_rate":0,"timestamp":1537428266,"path_taken":["M","?","?","?","M","R","E","M","T","E"],"build_version":"2018-09-06","purchased_purges":0,"victory":false,"max_hp_per_floor":[72,72,72,72,72,72,72,72,82,82],"card_choices":[{"not_picked":["Warcry","Twin Strike","Headbutt"],"picked":"SKIP","floor":1.0},{"not_picked":["Wild Strike","Cleave"],"picked":"Warcry","floor":5.0},{"not_picked":["Wild Strike","Carnage"],"picked":"Flame Barrier","floor":7.0},{"not_picked":["Clash","Perfected Strike"],"picked":"True Grit","floor":8.0}],"player_experience":42221,"relics_obtained":[{"floor":7.0,"key":"Smiling Mask"},{"floor":9.0,"key":"Pear"}],"event_choices":[{"event_name":"Match and Keep!","player_choice":"2 cards matched","floor":2.0,"damage_taken":0.0},{"event_name":"Shining Light","player_choice":"Entered Light","floor":3.0,"damage_taken":0.0},{"event_name":"Wheel of Change","player_choice":"Gold","floor":4.0,"damage_taken":0.0}],"is_beta":false,"boss_relics":[],"items_purged_floors":[],"is_endless":false,"potions_floor_spawned":[5],"killed_by":"3 Sentries","ascension_level":5}