{"gold_per_floor":[111,111,126,51,68,68,100,100,125,156,156,81,92,92,92,171,171,184,184,6,17,17,17,46,46,46,46],"floor_reached":27,"playtime":929,"items_purged":["Bash"],"score":474,"play_id":"e60ca4c1-02a9-4e56-9de3-974c1cda89cb","local_time":"20190524165634","is_ascension_mode":true,"campfire_choices":[{"data":"Inflame","floor":6.0,"key":"SMITH"},{"data":"Limit Break","floor":8.0,"key":"SMITH"},{"data":"Rampage","floor":11.0,"key":"SMITH"},{"data":"Sword Boomerang","floor":15.0,"key":"SMITH"},{"data":"True Grit","floor":23.0,"key":"SMITH"},{"floor":25.0,"key":"REST"}],"neow_cost":"CURSE","seed_source_timestamp":20923032593912,"circlet_count":0,"master_deck":["AscendersBane","Strike_R","Strike_R","Strike_R","Strike_R","Strike_R","Defend_R","Defend_R","Defend_R","Defend_R","Limit Break+1","Rampage+1","Inflame+1","Feel No Pain","Sword Boomerang+1","Feed","True Grit+1","Reaper","Warcry+1","Spot Weakness+1"],"special_seed":0,"relics":["Black Blood","Omamori","Art of War","Vajra","Matryoshka","Mango","Pen Nib","Juzu Bracelet","Shuriken"],"potions_floor_usage":[27],"damage_taken":[{"damage":2.0,"enemies":"2 Louse","floor":1.0,"turns":3.0},{"damage":1.0,"enemies":"Small Slimes","floor":3.0,"turns":4.0},{"damage":9.0,"enemies":"Jaw Worm","floor":5.0,"turns":4.0},{"damage":20.0,"enemies":"Lagavulin","floor":7.0,"turns":7.0},{"damage":32.0,"enemies":"Gremlin Nob","floor":10.0,"turns":4.0},{"damage":17.0,"enemies":"Gremlin Gang","floor":13.0,"turns":6.0},{"damage":27.0,"enemies":"Slime Boss","floor":16.0,"turns":8.0},{"damage":44.0,"enemies":"Shell Parasite","floor":18.0,"turns":6.0},{"damage":8.0,"enemies":"Chosen","floor":21.0,"turns":6.0},{"damage":85.0,"enemies":"Slavers","floor":24.0,"turns":7.0},{"damage":53,"enemies":"3 Cultists","floor":27,"turns":4}],"seed_played":"-8478608739807102131","potions_obtained":[{"floor":3.0,"key":"LiquidBronze"},{"floor":5.0,"key":"SkillPotion"},{"floor":7.0,"key":"GamblersBrew"},{"floor":13.0,"key":"Regen Potion"},{"floor":21.0,"key":"SteroidPotion"},{"floor":24.0,"key":"Dexterity Potion"}],"is_trial":false,"path_per_floor":["M","?","M","?","M","R","E","R","T","E","R","$","M","T","R","B",null,"M","?","$","M","?","R","E","R","T","M"],"character_chosen":"IRONCLAD","items_purchased":["Reaper"],"campfire_rested":1,"item_purchase_floors":[20],"current_hp_per_floor":[72,72,75,75,72,72,58,58,58,32,32,32,21,21,21,15,60,26,40,40,51,51,51,12,38,38,0],"gold":46,"neow_bonus":"THREE_RARE_CARDS","is_prod":false,"is_daily":false,"chose_seed":false,"campfire_upgraded":5,"win_rate":0,"timestamp":1558688194,"path_taken":["M","?","M","?","M","R","E","R","T","E","R","?","?","?","R","BOSS","M","?","$","M","?","R","E","R","T","M"],"build_version":"2019-01-23","purchased_purges":1,"victory":false,"max_hp_per_floor":[75,75,75,75,75,75,75,75,75,75,75,75,75,75,75,75,75,75,89,89,89,89,89,89,89,89,92],"card_choices":[{"not_picked":["Feed","Barricade"],"picked":"Limit Break","floor":0.0},{"not_picked":["Havoc","Rupture"],"picked":"Rampage","floor":1.0},{"not_picked":["Sword Boomerang","Anger"],"picked":"Inflame","floor":3.0},{"not_picked":["Reckless Charge","Body Slam","Rampage"],"picked":"SKIP","floor":5.0},{"not_picked":["Dropkick","Clash","Body Slam"],"picked":"SKIP","floor":7.0},{"not_picked":["Thunderclap","Pummel"],"picked":"Feel No Pain","floor":10.0},{"not_picked":["Pommel Strike","Anger"],"picked":"Sword Boomerang","floor":13.0},{"not_picked":["Dark Embrace","Juggernaut"],"picked":"Feed","floor":16.0},{"not_picked":["Twin Strike","Warcry"],"picked":"True Grit","floor":18.0},{"not_picked":["Reckless Charge","Cleave"],"picked":"Warcry+1","floor":21.0},{"not_picked":["Twin Strike","Cleave"],"picked":"Spot Weakness+1","floor":24.0}],"player_experience":4823779,"relics_obtained":[{"floor":7.0,"key":"Omamori"},{"floor":9.0,"key":"Art of War"},{"floor":10.0,"key":"Vajra"},{"floor":14.0,"key":"Matryoshka"},{"floor":24.0,"key":"Pen Nib"},{"floor":26.0,"key":"Juzu Bracelet"},{"floor":26.0,"key":"Shuriken"}],"event_choices":[{"damage_healed":0.0,"max_hp_gain":0.0,"max_hp_loss":0.0,"gold_gain":0.0,"event_name":"Liars Game","player_choice":"Ignored","floor":2.0,"gold_loss":0.0,"damage_taken":0.0},{"cards_removed":["Normality"],"damage_healed":0.0,"max_hp_gain":0.0,"max_hp_loss":0.0,"gold_gain":0.0,"event_name":"The Cleric","player_choice":"Card Removal","floor":4.0,"gold_loss":75.0,"damage_taken":0.0},{"damage_healed":0.0,"max_hp_gain":0.0,"max_hp_loss":0.0,"gold_gain":0.0,"event_name":"The Mausoleum","player_choice":"Opened","floor":19.0,"gold_loss":0.0,"damage_taken":0.0,"relics_obtained":["Mango"],"cards_obtained":["Writhe"]},{"damage_healed":0.0,"max_hp_gain":0.0,"max_hp_loss":0.0,"gold_gain":0.0,"event_name":"Beggar","player_choice":"Ignored","floor":22.0,"gold_loss":0.0,"damage_taken":0.0}],"is_beta":false,"boss_relics":[{"not_picked":["Tiny House","Eternal Feather"],"picked":"Black Blood"}],"items_purged_floors":[12],"is_endless":false,"potions_floor_spawned":[3,5,7,13,21,24],"killed_by":"3 Cultists","ascension_level":20}