{"gold_per_floor":[214,6,6,20,20,35,74,15,15,15,15,51,51,72,72,165,165,180,204,10,26,44,44,44,44,71,71,71,71,196,217,217,313,313,336,211,235,235,11,11,49,49,49,84,142,142,156,179,179,179,179,179,179,4,39,39],"floor_reached":57,"playtime":3097,"items_purged":["Strike_G","Strike_G","Strike_G","Strike_G","Defend_G"],"score":3007,"play_id":"37aae669-f911-4990-981d-0ca3687880f7","local_time":"20190220150306","is_ascension_mode":true,"campfire_choices":[{"data":"Predator","floor":11.0,"key":"SMITH"},{"floor":13.0,"key":"REST"},{"data":"Well Laid Plans","floor":15.0,"key":"SMITH"},{"data":"Neutralize","floor":23.0,"key":"SMITH"},{"data":"Terror","floor":28.0,"key":"SMITH"},{"floor":32.0,"key":"RECALL"},{"data":"Survivor","floor":42.0,"key":"SMITH"},{"data":"Defend_G","floor":49.0,"key":"SMITH"},{"data":"Defend_G","floor":53.0,"key":"SMITH"}],"neow_cost":"NONE","seed_source_timestamp":9943435440072,"circlet_count":0,"master_deck":["AscendersBane","Defend_G+1","Defend_G+1","Defend_G","Defend_G","Survivor+1","Neutralize+1","Terror+1","Well Laid Plans+1","Deadly Poison+1","Calculated Gamble+1","Venomology+1","Burst+1","Catalyst+1","Impatience+1","Bouncing Flask+1","Setup+1","Prepared+1","Corpse Explosion+1","Escape Plan+1","PiercingWail+1","Footwork+1","Catalyst+1","Tactician+1","Acrobatics+1","Burst+1"],"special_seed":0,"relics":["Ring of the Snake","Tiny Chest","Golden Idol","Toxic Egg 2","Frozen Egg 2","Centennial Puzzle","Runic Pyramid","Mango","Molten Egg 2","Lizard Tail","Potion Belt","Pear","Bronze Scales","Nunchaku","Omamori","Shuriken"],"potions_floor_usage":[56,56,56],"damage_taken":[{"damage":1.0,"enemies":"Small Slimes","floor":1.0,"turns":4.0},{"damage":2.0,"enemies":"Jaw Worm","floor":4.0,"turns":6.0},{"damage":0.0,"enemies":"2 Louse","floor":6.0,"turns":4.0},{"damage":32.0,"enemies":"Gremlin Nob","floor":7.0,"turns":4.0},{"damage":7.0,"enemies":"Lagavulin","floor":12.0,"turns":6.0},{"damage":0.0,"enemies":"Blue Slaver","floor":14.0,"turns":4.0},{"damage":0.0,"enemies":"The Guardian","floor":16.0,"turns":10.0},{"damage":0.0,"enemies":"Chosen","floor":18.0,"turns":5.0},{"damage":1.0,"enemies":"3 Byrds","floor":19.0,"turns":5.0},{"damage":2.0,"enemies":"Snecko","floor":21.0,"turns":4.0},{"damage":4.0,"enemies":"Cultist and Chosen","floor":22.0,"turns":5.0},{"damage":6.0,"enemies":"Colosseum Slavers","floor":30.0,"turns":3.0},{"damage":4.0,"enemies":"Colosseum Nobs","floor":30.0,"turns":6.0},{"damage":10.0,"enemies":"3 Cultists","floor":31.0,"turns":6.0},{"damage":0.0,"enemies":"Champ","floor":33.0,"turns":5.0},{"damage":0.0,"enemies":"3 Darklings","floor":35.0,"turns":2.0},{"damage":0.0,"enemies":"Orb Walker","floor":37.0,"turns":3.0},{"damage":1.0,"enemies":"Nemesis","floor":41.0,"turns":3.0},{"damage":3.0,"enemies":"Giant Head","floor":44.0,"turns":4.0},{"damage":4.0,"enemies":"2 Orb Walkers","floor":45.0,"turns":2.0},{"damage":3.0,"enemies":"3 Darklings","floor":47.0,"turns":2.0},{"damage":0.0,"enemies":"Spire Growth","floor":48.0,"turns":2.0},{"damage":0.0,"enemies":"Time Eater","floor":50.0,"turns":4.0},{"damage":2.0,"enemies":"Donu and Deca","floor":51.0,"turns":3.0},{"damage":12.0,"enemies":"Shield and Spear","floor":55.0,"turns":7.0},{"damage":15,"enemies":"The Heart","floor":56,"turns":5}],"seed_played":"-7206815531572158470","potions_obtained":[{"floor":1.0,"key":"Explosive Potion"},{"floor":6.0,"key":"PowerPotion"},{"floor":16.0,"key":"PowerPotion"},{"floor":19.0,"key":"Explosive Potion"},{"floor":30.0,"key":"Poison Potion"},{"floor":35.0,"key":"Explosive Potion"},{"floor":41.0,"key":"Strength Potion"}],"is_trial":false,"path_per_floor":["M","$","?","M","?","M","E","$","T","?","R","E","R","M","R","B",null,"M","M","$","M","M","R","$","?","T","?","R","$","?","M","R","B",null,"M","$","M","?","$","?","E","R","T","E","?","T","M","M","R","B","B",null,"R","$","E","B",null],"character_chosen":"THE_SILENT","items_purchased":["Tiny Chest","Deadly Poison+1","Impatience+1","Footwork+1"],"campfire_rested":1,"item_purchase_floors":[2,8,20,39],"current_hp_per_floor":[58,58,58,56,56,56,24,24,24,24,24,17,35,35,35,35,54,54,53,53,51,47,47,47,47,47,47,47,47,51,41,41,41,66,66,66,66,66,66,66,65,65,75,72,68,68,65,65,65,65,63,76,76,76,64,49],"gold":39,"neow_bonus":"HUNDRED_GOLD","is_prod":false,"is_daily":false,"chose_seed":false,"campfire_upgraded":7,"win_rate":0,"timestamp":1550646186,"path_taken":["M","$","?","M","?","M","E","$","T","?","R","E","R","M","R","BOSS","M","M","$","M","M","R","$","?","T","?","R","?","?","?","R","BOSS","M","$","M","?","$","?","E","R","T","E","?","?","M","M","R","BOSS","BOSS","R","$","E","BOSS"],"build_version":"2019-01-23","purchased_purges":5,"victory":true,"max_hp_per_floor":[66,66,66,66,60,60,60,60,60,60,60,60,60,60,60,60,60,60,60,60,60,60,60,60,60,60,60,60,60,74,74,74,74,74,74,74,74,74,74,70,70,70,80,80,80,80,80,80,80,80,80,80,80,80,80,80],"card_choices":[{"not_picked":["Expertise","Dodge and Roll"],"picked":"Terror","floor":1.0},{"not_picked":["Deflect","Underhanded Strike","Outmaneuver"],"picked":"SKIP","floor":4.0},{"not_picked":["Deflect","Finisher"],"picked":"Predator","floor":6.0},{"not_picked":["Backstab","Expertise"],"picked":"Well Laid Plans","floor":7.0},{"not_picked":["Deflect+1","Riddle With Holes","Infinite Blades+1"],"picked":"SKIP","floor":12.0},{"not_picked":["Dagger Throw","Outmaneuver+1"],"picked":"Venomology+1","floor":14.0},{"not_picked":["Glass Knife","Night Terror+1"],"picked":"Burst+1","floor":16.0},{"not_picked":["Poisoned Stab","Underhanded Strike"],"picked":"Catalyst+1","floor":18.0},{"not_picked":["Bane","Cloak And Dagger+1","Terror+1"],"picked":"SKIP","floor":19.0},{"not_picked":["Distraction+1","Outmaneuver+1"],"picked":"Bouncing Flask+1","floor":21.0},{"not_picked":["Setup+1","Poisoned Stab","Outmaneuver+1"],"picked":"SKIP","floor":22.0},{"not_picked":["Poisoned Stab","Outmaneuver+1"],"picked":"Setup+1","floor":22.0},{"not_picked":["Dagger Throw","Acrobatics+1"],"picked":"Prepared+1","floor":30.0},{"not_picked":["Doppelganger+1","Finisher+1","Dodge and Roll+1"],"picked":"SKIP","floor":31.0},{"not_picked":["Storm of Steel+1","A Thousand Cuts+1"],"picked":"Corpse Explosion+1","floor":33.0},{"not_picked":["Outmaneuver+1","Dash+1"],"picked":"Escape Plan+1","floor":35.0},{"not_picked":["Slice+1","Dagger Spray+1"],"picked":"PiercingWail+1","floor":37.0},{"not_picked":["All Out Attack+1","Infinite Blades+1","A Thousand Cuts+1"],"picked":"SKIP","floor":41.0},{"not_picked":["Eviscerate+1","Finisher+1"],"picked":"Catalyst+1","floor":44.0},{"not_picked":["Caltrops+1","Bouncing Flask+1"],"picked":"Tactician+1","floor":45.0},{"not_picked":["Dodge and Roll+1","Bane+1","Quick Slash+1"],"picked":"SKIP","floor":47.0},{"not_picked":["Blur+1","All Out Attack+1"],"picked":"Acrobatics+1","floor":48.0},{"not_picked":["Bouncing Flask+1","Acrobatics+1"],"picked":"Burst+1","floor":55.0}],"player_experience":2987363,"relics_obtained":[{"floor":7.0,"key":"Toxic Egg 2"},{"floor":9.0,"key":"Frozen Egg 2"},{"floor":12.0,"key":"Centennial Puzzle"},{"floor":30.0,"key":"Mango"},{"floor":30.0,"key":"Molten Egg 2"},{"floor":41.0,"key":"Potion Belt"},{"floor":43.0,"key":"Pear"},{"floor":44.0,"key":"Bronze Scales"},{"floor":45.0,"key":"Nunchaku"},{"floor":46.0,"key":"Omamori"},{"floor":55.0,"key":"Shuriken"}],"event_choices":[{"damage_healed":0.0,"max_hp_gain":0.0,"max_hp_loss":0.0,"gold_gain":0.0,"event_name":"Liars Game","player_choice":"Ignored","floor":3.0,"gold_loss":0.0,"damage_taken":0.0},{"damage_healed":0.0,"max_hp_gain":0.0,"max_hp_loss":6.0,"gold_gain":0.0,"event_name":"Golden Idol","player_choice":"Lose Max HP","floor":5.0,"gold_loss":0.0,"damage_taken":0.0,"relics_obtained":["Golden Idol"]},{"damage_healed":0.0,"max_hp_gain":0.0,"max_hp_loss":0.0,"gold_gain":0.0,"cards_transformed":["Strike_G"],"event_name":"Living Wall","player_choice":"Change","floor":10.0,"gold_loss":0.0,"damage_taken":0.0,"cards_obtained":["Calculated Gamble"]},{"damage_healed":0.0,"max_hp_gain":0.0,"max_hp_loss":0.0,"gold_gain":0.0,"event_name":"Vampires","player_choice":"Ignored","floor":25.0,"gold_loss":0.0,"damage_taken":0.0},{"damage_healed":0.0,"max_hp_gain":0.0,"max_hp_loss":0.0,"gold_gain":0.0,"event_name":"Colosseum","player_choice":"Fight","floor":30.0,"gold_loss":0.0,"damage_taken":0.0},{"damage_healed":0.0,"max_hp_gain":0.0,"max_hp_loss":0.0,"gold_gain":0.0,"event_name":"Colosseum","player_choice":"Fought Nobs","floor":30.0,"gold_loss":0.0,"damage_taken":0.0},{"cards_removed":["Predator"],"damage_healed":0.0,"max_hp_gain":0.0,"max_hp_loss":0.0,"gold_gain":0.0,"event_name":"Falling","player_choice":"Removed Attack","floor":38.0,"gold_loss":0.0,"damage_taken":0.0},{"damage_healed":0.0,"max_hp_gain":0.0,"max_hp_loss":4.0,"gold_gain":0.0,"event_name":"Winding Halls","player_choice":"Max HP","floor":40.0,"gold_loss":0.0,"damage_taken":0.0},{"damage_healed":0.0,"max_hp_gain":0.0,"max_hp_loss":0.0,"gold_gain":0.0,"event_name":"Mysterious Sphere","player_choice":"Fight","floor":45.0,"gold_loss":0.0,"damage_taken":0.0}],"is_beta":false,"boss_relics":[{"not_picked":["Cursed Key","White Beast Statue"],"picked":"Runic Pyramid"},{"not_picked":["Snecko Eye","Ring of the Serpent"],"picked":"Lizard Tail"}],"items_purged_floors":[2,20,36,39,54],"is_endless":false,"potions_floor_spawned":[1,6,12,16,19,22,30,35,41,45],"ascension_level":20}