{"gold_per_floor":[119,131,131,142,142,142,167,167,214,246,246,246,280,75,75,147,147,159,133,168,179,229,229,247,247,247,272,290,325,325,337,337,414,414,429,429,447,462,462,462,479,514,514,276,276,301,89,311,311,311,311,311,311,18,51,51],"floor_reached":57,"playtime":3195,"items_purged":["Strike_B","Defend_B","Defend_B"],"score":2978,"play_id":"0f871784-55dc-4fd6-b726-f8e19a6aa3e9","local_time":"20190324171337","is_ascension_mode":true,"campfire_choices":[{"data":"Defragment","floor":6.0,"key":"SMITH"},{"data":"Zap","floor":8.0,"key":"SMITH"},{"data":"Loop","floor":11.0,"key":"SMITH"},{"data":"Streamline","floor":15.0,"key":"SMITH"},{"floor":23.0,"key":"REST"},{"floor":32.0,"key":"REST"},{"data":"Hologram","floor":40.0,"key":"SMITH"},{"data":"Blizzard","floor":45.0,"key":"SMITH"},{"floor":49.0,"key":"RECALL"},{"data":"Fusion","floor":53.0,"key":"SMITH"}],"neow_cost":"NONE","seed_source_timestamp":1889898286223072,"circlet_count":0,"master_deck":["AscendersBane","Defend_B","Zap+1","Dualcast+1","Defragment+1","Loop+1","Tempest+1","Skim","Skim","Glacier","Electrodynamics","Capacitor+1","Ball Lightning+1","Ball Lightning+1","Hologram+1","Conserve Battery","White Noise","Meteor Strike","Coolheaded","Compile Driver","Multi-Cast","Blizzard+1","Echo Form","Glacier","Dark Shackles","Fusion+1","Go for the Eyes+1","Fission","Coolheaded+1","Recycle","Apotheosis","Hologram","Beam Cell+1"],"special_seed":0,"relics":["Cracked Core","NeowsBlessing","Anchor","Art of War","Happy Flower","Juzu Bracelet","Astrolabe","Red Mask","Mercury Hourglass","Blood Vial","DataDisk","Runic Pyramid","Centennial Puzzle","Incense Burner","Blue Candle"],"potions_floor_usage":[],"damage_taken":[{"damage":0.0,"enemies":"Small Slimes","floor":1.0,"turns":1.0},{"damage":0.0,"enemies":"Jaw Worm","floor":2.0,"turns":1.0},{"damage":0.0,"enemies":"Cultist","floor":4.0,"turns":1.0},{"damage":30.0,"enemies":"Lagavulin","floor":7.0,"turns":6.0},{"damage":10.0,"enemies":"3 Sentries","floor":10.0,"turns":6.0},{"damage":8.0,"enemies":"Gremlin Nob","floor":13.0,"turns":3.0},{"damage":11.0,"enemies":"The Guardian","floor":16.0,"turns":9.0},{"damage":18.0,"enemies":"2 Thieves","floor":18.0,"turns":3.0},{"damage":0.0,"enemies":"Masked Bandits","floor":20.0,"turns":3.0},{"damage":17.0,"enemies":"Shell Parasite","floor":21.0,"turns":4.0},{"damage":2.0,"enemies":"Centurion and Healer","floor":24.0,"turns":4.0},{"damage":24.0,"enemies":"Book of Stabbing","floor":27.0,"turns":4.0},{"damage":0.0,"enemies":"Cultist and Chosen","floor":28.0,"turns":5.0},{"damage":31.0,"enemies":"Slavers","floor":29.0,"turns":3.0},{"damage":0.0,"enemies":"Snake Plant","floor":31.0,"turns":2.0},{"damage":0.0,"enemies":"Automaton","floor":33.0,"turns":6.0},{"damage":0.0,"enemies":"Orb Walker","floor":35.0,"turns":2.0},{"damage":0.0,"enemies":"3 Shapes","floor":37.0,"turns":3.0},{"damage":24.0,"enemies":"Writhing Mass","floor":38.0,"turns":4.0},{"damage":9.0,"enemies":"Sphere and 2 Shapes","floor":41.0,"turns":4.0},{"damage":11.0,"enemies":"Nemesis","floor":42.0,"turns":9.0},{"damage":17.0,"enemies":"Reptomancer","floor":46.0,"turns":4.0},{"damage":13.0,"enemies":"Donu and Deca","floor":50.0,"turns":10.0},{"damage":1.0,"enemies":"Awakened One","floor":51.0,"turns":12.0},{"damage":0.0,"enemies":"Shield and Spear","floor":55.0,"turns":12.0},{"damage":1,"enemies":"The Heart","floor":56,"turns":11}],"seed_played":"-4509546173924845856","potions_obtained":[{"floor":1.0,"key":"Regen Potion"},{"floor":2.0,"key":"Regen Potion"},{"floor":21.0,"key":"Ancient Potion"},{"floor":24.0,"key":"Regen Potion"},{"floor":29.0,"key":"Fire Potion"},{"floor":33.0,"key":"SpeedPotion"},{"floor":35.0,"key":"Swift Potion"},{"floor":38.0,"key":"FocusPotion"}],"is_trial":false,"path_per_floor":["M","M","?","M","?","R","E","R","T","E","R","?","E","$","R","B",null,"M","$","?","M","?","R","M","?","T","E","M","E","?","M","R","B",null,"M","?","M","M","?","R","M","E","T","$","R","E","$","?","R","B","B",null,"R","$","E","B",null],"character_chosen":"DEFECT","items_purchased":["Glacier","Energy Potion","Conserve Battery","Fission","SkillPotion","Recycle","Apotheosis","Hologram","Weak Potion"],"campfire_rested":2,"item_purchase_floors":[14,14,19,44,44,47,54,54,54],"current_hp_per_floor":[64,64,64,64,43,43,13,13,13,43,43,43,35,35,35,24,59,41,41,41,24,24,45,43,43,43,19,35,6,6,8,29,31,61,63,63,65,43,43,43,36,27,27,27,27,12,12,12,12,1,2,54,54,54,56,57],"gold":51,"neow_bonus":"THREE_ENEMY_KILL","is_prod":false,"is_daily":false,"chose_seed":false,"campfire_upgraded":7,"win_rate":0,"timestamp":1553418817,"path_taken":["M","M","?","M","?","R","E","R","T","E","R","?","E","$","R","BOSS","M","$","?","M","?","R","M","?","T","E","M","E","?","M","R","BOSS","M","?","M","M","?","R","M","E","T","$","R","E","$","?","R","BOSS","BOSS","R","$","E","BOSS"],"build_version":"2019-01-23","purchased_purges":3,"victory":true,"max_hp_per_floor":[71,71,71,71,71,71,71,71,71,71,71,71,71,71,71,71,71,71,71,71,71,71,71,71,71,71,71,71,71,71,71,71,71,71,71,71,71,71,71,71,71,71,71,71,71,71,71,71,71,71,71,71,71,71,71,71],"card_choices":[{"not_picked":["Steam","Sweeping Beam"],"picked":"Streamline","floor":1.0},{"not_picked":["Ball Lightning","Beam Cell"],"picked":"Defragment","floor":2.0},{"not_picked":["Redo","Loop"],"picked":"Tempest","floor":4.0},{"not_picked":["Gash","Force Field"],"picked":"Skim","floor":7.0},{"not_picked":["Machine Learning","Reprogram","Hello World"],"picked":"SKIP","floor":10.0},{"not_picked":["FTL","Conserve Battery"],"picked":"Skim","floor":13.0},{"not_picked":["Core Surge","Biased Cognition"],"picked":"Electrodynamics","floor":16.0},{"not_picked":["Stack","Sweeping Beam+1"],"picked":"Hologram","floor":18.0},{"not_picked":["Leap","Gash"],"picked":"White Noise","floor":20.0},{"not_picked":["Sweeping Beam","Go for the Eyes","Genetic Algorithm"],"picked":"SKIP","floor":21.0},{"not_picked":["Conserve Battery","Gash"],"picked":"Meteor Strike","floor":24.0},{"not_picked":["Doom and Gloom","Scrape+1","Stack"],"picked":"SKIP","floor":27.0},{"not_picked":["Rebound","Cold Snap"],"picked":"Coolheaded","floor":28.0},{"not_picked":["Barrage","Capacitor"],"picked":"Compile Driver","floor":29.0},{"not_picked":["Streamline+1","Stack","Barrage"],"picked":"SKIP","floor":31.0},{"not_picked":["Meteor Strike","Thunder Strike"],"picked":"Multi-Cast","floor":33.0},{"not_picked":["Auto Shields","Aggregate"],"picked":"Blizzard","floor":35.0},{"not_picked":["Sweeping Beam","Ball Lightning"],"picked":"Glacier","floor":37.0},{"not_picked":["Leap+1","Lockon","Capacitor+1"],"picked":"SKIP","floor":38.0},{"not_picked":["Transmutation","Bandage Up"],"picked":"Dark Shackles","floor":39.0},{"not_picked":["Coolheaded","Steam"],"picked":"Fusion","floor":41.0},{"not_picked":["Cold Snap","Streamline"],"picked":"Go for the Eyes+1","floor":42.0},{"not_picked":["Glacier","Reboot"],"picked":"Coolheaded+1","floor":46.0},{"not_picked":["Go for the Eyes","Static Discharge+1"],"picked":"Beam Cell+1","floor":55.0}],"player_experience":1253113,"relics_obtained":[{"floor":7.0,"key":"Anchor"},{"floor":9.0,"key":"Art of War"},{"floor":10.0,"key":"Happy Flower"},{"floor":13.0,"key":"Juzu Bracelet"},{"floor":20.0,"key":"Red Mask"},{"floor":26.0,"key":"Mercury Hourglass"},{"floor":27.0,"key":"Blood Vial"},{"floor":29.0,"key":"DataDisk"},{"floor":42.0,"key":"Centennial Puzzle"},{"floor":46.0,"key":"Incense Burner"},{"floor":55.0,"key":"Blue Candle"}],"event_choices":[{"damage_healed":0.0,"max_hp_gain":0.0,"max_hp_loss":0.0,"gold_gain":0.0,"cards_transformed":["Strike_B"],"event_name":"Living Wall","player_choice":"Change","floor":3.0,"gold_loss":0.0,"damage_taken":0.0,"cards_obtained":["Loop"]},{"damage_healed":0.0,"max_hp_gain":0.0,"max_hp_loss":0.0,"gold_gain":0.0,"event_name":"Shining Light","player_choice":"Entered Light","floor":5.0,"gold_loss":0.0,"damage_taken":21.0,"cards_upgraded":["Tempest","Strike_B"]},{"damage_healed":0.0,"max_hp_gain":0.0,"max_hp_loss":0.0,"gold_gain":0.0,"event_name":"WeMeetAgain","player_choice":"Ignored","floor":12.0,"gold_loss":0.0,"damage_taken":0.0},{"damage_healed":0.0,"max_hp_gain":0.0,"max_hp_loss":0.0,"gold_gain":0.0,"event_name":"Masked Bandits","player_choice":"Fought Bandits","floor":20.0,"gold_loss":0.0,"damage_taken":0.0},{"damage_healed":0.0,"max_hp_gain":0.0,"max_hp_loss":0.0,"gold_gain":50.0,"event_name":"Nest","player_choice":"Stole From Cult","floor":22.0,"gold_loss":0.0,"damage_taken":0.0},{"damage_healed":0.0,"max_hp_gain":0.0,"max_hp_loss":0.0,"gold_gain":0.0,"event_name":"Upgrade Shrine","player_choice":"Upgraded","floor":25.0,"gold_loss":0.0,"damage_taken":0.0,"cards_upgraded":["Dualcast"]},{"damage_healed":0.0,"max_hp_gain":0.0,"max_hp_loss":0.0,"gold_gain":0.0,"event_name":"The Mausoleum","player_choice":"Ignored","floor":30.0,"gold_loss":0.0,"damage_taken":0.0},{"damage_healed":0.0,"max_hp_gain":0.0,"max_hp_loss":0.0,"gold_gain":0.0,"cards_transformed":["Strike_B"],"event_name":"Transmorgrifier","player_choice":"Transformed","floor":36.0,"gold_loss":0.0,"damage_taken":0.0,"cards_obtained":["Echo Form"]},{"damage_healed":0.0,"max_hp_gain":0.0,"max_hp_loss":0.0,"gold_gain":0.0,"event_name":"SensoryStone","player_choice":"Memory 1","floor":39.0,"gold_loss":0.0,"damage_taken":0.0},{"damage_healed":0.0,"max_hp_gain":0.0,"max_hp_loss":0.0,"gold_gain":222.0,"event_name":"Tomb of Lord Red Mask","player_choice":"Wore Mask","floor":48.0,"gold_loss":0.0,"damage_taken":0.0}],"is_beta":false,"boss_relics":[{"not_picked":["Philosopher\u0027s Stone","Nuclear Battery"],"picked":"Astrolabe"},{"not_picked":["White Beast Statue","Pandora\u0027s Box"],"picked":"Runic Pyramid"}],"items_purged_floors":[14,44,47],"is_endless":false,"potions_floor_spawned":[1,2,7,21,24,29,33,35,38,41],"ascension_level":20}