{"gold_per_floor":[110,120,132,150,160,160,175,175,175,191,223,223,238,249,249,353,353,372,386,403,421,433,433,39,49,49,49,49,149,59,69,69,166,166,183,196,211,229,243,271,284,299,299,314,334,0,12,28,28,28],"floor_reached":51,"playtime":2299,"items_purged":[],"score":974,"play_id":"aedeec04-319a-444a-a2c8-f0f2e0eb62ac","local_time":"20190616132901","is_ascension_mode":false,"campfire_choices":[{"data":"Loop","floor":6.0,"key":"SMITH"},{"data":"Turbo","floor":12.0,"key":"SMITH"},{"data":"Chaos","floor":15.0,"key":"SMITH"},{"floor":23.0,"key":"REST"},{"data":"Mind Blast","floor":32.0,"key":"SMITH"},{"data":"Storm","floor":49,"key":"SMITH"}],"neow_cost":"PERCENT_DAMAGE","seed_source_timestamp":18934274685382,"circlet_count":0,"master_deck":["Strike_B+1","Strike_B+1","Strike_B+1","Strike_B+1","Defend_B+1","Defend_B+1","Defend_B+1","Defend_B+1","Zap","Dualcast","Coolheaded","Melter","Ball Lightning+1","Skim","Loop+1","Consume","Steam Power","Cold Snap","Coolheaded","Chaos+1","Turbo+1","Stack","Undo","Chaos","Multi-Cast","Conserve Battery","Tempest","Hologram","Hologram","Biased Cognition","Compile Driver","Storm+1","Go for the Eyes+1","Leap","Coolheaded+1","Compile Driver","Stack","Conserve Battery","Stack","Glacier","Mind Blast+1","BootSequence+1","Defragment+1","Cold Snap+1","Storm+1","Conserve Battery","Fusion","Coolheaded","Creative AI+1","Redo","Chill","Undo+1","Compile Driver+1","Static Discharge+1","Steam+1","Seek","Coolheaded+1","Storm+1","Loop+1","BootSequence+1","Loop+1","Self Repair+1","Seek","Conserve Battery+1","Static Discharge+1","Tempest+1","Chill","Double Energy","Steam Power+1","Core Surge","Stack+1","Stack","Consume","Heatsinks+1","Coolheaded","Lockon","Force Field","Finesse","Force Field+1","Reprogram","Compile Driver","Amplify"],"special_seed":0,"relics":["Cracked Core","Prayer Wheel","Pocketwatch","Sundial","Whetstone","Velvet Choker","Ice Cream","Vajra","WingedGreaves","Frozen Egg 2","Orrery","FossilizedHelix","Mercury Hourglass"],"potions_floor_usage":[37,50,50,50],"damage_taken":[{"damage":3.0,"enemies":"Jaw Worm","floor":1.0,"turns":3.0},{"damage":1.0,"enemies":"2 Louse","floor":2.0,"turns":2.0},{"damage":0.0,"enemies":"Small Slimes","floor":3.0,"turns":4.0},{"damage":6.0,"enemies":"Exordium Wildlife","floor":4.0,"turns":4.0},{"damage":3.0,"enemies":"Exordium Thugs","floor":5.0,"turns":5.0},{"damage":6.0,"enemies":"Large Slime","floor":7.0,"turns":4.0},{"damage":0.0,"enemies":"Red Slaver","floor":10.0,"turns":4.0},{"damage":1.0,"enemies":"3 Sentries","floor":11.0,"turns":8.0},{"damage":0.0,"enemies":"Blue Slaver","floor":13.0,"turns":3.0},{"damage":1.0,"enemies":"3 Louse","floor":14.0,"turns":3.0},{"damage":0.0,"enemies":"Slime Boss","floor":16.0,"turns":4.0},{"damage":0.0,"enemies":"Spheric Guardian","floor":18.0,"turns":3.0},{"damage":3.0,"enemies":"Shell Parasite","floor":19.0,"turns":4.0},{"damage":10.0,"enemies":"Centurion and Healer","floor":20.0,"turns":9.0},{"damage":10.0,"enemies":"Chosen and Byrds","floor":21.0,"turns":4.0},{"damage":21.0,"enemies":"Snake Plant","floor":22.0,"turns":3.0},{"damage":0.0,"enemies":"Snecko","floor":25.0,"turns":4.0},{"damage":0.0,"enemies":"Colosseum Slavers","floor":29.0,"turns":4.0},{"damage":3.0,"enemies":"Colosseum Nobs","floor":29.0,"turns":4.0},{"damage":2.0,"enemies":"Shelled Parasite and Fungi","floor":31.0,"turns":4.0},{"damage":12.0,"enemies":"Champ","floor":33.0,"turns":10.0},{"damage":0.0,"enemies":"Orb Walker","floor":35.0,"turns":3.0},{"damage":0.0,"enemies":"3 Shapes","floor":36.0,"turns":4.0},{"damage":1,"enemies":"Spire Growth","floor":37,"turns":4},{"damage":3,"enemies":"Maw","floor":38,"turns":4},{"damage":0,"enemies":"3 Darklings","floor":39,"turns":6},{"damage":0,"enemies":"Nemesis","floor":40,"turns":3},{"damage":0,"enemies":"Transient","floor":41,"turns":5},{"damage":0,"enemies":"4 Shapes","floor":42,"turns":4},{"damage":0,"enemies":"Maw","floor":44,"turns":5},{"damage":0,"enemies":"Sphere and 2 Shapes","floor":45,"turns":2},{"damage":0,"enemies":"Spire Growth","floor":47,"turns":3},{"damage":0,"enemies":"Maw","floor":48,"turns":5},{"damage":0,"enemies":"Donu and Deca","floor":50,"turns":7}],"seed_played":"688334615221169976","potions_obtained":[{"floor":1.0,"key":"Swift Potion"},{"floor":2.0,"key":"EssenceOfSteel"},{"floor":7.0,"key":"Dexterity Potion"},{"floor":10.0,"key":"SpeedPotion"},{"floor":13.0,"key":"FocusPotion"},{"floor":16.0,"key":"Dexterity Potion"},{"floor":20.0,"key":"LiquidBronze"},{"floor":21.0,"key":"Ancient Potion"},{"floor":33.0,"key":"PowerPotion"},{"floor":37,"key":"EssenceOfSteel"}],"is_trial":false,"path_per_floor":["M","M","M","M","M","R","M","?","T","M","E","R","M","M","R","B",null,"M","M","M","M","M","R","$","M","T","?","$","?","$","M","R","B",null,"M","M","M","M","M","E","M","M","T","M","M","$","M","M","R","B",null],"character_chosen":"DEFECT","items_purchased":["Ice Cream","Mind Blast","Storm+1","Conserve Battery","Heatsinks+1","Coolheaded","Lockon","Force Field","Finesse"],"campfire_rested":1,"item_purchase_floors":[24,24,30,30,46,46,46,46,46],"current_hp_per_floor":[51,50,50,44,41,41,35,35,35,35,34,34,34,33,33,33,75,75,72,62,52,31,53,53,53,53,53,53,50,50,48,48,36,75,75,75,74,71,75,75,75,75,75,75,75,75,75,75,75,75],"gold":28,"neow_bonus":"ONE_RARE_RELIC","is_prod":false,"is_daily":false,"chose_seed":false,"campfire_upgraded":5,"win_rate":0,"timestamp":1560662941,"path_taken":["M","M","M","M","M","R","M","?","T","M","E","R","M","M","R","BOSS","M","M","M","M","M","R","$","M","T","?","$","?","$","M","R","BOSS","M","M","M","M","M","E","M","M","T","M","M","$","M","M","R","BOSS"],"build_version":"2019-01-23","purchased_purges":0,"victory":true,"max_hp_per_floor":[75,75,75,75,75,75,75,75,75,75,75,75,75,75,75,75,75,75,75,75,75,75,75,75,75,75,75,75,75,75,75,75,75,75,75,75,75,75,75,75,75,75,75,75,75,75,75,75,75,75],"card_choices":[{"not_picked":["Streamline","Hello World"],"picked":"Coolheaded","floor":1.0},{"not_picked":["Stack","Hologram"],"picked":"Melter","floor":1.0},{"not_picked":["Amplify","Gash"],"picked":"Ball Lightning","floor":2.0},{"not_picked":["Streamline","Hologram"],"picked":"Skim","floor":2.0},{"not_picked":["Streamline","Chill"],"picked":"Loop","floor":3.0},{"not_picked":["Auto Shields","Storm"],"picked":"Consume","floor":3.0},{"not_picked":["Stack","Compile Driver"],"picked":"Steam Power","floor":4.0},{"not_picked":["Leap","Melter"],"picked":"Cold Snap","floor":4.0},{"not_picked":["Sweeping Beam","Genetic Algorithm"],"picked":"Coolheaded","floor":5.0},{"not_picked":["Coolheaded","Blizzard"],"picked":"Chaos","floor":5.0},{"not_picked":["Hologram","Coolheaded"],"picked":"Turbo","floor":7.0},{"not_picked":["Streamline","Redo"],"picked":"Stack","floor":7.0},{"not_picked":["Turbo","Gash"],"picked":"Undo","floor":10.0},{"not_picked":["Steam","Scrape"],"picked":"Chaos","floor":10.0},{"not_picked":["Go for the Eyes","Ball Lightning"],"picked":"Multi-Cast","floor":11.0},{"not_picked":["Leap","Compile Driver"],"picked":"Conserve Battery","floor":13.0},{"not_picked":["Hello World","Steam Power"],"picked":"Tempest","floor":13.0},{"not_picked":["Go for the Eyes","Gash"],"picked":"Hologram","floor":14.0},{"not_picked":["Redo","Turbo"],"picked":"Hologram","floor":14.0},{"not_picked":["Machine Learning","All For One"],"picked":"Biased Cognition","floor":16.0},{"not_picked":["Melter","Go for the Eyes"],"picked":"Compile Driver","floor":18.0},{"not_picked":["Fusion+1","Scrape+1"],"picked":"Storm","floor":18.0},{"not_picked":["Sweeping Beam","Gash"],"picked":"Go for the Eyes+1","floor":19.0},{"not_picked":["Steam","Gash+1"],"picked":"Leap","floor":19.0},{"not_picked":["Hyperbeam","Sweeping Beam+1"],"picked":"Coolheaded+1","floor":20.0},{"not_picked":["Ball Lightning","Melter"],"picked":"Compile Driver","floor":20.0},{"not_picked":["Rebound+1","Recycle"],"picked":"Stack","floor":21.0},{"not_picked":["Hologram","Scrape"],"picked":"Conserve Battery","floor":21.0},{"not_picked":["Lockon","Hologram+1"],"picked":"Stack","floor":22.0},{"not_picked":["Darkness","Ball Lightning"],"picked":"Glacier","floor":22.0},{"not_picked":["Ball Lightning","Barrage"],"picked":"BootSequence+1","floor":25.0},{"not_picked":["Creative AI","Cold Snap"],"picked":"Defragment+1","floor":25.0},{"not_picked":["Melter","Redo"],"picked":"Cold Snap+1","floor":29.0},{"not_picked":["Sweeping Beam","Rebound+1"],"picked":"Fusion","floor":31.0},{"not_picked":["Gash+1","Go for the Eyes"],"picked":"Coolheaded","floor":31.0},{"not_picked":["Hyperbeam","Buffer+1"],"picked":"Creative AI+1","floor":33.0},{"not_picked":["Ball Lightning","Tempest"],"picked":"Redo","floor":34.0},{"not_picked":["Gash","Sweeping Beam"],"picked":"Chill","floor":34.0},{"not_picked":["Coolheaded","Beam Cell"],"picked":"Undo+1","floor":34.0},{"not_picked":["Leap","Gash"],"picked":"Compile Driver+1","floor":34.0},{"not_picked":["Ball Lightning+1","Fusion"],"picked":"Static Discharge+1","floor":34.0},{"not_picked":["Streamline","Genetic Algorithm"],"picked":"Steam+1","floor":35.0},{"not_picked":["Hello World+1","Turbo+1"],"picked":"Seek","floor":35.0},{"not_picked":["Blizzard","Go for the Eyes+1"],"picked":"Coolheaded+1","floor":36.0},{"not_picked":["Glacier","Chaos+1"],"picked":"Storm+1","floor":36.0},{"not_picked":["Undo","Gash+1"],"picked":"Loop+1","floor":37},{"not_picked":["Skim+1","Ball Lightning+1"],"picked":"BootSequence+1","floor":37},{"not_picked":["Turbo","Sweeping Beam"],"picked":"Loop+1","floor":38},{"not_picked":["Rip and Tear","Redo"],"picked":"Self Repair+1","floor":38},{"not_picked":["White Noise+1","Darkness"],"picked":"Seek","floor":39},{"not_picked":["Gash+1","Redo"],"picked":"Conserve Battery+1","floor":39},{"not_picked":["Hologram+1","Coolheaded+1"],"picked":"Static Discharge+1","floor":40},{"not_picked":["Conserve Battery","Auto Shields"],"picked":"Tempest+1","floor":41},{"not_picked":["Gash","Redo"],"picked":"Chill","floor":41},{"not_picked":["Aggregate+1","Compile Driver+1"],"picked":"Double Energy","floor":42},{"not_picked":["Stack","Conserve Battery"],"picked":"Steam Power+1","floor":42},{"not_picked":["Hologram+1","Melter+1"],"picked":"Core Surge","floor":44},{"not_picked":["Leap","Genetic Algorithm"],"picked":"Stack+1","floor":44},{"not_picked":["Conserve Battery+1","Beam Cell"],"picked":"Stack","floor":45},{"not_picked":["Gash+1","Scrape+1"],"picked":"Consume","floor":45},{"not_picked":["Go for the Eyes+1","Steam Power"],"picked":"Force Field+1","floor":47},{"not_picked":["Sunder+1","Tempest"],"picked":"Reprogram","floor":47},{"not_picked":["Redo+1","Conserve Battery+1"],"picked":"Compile Driver","floor":48},{"not_picked":["Barrage+1","Genetic Algorithm+1"],"picked":"Amplify","floor":48}],"player_experience":5299657,"relics_obtained":[{"floor":9.0,"key":"Sundial"},{"floor":11.0,"key":"Whetstone"},{"floor":26.0,"key":"Vajra"},{"floor":29.0,"key":"WingedGreaves"},{"floor":29.0,"key":"Frozen Egg 2"},{"floor":40,"key":"FossilizedHelix"},{"floor":43,"key":"Mercury Hourglass"}],"event_choices":[{"damage_healed":0.0,"max_hp_gain":0.0,"max_hp_loss":0.0,"gold_gain":0.0,"event_name":"Dead Adventurer","player_choice":"Searched \u00271\u0027 times","floor":8.0,"gold_loss":0.0,"damage_taken":0.0,"relics_obtained":["Pocketwatch"]},{"damage_healed":0.0,"max_hp_gain":0.0,"max_hp_loss":0.0,"gold_gain":0.0,"event_name":"Back to Basics","player_choice":"Simplicity","floor":27.0,"gold_loss":0.0,"damage_taken":0.0,"cards_upgraded":["Strike_B","Strike_B","Strike_B","Defend_B","Defend_B","Defend_B","Defend_B"]},{"damage_healed":0.0,"max_hp_gain":0.0,"max_hp_loss":0.0,"gold_gain":0.0,"event_name":"Colosseum","player_choice":"Fight","floor":29.0,"gold_loss":0.0,"damage_taken":0.0},{"damage_healed":0.0,"max_hp_gain":0.0,"max_hp_loss":0.0,"gold_gain":0.0,"event_name":"Colosseum","player_choice":"Fought Nobs","floor":29.0,"gold_loss":0.0,"damage_taken":0.0}],"is_beta":false,"boss_relics":[{"not_picked":["Fusion Hammer","Tiny House"],"picked":"Velvet Choker"},{"not_picked":["White Beast Statue","Nuclear Battery"],"picked":"Orrery"}],"items_purged_floors":[],"is_endless":false,"potions_floor_spawned":[1,2,7,10,13,16,20,21,25,29,33,36,37,40,42,48],"ascension_level":0}