{"gold_per_floor":[119,119,119,119,44,44,74,74,74,102,119,119,132,157,157,234,234,244,244,261,261,176,176,186,186,210,110,127,127,143,18,18,90,90,107,122,122,139,111,111,127,17,17,57,82,112,44,64,64,64,64,64,64,64,93,93],"floor_reached":57,"playtime":3945,"items_purged":["Strike_B","Strike_B","Strike_B"],"score":3030,"play_id":"98ab0b8c-1427-483b-9541-cf91eec13cef","local_time":"20190423134757","is_ascension_mode":true,"campfire_choices":[{"data":"Buffer","floor":6.0,"key":"SMITH"},{"data":"Consume","floor":8.0,"key":"SMITH"},{"data":"Zap","floor":12.0,"key":"SMITH"},{"data":"Capacitor","floor":15.0,"key":"SMITH"},{"data":"Double Energy","floor":23.0,"key":"SMITH"},{"data":"Double Energy","floor":25.0,"key":"SMITH"},{"floor":29.0,"key":"RECALL"},{"data":"Creative AI","floor":32.0,"key":"SMITH"},{"data":"Biased Cognition","floor":40.0,"key":"SMITH"},{"data":"Recycle","floor":49.0,"key":"SMITH"},{"data":"Skim","floor":53.0,"key":"SMITH"}],"neow_cost":"NONE","seed_source_timestamp":73720240159017,"circlet_count":0,"master_deck":["AscendersBane","Defend_B+1","Defend_B","Defend_B+1","Defend_B","Zap+1","Dualcast+1","Buffer+1","Consume+1","Double Energy+1","Skim+1","Genetic Algorithm","Capacitor+1","Undo","Creative AI+1","Ball Lightning","Glacier","Double Energy+1","Conserve Battery","Biased Cognition+1","White Noise","Hologram+1","Coolheaded","Chill+1","Loop","Recycle+1","Turbo+1"],"special_seed":0,"relics":["Cracked Core","Ancient Tea Set","Odd Mushroom","Gremlin Horn","Runic Pyramid","Mercury Hourglass","Blood Vial","Coffee Dripper","MawBank","Omamori","Happy Flower"],"potions_floor_usage":[56,56],"damage_taken":[{"damage":7.0,"enemies":"2 Louse","floor":1.0,"turns":2.0},{"damage":0.0,"enemies":"Gremlin Nob","floor":7.0,"turns":4.0},{"damage":19.0,"enemies":"The Mushroom Lair","floor":10.0,"turns":6.0},{"damage":0.0,"enemies":"Small Slimes","floor":11.0,"turns":3.0},{"damage":0.0,"enemies":"Jaw Worm","floor":13.0,"turns":2.0},{"damage":0.0,"enemies":"Lagavulin","floor":14.0,"turns":6.0},{"damage":7.0,"enemies":"Hexaghost","floor":16.0,"turns":9.0},{"damage":2.0,"enemies":"Spheric Guardian","floor":18.0,"turns":7.0},{"damage":4.0,"enemies":"Shell Parasite","floor":20.0,"turns":8.0},{"damage":18.0,"enemies":"Colosseum Slavers","floor":21.0,"turns":8.0},{"damage":0.0,"enemies":"3 Cultists","floor":24.0,"turns":5.0},{"damage":0.0,"enemies":"Snecko","floor":28.0,"turns":5.0},{"damage":0.0,"enemies":"Shelled Parasite and Fungi","floor":30.0,"turns":7.0},{"damage":0.0,"enemies":"Champ","floor":33.0,"turns":14.0},{"damage":0.0,"enemies":"3 Shapes","floor":35.0,"turns":5.0},{"damage":0.0,"enemies":"Orb Walker","floor":36.0,"turns":4.0},{"damage":0.0,"enemies":"Maw","floor":38.0,"turns":7.0},{"damage":0.0,"enemies":"Transient","floor":41.0,"turns":6.0},{"damage":0.0,"enemies":"Nemesis","floor":44.0,"turns":11.0},{"damage":0.0,"enemies":"4 Shapes","floor":45.0,"turns":7.0},{"damage":0.0,"enemies":"Maw","floor":46.0,"turns":9.0},{"damage":0.0,"enemies":"Sphere and 2 Shapes","floor":48.0,"turns":6.0},{"damage":0.0,"enemies":"Time Eater","floor":50.0,"turns":15.0},{"damage":0.0,"enemies":"Donu and Deca","floor":51.0,"turns":8.0},{"damage":3,"enemies":"Shield and Spear","floor":55,"turns":10},{"damage":55,"enemies":"The Heart","floor":56,"turns":13}],"seed_played":"410900993815188659","potions_obtained":[{"floor":1.0,"key":"Fire Potion"},{"floor":7.0,"key":"Strength Potion"},{"floor":10.0,"key":"Ancient Potion"},{"floor":11.0,"key":"EssenceOfSteel"},{"floor":24.0,"key":"Swift Potion"},{"floor":30.0,"key":"SteroidPotion"},{"floor":33.0,"key":"GamblersBrew"},{"floor":36.0,"key":"Energy Potion"},{"floor":46.0,"key":"PowerPotion"}],"is_trial":false,"path_per_floor":["M","?","?","?","$","R","E","R","T","?","M","R","M","E","R","B",null,"M","?","M","?","?","R","M","R","T","$","M","R","M","$","R","B",null,"M","M","?","M","$","R","M","?","T","E","M","M","$","M","R","B","B",null,"R","$","E","B",null],"character_chosen":"DEFECT","items_purchased":["Hologram","Recycle"],"campfire_rested":0,"item_purchase_floors":[39,47],"current_hp_per_floor":[57,36,36,36,36,36,36,36,36,17,17,17,17,17,17,10,56,54,34,30,12,12,12,12,12,12,12,14,14,16,16,16,18,62,64,66,66,68,68,68,70,70,70,72,72,72,72,72,72,72,72,72,72,72,69,16],"gold":93,"neow_bonus":"ONE_RANDOM_RARE_CARD","is_prod":false,"is_daily":false,"chose_seed":false,"campfire_upgraded":10,"win_rate":0,"timestamp":1555998477,"path_taken":["M","?","?","?","?","R","E","R","T","?","M","R","M","E","R","BOSS","M","?","M","?","?","R","M","R","T","$","M","R","M","?","R","BOSS","M","M","?","M","$","R","M","?","T","E","?","M","$","M","R","BOSS","BOSS","R","$","E","BOSS"],"build_version":"2019-01-23","purchased_purges":3,"victory":true,"max_hp_per_floor":[71,71,71,71,71,71,71,71,71,71,71,71,71,71,71,71,71,71,76,76,76,76,76,76,76,76,76,76,76,76,76,76,76,76,76,76,72,72,72,72,72,72,72,72,72,72,72,72,72,72,72,72,72,72,72,72],"card_choices":[{"not_picked":["Barrage","Sweeping Beam"],"picked":"Consume","floor":1.0},{"not_picked":["Turbo","Compile Driver"],"picked":"Double Energy","floor":7.0},{"not_picked":["Leap","Beam Cell"],"picked":"Skim","floor":10.0},{"not_picked":["Steam","Rebound"],"picked":"Genetic Algorithm","floor":11.0},{"not_picked":["Sweeping Beam","Redo"],"picked":"Capacitor","floor":13.0},{"not_picked":["Steam","Multi-Cast"],"picked":"Undo","floor":14.0},{"not_picked":["Seek","Meteor Strike"],"picked":"Creative AI","floor":16.0},{"not_picked":["Sunder","Doom and Gloom"],"picked":"Ball Lightning","floor":18.0},{"not_picked":["Reprogram","Storm"],"picked":"Glacier","floor":20.0},{"not_picked":["Stack","BootSequence"],"picked":"Double Energy","floor":24.0},{"not_picked":["Hello World+1","Hologram"],"picked":"Conserve Battery","floor":28.0},{"not_picked":["Stack","Compile Driver","Sunder"],"picked":"SKIP","floor":30.0},{"not_picked":["Reboot","Meteor Strike"],"picked":"Biased Cognition","floor":33.0},{"not_picked":["Ball Lightning","Gash"],"picked":"White Noise","floor":35.0},{"not_picked":["Fusion","Gash","Compile Driver"],"picked":"SKIP","floor":36.0},{"not_picked":["Fusion","Redo","Chaos"],"picked":"SKIP","floor":38.0},{"not_picked":["Melter+1","Darkness"],"picked":"Coolheaded","floor":41.0},{"not_picked":["Cold Snap+1","Conserve Battery"],"picked":"Chill+1","floor":44.0},{"not_picked":["Streamline","Ball Lightning","Cold Snap"],"picked":"SKIP","floor":45.0},{"not_picked":["Beam Cell","Undo"],"picked":"Loop","floor":46.0},{"not_picked":["Skim+1","Ball Lightning"],"picked":"Turbo+1","floor":48.0},{"not_picked":["BootSequence","FTL+1","Undo"],"picked":"SKIP","floor":55}],"player_experience":4454727,"relics_obtained":[{"floor":7.0,"key":"Ancient Tea Set"},{"floor":10.0,"key":"Odd Mushroom"},{"floor":14.0,"key":"Gremlin Horn"},{"floor":26.0,"key":"Blood Vial"},{"floor":43.0,"key":"MawBank"},{"floor":44.0,"key":"Omamori"},{"floor":55,"key":"Happy Flower"}],"event_choices":[{"damage_healed":0.0,"max_hp_gain":0.0,"max_hp_loss":0.0,"gold_gain":0.0,"event_name":"Shining Light","player_choice":"Entered Light","floor":2.0,"gold_loss":0.0,"damage_taken":21.0,"cards_upgraded":["Defend_B","Defend_B"]},{"damage_healed":0.0,"max_hp_gain":0.0,"max_hp_loss":0.0,"gold_gain":0.0,"event_name":"Living Wall","player_choice":"Grow","floor":3.0,"gold_loss":0.0,"damage_taken":0.0,"cards_upgraded":["Dualcast"]},{"damage_healed":0.0,"max_hp_gain":0.0,"max_hp_loss":0.0,"gold_gain":0.0,"event_name":"Liars Game","player_choice":"Ignored","floor":4.0,"gold_loss":0.0,"damage_taken":0.0},{"damage_healed":0.0,"max_hp_gain":0.0,"max_hp_loss":0.0,"gold_gain":0.0,"event_name":"Mushrooms","player_choice":"Fought Mushrooms","floor":10.0,"gold_loss":0.0,"damage_taken":0.0},{"damage_healed":0.0,"max_hp_gain":5.0,"max_hp_loss":0.0,"gold_gain":0.0,"event_name":"Forgotten Altar","player_choice":"Shed Blood","floor":19.0,"gold_loss":0.0,"damage_taken":25.0},{"damage_healed":0.0,"max_hp_gain":0.0,"max_hp_loss":0.0,"gold_gain":0.0,"event_name":"Colosseum","player_choice":"Fight","floor":21.0,"gold_loss":0.0,"damage_taken":0.0},{"damage_healed":0.0,"max_hp_gain":0.0,"max_hp_loss":0.0,"gold_gain":0.0,"event_name":"Colosseum","player_choice":"Fled From Nobs","floor":21.0,"gold_loss":0.0,"damage_taken":0.0},{"damage_healed":0.0,"max_hp_gain":0.0,"max_hp_loss":0.0,"gold_gain":0.0,"event_name":"Addict","player_choice":"Obtained Relic","floor":22.0,"gold_loss":85.0,"damage_taken":0.0,"relics_obtained":["Mercury Hourglass"]},{"damage_healed":0.0,"max_hp_gain":0.0,"max_hp_loss":4.0,"gold_gain":0.0,"event_name":"Winding Halls","player_choice":"Max HP","floor":37.0,"gold_loss":0.0,"damage_taken":0.0},{"cards_removed":["Strike_B"],"damage_healed":0.0,"max_hp_gain":0.0,"max_hp_loss":0.0,"gold_gain":0.0,"event_name":"Designer","player_choice":"Upgrade and Remove","floor":42.0,"gold_loss":110.0,"damage_taken":0.0,"cards_upgraded":["Hologram"]}],"is_beta":false,"boss_relics":[{"not_picked":["Snecko Eye","Busted Crown"],"picked":"Runic Pyramid"},{"not_picked":["Sozu","Runic Dome"],"picked":"Coffee Dripper"}],"items_purged_floors":[5,27,31],"is_endless":false,"potions_floor_spawned":[1,7,10,11,24,30,33,36,41,46],"ascension_level":20}