{"gold_per_floor":[113,129,144,0,0,0,15,33,33,108,143,143,143,158,158,231,231,249,348,348,362,42,42,76,96,96,125,125,138,138,158,158,232,232,247,262,162,172,191,191,224,224,251,269,179,179,179,189,189,189],"floor_reached":51,"playtime":1146,"items_purged":["Strike_R","Strike_R"],"score":1154,"play_id":"d04d6917-300b-4d99-805f-d033c8d71ae0","local_time":"20181012103210","is_ascension_mode":true,"campfire_choices":[{"data":"Uppercut","floor":6,"key":"SMITH"},{"data":"Bludgeon","floor":13,"key":"SMITH"},{"data":"Spot Weakness","floor":15,"key":"SMITH"},{"data":"Demon Form","floor":23,"key":"SMITH"},{"data":"Whirlwind","floor":28,"key":"SMITH"},{"data":"Infernal Blade","floor":30,"key":"SMITH"},{"data":"Shrug It Off","floor":32,"key":"SMITH"},{"data":"Bludgeon","floor":40,"key":"SMITH"},{"floor":42,"key":"REST"},{"data":"Bash","floor":46,"key":"SMITH"},{"data":"Defend_R","floor":49,"key":"SMITH"}],"neow_cost":"NONE","seed_source_timestamp":308364284041,"circlet_count":0,"master_deck":["Strike_R+1","Strike_R+1","Strike_R+1","Defend_R+1","Defend_R+1","Defend_R","Bash+1","AscendersBane","Twin Strike+1","Whirlwind+1","Uppercut+1","Clash","Shrug It Off+1","Infernal Blade+1","Bludgeon+1","Spot Weakness+1","Demon Form+1","Flash of Steel","Heavy Blade+1","Battle Trance+1","Disarm+1","Bludgeon+1","Power Through"],"relics":["Burning Blood","Whetstone","Lantern","Bag of Marbles","Busted Crown","Paper Frog","Gremlin Horn","Matryoshka","Orichalcum","Mark of Pain","Red Skull","Blood Vial","Pen Nib","The Courier","Du-Vu Doll"],"potions_floor_usage":[8,8,27,33,33,44,50,50],"damage_taken":[{"damage":9,"enemies":"2 Louse","floor":1,"turns":4},{"damage":1,"enemies":"Cultist","floor":2,"turns":3},{"damage":4,"enemies":"Small Slimes","floor":3,"turns":3},{"damage":6,"enemies":"Blue Slaver","floor":7,"turns":3},{"damage":0,"enemies":"2 Fungi Beasts","floor":8,"turns":2},{"damage":26,"enemies":"Gremlin Nob","floor":11,"turns":4},{"damage":0,"enemies":"Large Slime","floor":14,"turns":1},{"damage":35,"enemies":"The Guardian","floor":16,"turns":10},{"damage":0,"enemies":"Shell Parasite","floor":18,"turns":1},{"damage":0,"enemies":"Spheric Guardian","floor":21,"turns":1},{"damage":18,"enemies":"Gremlin Leader","floor":24,"turns":3},{"damage":7,"enemies":"Cultist and Chosen","floor":25,"turns":4},{"damage":12,"enemies":"Book of Stabbing","floor":27,"turns":3},{"damage":0,"enemies":"Centurion and Healer","floor":29,"turns":2},{"damage":3,"enemies":"Snake Plant","floor":31,"turns":2},{"damage":11,"enemies":"Collector","floor":33,"turns":5},{"damage":0,"enemies":"3 Darklings","floor":35,"turns":2},{"damage":0,"enemies":"Orb Walker","floor":36,"turns":1},{"damage":37,"enemies":"Maw","floor":38,"turns":6},{"damage":0,"enemies":"Transient","floor":39,"turns":5},{"damage":5,"enemies":"Nemesis","floor":41,"turns":3},{"damage":3,"enemies":"Sphere and 2 Shapes","floor":44,"turns":3},{"damage":0,"enemies":"3 Darklings","floor":48,"turns":3},{"damage":51,"enemies":"Awakened One","floor":50,"turns":6}],"seed_played":"-3366433313590916472","potions_obtained":[{"floor":1,"key":"Strength Potion"},{"floor":2,"key":"SkillPotion"},{"floor":16,"key":"Weak Potion"},{"floor":18,"key":"AttackPotion"},{"floor":29,"key":"Fire Potion"},{"floor":33,"key":"Dexterity Potion"},{"floor":36,"key":"Explosive Potion"},{"floor":38,"key":"Explosive Potion"},{"floor":44,"key":"GamblersBrew"},{"floor":48,"key":"Explosive Potion"}],"is_trial":false,"path_per_floor":["M","M","M","$","?","R","M","M","T","?","E","?","R","M","R","B",null,"M","?","?","M","$","R","E","M","T","E","R","M","R","M","R","B",null,"M","M","$","M","M","R","E","R","T","M","?","R","T","M","R","B"],"character_chosen":"IRONCLAD","items_purchased":["Whetstone","Paper Frog"],"campfire_rested":1,"item_purchase_floors":[4,22],"current_hp_per_floor":[69,74,76,76,76,76,76,80,80,69,49,33,33,39,39,10,63,69,69,69,75,75,75,63,62,62,56,56,62,62,65,65,60,75,80,80,80,49,55,55,56,80,80,80,80,80,80,80,80,35],"gold":189,"neow_bonus":"THREE_CARDS","is_prod":false,"is_daily":false,"chose_seed":false,"campfire_upgraded":10,"win_rate":0,"timestamp":1539311530,"path_taken":["M","M","M","$","?","R","M","M","T","?","E","?","R","M","R","BOSS","M","?","?","M","$","R","E","?","T","E","R","M","R","M","R","BOSS","M","M","?","M","M","R","E","R","T","M","?","R","?","?","R","BOSS"],"build_version":"2018-10-11","purchased_purges":2,"victory":true,"max_hp_per_floor":[80,80,80,80,80,80,80,80,80,80,80,80,80,80,80,80,80,80,80,80,80,80,80,80,80,80,80,80,80,80,80,80,80,80,80,80,80,80,80,80,80,80,80,80,80,80,80,80,80,80],"card_choices":[{"not_picked":["Anger","Havoc"],"picked":"Twin Strike","floor":0},{"not_picked":["True Grit","Blood for Blood"],"picked":"Whirlwind","floor":1},{"not_picked":["Heavy Blade","Armaments"],"picked":"Uppercut","floor":2},{"not_picked":["Iron Wave","Power Through"],"picked":"Clash","floor":3},{"not_picked":["Wild Strike","Body Slam"],"picked":"Shrug It Off","floor":7},{"not_picked":["Corruption","Sever Soul"],"picked":"Infernal Blade","floor":8},{"not_picked":["Havoc","Combust"],"picked":"Bludgeon","floor":11},{"not_picked":["Armaments","Perfected Strike"],"picked":"Spot Weakness","floor":14},{"not_picked":["Impervious","Dark Embrace"],"picked":"Demon Form","floor":16},{"not_picked":["Sever Soul"],"picked":"SKIP","floor":18},{"not_picked":["Rage"],"picked":"SKIP","floor":21},{"not_picked":["Flex"],"picked":"SKIP","floor":24},{"not_picked":[],"picked":"Heavy Blade+1","floor":25},{"not_picked":[],"picked":"Battle Trance+1","floor":27},{"not_picked":[],"picked":"Disarm+1","floor":29},{"not_picked":["Combust"],"picked":"SKIP","floor":31},{"not_picked":[],"picked":"Bludgeon","floor":33},{"not_picked":["Heavy Blade"],"picked":"SKIP","floor":35},{"not_picked":["Fire Breathing"],"picked":"SKIP","floor":36},{"not_picked":["Wild Strike"],"picked":"SKIP","floor":38},{"not_picked":[],"picked":"Power Through","floor":39},{"not_picked":["Bloodletting"],"picked":"SKIP","floor":41},{"not_picked":["Anger"],"picked":"SKIP","floor":44},{"not_picked":["Havoc"],"picked":"SKIP","floor":48}],"player_experience":117742,"relics_obtained":[{"floor":9,"key":"Lantern"},{"floor":11,"key":"Bag of Marbles"},{"floor":24,"key":"Gremlin Horn"},{"floor":26,"key":"Matryoshka"},{"floor":27,"key":"Orichalcum"},{"floor":41,"key":"Red Skull"},{"floor":43,"key":"Blood Vial"},{"floor":43,"key":"Pen Nib"},{"floor":47,"key":"The Courier"},{"floor":47,"key":"Du-Vu Doll"}],"event_choices":[{"event_name":"The Cleric","player_choice":"Leave","floor":5,"damage_taken":0},{"event_name":"World of Goop","player_choice":"Gather Gold","floor":10,"damage_taken":0},{"event_name":"Shining Light","player_choice":"Entered Light","floor":12,"damage_taken":0},{"event_name":"Nest","player_choice":"Stole From Cult","floor":19,"damage_taken":0},{"event_name":"Match and Keep!","player_choice":"1 cards matched","floor":20,"damage_taken":0},{"event_name":"Designer","player_choice":"Full Service","floor":45,"damage_taken":0}],"is_beta":false,"boss_relics":[{"not_picked":["White Beast Statue","Empty Cage"],"picked":"Busted Crown"},{"not_picked":["Calling Bell","Black Star"],"picked":"Mark of Pain"}],"items_purged_floors":[22,37],"is_endless":false,"potions_floor_spawned":[1,2,16,18,21,29,31,33,36,38,44,48],"ascension_level":13}