{"gold_per_floor":[117,117,130,144,244,244,257,257,257,257,8,8,25,45,45,121,121,141,141,29,79,79,79,79],"floor_reached":24,"playtime":565,"items_purged":["Strike_R"],"score":413,"play_id":"a4878c2e-d321-4c64-8efd-25f653755785","local_time":"20190729165545","is_ascension_mode":true,"campfire_choices":[{"data":"Armaments","floor":8.0,"key":"SMITH"},{"data":"Feel No Pain","floor":10.0,"key":"SMITH"},{"data":"Evolve","floor":12.0,"key":"SMITH"},{"data":"Body Slam","floor":15.0,"key":"SMITH"},{"data":"Barricade","floor":23,"key":"SMITH"}],"neow_cost":"NONE","seed_source_timestamp":172367141062400,"circlet_count":0,"master_deck":["AscendersBane","Strike_R","Strike_R","Defend_R","Defend_R","Defend_R","Defend_R","Bash","Armaments+1","Feed","Feel No Pain+1","Evolve+1","Body Slam+1","Pommel Strike","Barricade+1","Second Wind+1","True Grit","Entrench"],"special_seed":0,"relics":["Burning Blood","NeowsBlessing","Pear","Membership Card","Cursed Key"],"potions_floor_usage":[],"damage_taken":[{"damage":0.0,"enemies":"2 Louse","floor":1.0,"turns":1.0},{"damage":0.0,"enemies":"Cultist","floor":3.0,"turns":3.0},{"damage":2.0,"enemies":"Jaw Worm","floor":4.0,"turns":2.0},{"damage":0.0,"enemies":"Lagavulin","floor":6.0,"turns":1.0},{"damage":30.0,"enemies":"Gremlin Gang","floor":7.0,"turns":9.0},{"damage":18.0,"enemies":"3 Louse","floor":13.0,"turns":6.0},{"damage":17.0,"enemies":"2 Fungi Beasts","floor":14.0,"turns":5.0},{"damage":47.0,"enemies":"Hexaghost","floor":16.0,"turns":13.0},{"damage":45,"enemies":"Shell Parasite","floor":18,"turns":9},{"damage":34,"enemies":"Gremlin Leader","floor":24,"turns":3}],"seed_played":"-6720240886632000894","potions_obtained":[{"floor":3.0,"key":"SmokeBomb"},{"floor":7.0,"key":"PowerPotion"},{"floor":13.0,"key":"FearPotion"}],"is_trial":false,"path_per_floor":["M","?","M","M","?","E","M","R","T","R","$","R","M","M","R","B",null,"M","?","$","?","?","R","E"],"character_chosen":"IRONCLAD","items_purchased":["Membership Card","Evolve","True Grit","Entrench"],"campfire_rested":0,"item_purchase_floors":[11,11,20,20],"current_hp_per_floor":[74,74,78,81,81,81,60,60,70,70,70,70,61,54,54,13,79,44,44,44,44,44,44,10],"gold":79,"neow_bonus":"THREE_ENEMY_KILL","is_prod":false,"is_daily":false,"chose_seed":false,"campfire_upgraded":5,"win_rate":0,"timestamp":1564390545,"path_taken":["M","?","?","?","?","E","M","R","T","R","$","R","?","M","R","BOSS","M","?","$","?","?","R","E"],"build_version":"2019-07-17","purchased_purges":1,"victory":false,"max_hp_per_floor":[75,75,78,81,81,81,84,84,94,94,94,94,97,101,101,101,101,105,105,105,105,105,105,105],"card_choices":[{"not_picked":["Wild Strike","Feel No Pain"],"picked":"Armaments","floor":1.0},{"not_picked":["Twin Strike","Searing Blow"],"picked":"Feel No Pain","floor":3.0},{"not_picked":["Iron Wave","Rupture","Entrench"],"picked":"SKIP","floor":4.0},{"not_picked":["Shockwave","Iron Wave","Wild Strike"],"picked":"SKIP","floor":7.0},{"not_picked":["Iron Wave","Sword Boomerang"],"picked":"Body Slam","floor":13.0},{"not_picked":["Corruption","Clothesline"],"picked":"Pommel Strike","floor":14.0},{"not_picked":["Fiend Fire","Demon Form"],"picked":"Barricade","floor":16.0},{"not_picked":["Heavy Blade","Shockwave"],"picked":"Second Wind+1","floor":18}],"player_experience":696371,"relics_obtained":[{"floor":9.0,"key":"Pear"}],"event_choices":[{"damage_healed":0.0,"max_hp_gain":0.0,"max_hp_loss":0.0,"gold_gain":0.0,"cards_transformed":["Strike_R"],"event_name":"Transmorgrifier","player_choice":"Transformed","floor":2.0,"gold_loss":0.0,"damage_taken":0.0,"cards_obtained":["Feed"]},{"damage_healed":0.0,"max_hp_gain":0.0,"max_hp_loss":0.0,"gold_gain":100.0,"event_name":"Wheel of Change","player_choice":"Gold","floor":5.0,"gold_loss":0.0,"damage_taken":0.0},{"cards_removed":["Strike_R"],"damage_healed":0,"gold_gain":0,"player_choice":"Elegance","damage_taken":0,"max_hp_gain":0,"max_hp_loss":0,"event_name":"Back to Basics","floor":19,"gold_loss":0},{"damage_healed":0,"gold_gain":50,"player_choice":"Stole From Cult","damage_taken":0,"max_hp_gain":0,"max_hp_loss":0,"event_name":"Nest","floor":21,"gold_loss":0},{"damage_healed":0,"gold_gain":0,"player_choice":"Ignored","damage_taken":0,"max_hp_gain":0,"max_hp_loss":0,"event_name":"The Mausoleum","floor":22,"gold_loss":0}],"is_beta":false,"boss_relics":[{"not_picked":["Tiny House","Calling Bell"],"picked":"Cursed Key"}],"items_purged_floors":[20],"is_endless":false,"potions_floor_spawned":[3,7,13,14],"killed_by":"Gremlin Leader","ascension_level":20}