{"gold_per_floor":[368,368,293,312,28,28,57,57,80,94,94,94,0,34,34,108,108,119,119,96,56,68,68,68,82,82,29,29,29,29,41,41,114,114,124,138,33,49,49,76,76,76,76,76,126,126,159,96,96,96,96,96,96,32,59,59],"floor_reached":57,"playtime":2959,"items_purged":["Strike_B","Defend_B","Strike_B"],"score":2799,"play_id":"bd314e50-0c61-4874-81c7-8254088c47d8","local_time":"20190121201300","is_ascension_mode":true,"campfire_choices":[{"data":"Loop","floor":6.0,"key":"SMITH"},{"data":"Dualcast","floor":8.0,"key":"SMITH"},{"floor":12.0,"key":"REST"},{"data":"Defragment","floor":15.0,"key":"SMITH"},{"data":"Biased Cognition","floor":24.0,"key":"SMITH"},{"floor":30.0,"key":"REST"},{"data":"Consume","floor":32.0,"key":"SMITH"},{"floor":41.0,"key":"REST"},{"floor":44.0,"key":"REST"},{"floor":46.0,"key":"REST"},{"floor":49.0,"key":"RECALL"},{"floor":53.0,"key":"REST"}],"neow_cost":"PERCENT_DAMAGE","seed_source_timestamp":30506994034721,"circlet_count":0,"master_deck":["AscendersBane","Defend_B","Defend_B","Defend_B","Zap","Dualcast+1","FTL","Glacier","Loop+1","Ball Lightning","Chill","Defragment+1","Flash of Steel","White Noise","Biased Cognition+1","FTL","White Noise","Heatsinks+1","Finesse","Consume+1","Glacier+1","Coolheaded+1","Finesse","Apotheosis","Purity","Loop+1","Undo","Biased Cognition"],"special_seed":0,"relics":["Cracked Core","Membership Card","Juzu Bracelet","PreservedInsect","Potion Belt","Inserter","Enchiridion","Thread and Needle","Fusion Hammer","OrangePellets","Bronze Scales","The Courier","Blood Vial"],"potions_floor_usage":[56,56,56,56,56,56],"damage_taken":[{"damage":1.0,"enemies":"Cultist","floor":1.0,"turns":3.0},{"damage":0.0,"enemies":"2 Louse","floor":4.0,"turns":3.0},{"damage":33.0,"enemies":"Gremlin Nob","floor":7.0,"turns":5.0},{"damage":7.0,"enemies":"Jaw Worm","floor":10.0,"turns":2.0},{"damage":0.0,"enemies":"Lagavulin","floor":14.0,"turns":5.0},{"damage":15.0,"enemies":"Hexaghost","floor":16.0,"turns":9.0},{"damage":12.0,"enemies":"3 Byrds","floor":18.0,"turns":4.0},{"damage":6.0,"enemies":"2 Thieves","floor":20.0,"turns":4.0},{"damage":0.0,"enemies":"Cultist and Chosen","floor":22.0,"turns":5.0},{"damage":2.0,"enemies":"Chosen and Byrds","floor":25.0,"turns":3.0},{"damage":0.0,"enemies":"Centurion and Healer","floor":31.0,"turns":5.0},{"damage":0.0,"enemies":"Collector","floor":33.0,"turns":8.0},{"damage":0.0,"enemies":"3 Shapes","floor":35.0,"turns":3.0},{"damage":38.0,"enemies":"3 Darklings","floor":36.0,"turns":3.0},{"damage":0.0,"enemies":"Spire Growth","floor":38.0,"turns":5.0},{"damage":9.0,"enemies":"Nemesis","floor":40.0,"turns":9.0},{"damage":0.0,"enemies":"Giant Head","floor":47.0,"turns":7.0},{"damage":41.0,"enemies":"Awakened One","floor":50.0,"turns":15.0},{"damage":17.0,"enemies":"Time Eater","floor":51.0,"turns":19.0},{"damage":0.0,"enemies":"Shield and Spear","floor":55.0,"turns":8.0},{"damage":31,"enemies":"The Heart","floor":56,"turns":8}],"seed_played":"4473887453262500439","potions_obtained":[{"floor":1.0,"key":"SkillPotion"},{"floor":4.0,"key":"PowerPotion"},{"floor":10.0,"key":"Poison Potion"},{"floor":21.0,"key":"SneckoOil"},{"floor":21.0,"key":"Poison Potion"},{"floor":21.0,"key":"EntropicBrew"},{"floor":25.0,"key":"PowerPotion"},{"floor":31.0,"key":"Weak Potion"},{"floor":38.0,"key":"FearPotion"},{"floor":40.0,"key":"Ancient Potion"}],"is_trial":false,"path_per_floor":["M","?","$","M","$","R","E","R","T","M","?","R","$","E","R","B",null,"M","?","M","?","M","?","R","M","T","$","?","?","R","M","R","B",null,"M","M","$","M","?","E","R","?","T","R","?","R","E","$","R","B","B",null,"R","$","E","B",null],"character_chosen":"DEFECT","items_purchased":["Membership Card","Loop","Defragment","Flash of Steel","Finesse","OrangePellets","Undo","FocusPotion"],"campfire_rested":6,"item_purchase_floors":[5,5,13,13,27,37,54,54],"current_hp_per_floor":[45,45,45,45,45,45,12,12,12,5,5,26,26,26,26,11,56,44,23,17,17,17,17,17,15,15,15,15,15,36,36,36,36,62,62,24,24,24,24,15,35,25,25,45,39,59,59,59,59,18,1,51,67,67,67,36],"gold":59,"neow_bonus":"TWO_FIFTY_GOLD","is_prod":false,"is_daily":false,"chose_seed":false,"campfire_upgraded":5,"win_rate":0,"timestamp":1548072780,"path_taken":["M","?","$","M","$","R","E","R","T","M","?","R","?","E","R","BOSS","M","?","M","?","M","?","R","M","T","$","?","?","R","M","R","BOSS","M","M","?","M","?","E","R","?","T","R","?","R","E","$","R","BOSS","BOSS","R","$","E","BOSS"],"build_version":"2019-01-17v2","purchased_purges":3,"victory":true,"max_hp_per_floor":[71,71,71,71,71,71,71,71,71,71,71,71,71,71,71,71,71,71,71,71,71,71,71,71,71,71,71,71,71,71,71,71,71,71,71,71,71,71,67,67,67,67,67,67,67,67,67,67,67,67,67,67,67,67,67,67],"card_choices":[{"not_picked":["Scrape","Steam"],"picked":"FTL","floor":1.0},{"not_picked":["Steam","Hologram"],"picked":"Glacier","floor":4.0},{"not_picked":["Leap","Barrage"],"picked":"Ball Lightning","floor":7.0},{"not_picked":["Turbo","Doom and Gloom","Ball Lightning"],"picked":"SKIP","floor":10.0},{"not_picked":["Gash","Force Field"],"picked":"White Noise","floor":14.0},{"not_picked":["Meteor Strike","Multi-Cast"],"picked":"Biased Cognition","floor":16.0},{"not_picked":["Fusion","Streamline","Double Energy+1"],"picked":"SKIP","floor":18.0},{"not_picked":["Doom and Gloom","Steam"],"picked":"FTL","floor":20.0},{"not_picked":["Steam","Beam Cell","Static Discharge"],"picked":"SKIP","floor":22.0},{"not_picked":["Capacitor","Stack"],"picked":"Heatsinks","floor":25.0},{"not_picked":["Redo","Reinforced Body"],"picked":"Consume","floor":31.0},{"not_picked":["Streamline","Steam Power"],"picked":"Glacier+1","floor":35.0},{"not_picked":["Sweeping Beam","Compile Driver"],"picked":"Coolheaded+1","floor":36.0},{"not_picked":["Go for the Eyes","Aggregate+1","Rip and Tear+1"],"picked":"SKIP","floor":38.0},{"not_picked":["Hologram","Skim","Redo"],"picked":"SKIP","floor":40.0},{"not_picked":["Enlightenment","Transmutation"],"picked":"Finesse","floor":42.0},{"not_picked":["Jack Of All Trades","Metamorphosis"],"picked":"Apotheosis","floor":42.0},{"not_picked":["The Bomb","PanicButton"],"picked":"Purity","floor":42.0},{"not_picked":["Skim","Creative AI"],"picked":"Loop+1","floor":47.0},{"not_picked":["Cold Snap","Barrage"],"picked":"Biased Cognition","floor":55.0}],"player_experience":2109164,"relics_obtained":[{"floor":7.0,"key":"Juzu Bracelet"},{"floor":9.0,"key":"PreservedInsect"},{"floor":14.0,"key":"Potion Belt"},{"floor":19.0,"key":"Enchiridion"},{"floor":26.0,"key":"Thread and Needle"},{"floor":40.0,"key":"Bronze Scales"},{"floor":47.0,"key":"The Courier"},{"floor":55.0,"key":"Blood Vial"}],"event_choices":[{"damage_healed":0.0,"max_hp_gain":0.0,"max_hp_loss":0.0,"gold_gain":0.0,"event_name":"Scrap Ooze","player_choice":"Fled","floor":2.0,"gold_loss":0.0,"damage_taken":0.0},{"damage_healed":0.0,"max_hp_gain":0.0,"max_hp_loss":0.0,"gold_gain":0.0,"cards_transformed":["Strike_B"],"event_name":"Living Wall","player_choice":"Change","floor":11.0,"gold_loss":0.0,"damage_taken":0.0,"cards_obtained":["Chill"]},{"damage_healed":0.0,"max_hp_gain":0.0,"max_hp_loss":0.0,"gold_gain":0.0,"event_name":"Cursed Tome","player_choice":"Obtained Book","floor":19.0,"gold_loss":0.0,"damage_taken":21.0},{"damage_healed":0.0,"max_hp_gain":0.0,"max_hp_loss":0.0,"gold_gain":0.0,"event_name":"The Woman in Blue","player_choice":"Bought 3 Potions","floor":21.0,"gold_loss":0.0,"damage_taken":0.0},{"damage_healed":0.0,"max_hp_gain":0.0,"max_hp_loss":0.0,"gold_gain":0.0,"cards_transformed":["Strike_B"],"event_name":"Transmorgrifier","player_choice":"Transformed","floor":23.0,"gold_loss":0.0,"damage_taken":0.0,"cards_obtained":["White Noise"]},{"damage_healed":0.0,"max_hp_gain":0.0,"max_hp_loss":0.0,"gold_gain":0.0,"event_name":"The Mausoleum","player_choice":"Ignored","floor":28.0,"gold_loss":0.0,"damage_taken":0.0},{"damage_healed":0.0,"max_hp_gain":0.0,"max_hp_loss":0.0,"gold_gain":0.0,"event_name":"Accursed Blacksmith","player_choice":"Forge","floor":29.0,"gold_loss":0.0,"damage_taken":0.0,"cards_upgraded":["Heatsinks"]},{"damage_healed":0.0,"max_hp_gain":0.0,"max_hp_loss":4.0,"gold_gain":0.0,"event_name":"Winding Halls","player_choice":"Max HP","floor":39.0,"gold_loss":0.0,"damage_taken":0.0},{"damage_healed":0.0,"max_hp_gain":0.0,"max_hp_loss":0.0,"gold_gain":0.0,"event_name":"SensoryStone","player_choice":"Memory 3","floor":42.0,"gold_loss":0.0,"damage_taken":10.0},{"damage_healed":0.0,"max_hp_gain":0.0,"max_hp_loss":0.0,"gold_gain":50.0,"event_name":"FaceTrader","player_choice":"Touch","floor":45.0,"gold_loss":0.0,"damage_taken":6.0}],"is_beta":false,"boss_relics":[{"not_picked":["Ectoplasm","FrozenCore"],"picked":"Inserter"},{"not_picked":["Snecko Eye","Empty Cage"],"picked":"Fusion Hammer"}],"items_purged_floors":[3,5,48],"is_endless":false,"potions_floor_spawned":[1,4,10,25,31,38,40],"ascension_level":20}