{"gold_per_floor":[109,134,154,22,40,71,71,102,155,170,170,5,26,50,50,126,126,139,149,162,78,94,94,19,34,34,65,115,115,3,22,22,22,22,38,0,0,10,25,74,74,109,109,109,109,129,144,144,144,144,144,144,144,8,36,36],"floor_reached":56,"playtime":3249,"items_purged":[],"score":2245,"play_id":"96333837-b805-4959-b032-a746e60e3e5c","local_time":"20190608141004","is_ascension_mode":true,"campfire_choices":[{"data":"Apotheosis","floor":7.0,"key":"SMITH"},{"floor":11.0,"key":"REST"},{"floor":15.0,"key":"REST"},{"floor":23.0,"key":"REST"},{"floor":29.0,"key":"RECALL"},{"data":"Reboot","floor":32.0,"key":"SMITH"},{"data":"Panacea","floor":41.0,"key":"SMITH"},{"data":"Heatsinks","floor":44.0,"key":"SMITH"},{"data":"Master of Strategy","floor":49.0,"key":"SMITH"},{"floor":53.0,"key":"REST"}],"neow_cost":"TEN_PERCENT_HP_LOSS","seed_source_timestamp":0,"circlet_count":0,"master_deck":["AscendersBane","Zap","Dualcast","Violence","Apotheosis+1","Compile Driver","Recycle","Turbo","Chaos","Defragment","Glacier","Undo","Fission","Storm","Machine Learning","Amplify","Reboot+1","Loop","Reprogram","Sunder","Doom and Gloom","Skim+1","Coolheaded","Conserve Battery","Self Repair","Force Field","Creative AI","Heatsinks+1","Turbo","Hologram","Echo Form","Turbo","Hologram","Coolheaded+1","Coolheaded+1","Magnetism","Master of Strategy+1","Panacea+1","Defragment","Hologram","Recycle","Force Field+1"],"special_seed":0,"relics":["Cracked Core","Omamori","Ginger","Incense Burner","Orichalcum","Odd Mushroom","Whetstone","Pandora\u0027s Box","Dead Branch","Pocketwatch","Orrery","Red Mask","Dodecahedron","Lantern","Blue Candle","Pen Nib"],"potions_floor_usage":[56,56],"damage_taken":[{"damage":0.0,"enemies":"Cultist","floor":1.0,"turns":3.0},{"damage":2.0,"enemies":"Jaw Worm","floor":3.0,"turns":4.0},{"damage":7.0,"enemies":"Small Slimes","floor":5.0,"turns":5.0},{"damage":20.0,"enemies":"3 Sentries","floor":6.0,"turns":6.0},{"damage":16.0,"enemies":"Lagavulin","floor":8.0,"turns":7.0},{"damage":17.0,"enemies":"Exordium Thugs","floor":10.0,"turns":6.0},{"damage":17.0,"enemies":"The Mushroom Lair","floor":13.0,"turns":5.0},{"damage":21.0,"enemies":"The Guardian","floor":16.0,"turns":12.0},{"damage":11.0,"enemies":"Shell Parasite","floor":18.0,"turns":4.0},{"damage":5.0,"enemies":"Spheric Guardian","floor":19.0,"turns":4.0},{"damage":12.0,"enemies":"Snake Plant","floor":20.0,"turns":3.0},{"damage":14.0,"enemies":"Shelled Parasite and Fungi","floor":22.0,"turns":7.0},{"damage":14.0,"enemies":"Centurion and Healer","floor":25.0,"turns":6.0},{"damage":0.0,"enemies":"Book of Stabbing","floor":27.0,"turns":3.0},{"damage":0.0,"enemies":"Sentry and Sphere","floor":31.0,"turns":4.0},{"damage":0.0,"enemies":"Champ","floor":33.0,"turns":3.0},{"damage":0.0,"enemies":"Orb Walker","floor":35.0,"turns":4.0},{"damage":0.0,"enemies":"3 Shapes","floor":38.0,"turns":1.0},{"damage":0.0,"enemies":"Spire Growth","floor":39.0,"turns":3.0},{"damage":0.0,"enemies":"Nemesis","floor":40.0,"turns":7.0},{"damage":0.0,"enemies":"Reptomancer","floor":42.0,"turns":3.0},{"damage":1.0,"enemies":"Maw","floor":46.0,"turns":7.0},{"damage":9.0,"enemies":"Sphere and 2 Shapes","floor":47.0,"turns":3.0},{"damage":42.0,"enemies":"Awakened One","floor":50.0,"turns":5.0},{"damage":6.0,"enemies":"Time Eater","floor":51.0,"turns":12.0},{"damage":0.0,"enemies":"Shield and Spear","floor":55.0,"turns":5.0},{"damage":69,"enemies":"The Heart","floor":56,"turns":3}],"seed_played":"8242442002472229160","potions_obtained":[{"floor":1.0,"key":"SkillPotion"},{"floor":3.0,"key":"FocusPotion"},{"floor":13.0,"key":"Energy Potion"},{"floor":18.0,"key":"FearPotion"},{"floor":27.0,"key":"EntropicBrew"},{"floor":31.0,"key":"FocusPotion"},{"floor":35.0,"key":"Weak Potion"},{"floor":42.0,"key":"Explosive Potion"}],"is_trial":false,"path_per_floor":["M","T","M","$","M","E","R","E","T","M","R","$","?","T","R","B",null,"M","M","M","$","M","R","?","M","T","E","?","R","$","M","R","B",null,"M","?","?","M","M","E","R","E","T","R","?","M","M","?","R","B","B",null,"R","$","E","B"],"character_chosen":"DEFECT","items_purchased":["Recycle","Turbo","Fission","Storm","Self Repair","Turbo","Hologram","GamblersBrew","Energy Potion"],"campfire_rested":4,"item_purchase_floors":[4,4,12,12,21,30,30,54,54],"current_hp_per_floor":[64,64,62,62,55,35,35,19,19,2,21,21,4,4,23,2,49,38,33,21,21,27,46,46,52,52,64,64,64,64,64,64,64,64,64,64,54,64,64,64,64,64,64,64,64,64,64,64,64,32,36,57,64,64,64,0],"gold":36,"neow_bonus":"RANDOM_COLORLESS_2","is_prod":false,"is_daily":false,"chose_seed":false,"campfire_upgraded":5,"win_rate":0,"timestamp":1559970604,"path_taken":["M","?","M","$","M","E","R","E","T","?","R","?","?","?","R","BOSS","M","M","M","$","M","R","?","?","T","E","?","R","?","M","R","BOSS","M","?","?","M","M","E","R","E","T","R","?","M","?","?","R","BOSS","BOSS","R","$","E","BOSS"],"build_version":"2019-01-23","purchased_purges":0,"victory":false,"max_hp_per_floor":[64,64,64,64,64,64,64,64,64,64,64,64,64,64,64,64,64,64,64,64,64,64,64,64,64,64,64,64,64,64,64,64,64,64,64,64,64,64,64,64,64,64,64,64,64,64,64,64,64,64,64,64,64,64,64,64],"card_choices":[{"not_picked":["Hello World","Beam Cell"],"picked":"Compile Driver","floor":1.0},{"not_picked":["Sweeping Beam","Barrage","Leap"],"picked":"SKIP","floor":3.0},{"not_picked":["Leap","Stack"],"picked":"Chaos","floor":5.0},{"not_picked":["Lockon","Ball Lightning"],"picked":"Defragment","floor":6.0},{"not_picked":["Barrage","Steam"],"picked":"Glacier","floor":8.0},{"not_picked":["Beam Cell","Gash"],"picked":"Undo","floor":10.0},{"not_picked":["Leap","Hologram"],"picked":"Machine Learning","floor":13.0},{"not_picked":["Buffer","Reboot"],"picked":"Amplify","floor":16.0},{"not_picked":["FTL","Go for the Eyes","Rebound"],"picked":"SKIP","floor":18.0},{"not_picked":["Barrage","Force Field"],"picked":"Coolheaded","floor":19.0},{"not_picked":["Leap+1","Lockon"],"picked":"Conserve Battery","floor":20.0},{"not_picked":["Glacier","Reinforced Body","Tempest"],"picked":"SKIP","floor":22.0},{"not_picked":["Sweeping Beam","Cold Snap"],"picked":"Heatsinks","floor":25.0},{"not_picked":["Rip and Tear","Cold Snap","Doom and Gloom"],"picked":"SKIP","floor":27.0},{"not_picked":["Go for the Eyes+1","Lockon","Sunder"],"picked":"SKIP","floor":31.0},{"not_picked":["Compile Driver","Gash"],"picked":"Echo Form","floor":34.0},{"not_picked":["Stack","Consume+1"],"picked":"Turbo","floor":34.0},{"not_picked":["Compile Driver","Streamline"],"picked":"Hologram","floor":34.0},{"not_picked":["Steam","Sweeping Beam"],"picked":"Coolheaded+1","floor":34.0},{"not_picked":["Streamline","Conserve Battery"],"picked":"Coolheaded+1","floor":34.0},{"not_picked":["Coolheaded","Streamline","Hello World"],"picked":"SKIP","floor":35.0},{"not_picked":["Swift Strike","Deep Breath"],"picked":"Magnetism","floor":37.0},{"not_picked":["Deep Breath","Trip"],"picked":"Master of Strategy","floor":37.0},{"not_picked":["Magnetism","Metamorphosis"],"picked":"Panacea","floor":37.0},{"not_picked":["Steam","Go for the Eyes+1","Streamline"],"picked":"SKIP","floor":38.0},{"not_picked":["Go for the Eyes","Hello World","Leap"],"picked":"SKIP","floor":39.0},{"not_picked":["Cold Snap","Sweeping Beam"],"picked":"Defragment","floor":40.0},{"not_picked":["Machine Learning","Redo"],"picked":"Hologram","floor":42.0},{"not_picked":["Turbo","Redo+1"],"picked":"Recycle","floor":46.0},{"not_picked":["Capacitor","Barrage","Coolheaded"],"picked":"SKIP","floor":47.0},{"not_picked":["Beam Cell","Sweeping Beam"],"picked":"Force Field+1","floor":55.0}],"player_experience":566683,"relics_obtained":[{"floor":2.0,"key":"Omamori"},{"floor":6.0,"key":"Ginger"},{"floor":8.0,"key":"Incense Burner"},{"floor":9.0,"key":"Orichalcum"},{"floor":13.0,"key":"Odd Mushroom"},{"floor":14.0,"key":"Whetstone"},{"floor":26.0,"key":"Dead Branch"},{"floor":27.0,"key":"Pocketwatch"},{"floor":40.0,"key":"Dodecahedron"},{"floor":42.0,"key":"Lantern"},{"floor":45.0,"key":"Blue Candle"},{"floor":55.0,"key":"Pen Nib"}],"event_choices":[{"damage_healed":0.0,"max_hp_gain":0.0,"max_hp_loss":0.0,"gold_gain":0.0,"event_name":"Mushrooms","player_choice":"Fought Mushrooms","floor":13.0,"gold_loss":0.0,"damage_taken":0.0},{"damage_healed":0.0,"max_hp_gain":0.0,"max_hp_loss":0.0,"gold_gain":0.0,"cards_transformed":["Doom and Gloom","Rip and Tear"],"event_name":"Designer","player_choice":"Transformed Cards","floor":24.0,"gold_loss":75.0,"damage_taken":0.0,"cards_obtained":["Force Field","Creative AI"]},{"damage_healed":0.0,"max_hp_gain":0.0,"max_hp_loss":0.0,"gold_gain":50.0,"event_name":"Golden Shrine","player_choice":"Pray","floor":28.0,"gold_loss":0.0,"damage_taken":0.0},{"damage_healed":0.0,"max_hp_gain":0.0,"max_hp_loss":0.0,"gold_gain":0.0,"event_name":"Tomb of Lord Red Mask","player_choice":"Paid","floor":36.0,"gold_loss":38.0,"damage_taken":0.0,"relics_obtained":["Red Mask"]},{"damage_healed":0.0,"max_hp_gain":0.0,"max_hp_loss":0.0,"gold_gain":0.0,"event_name":"SensoryStone","player_choice":"Memory 3","floor":37.0,"gold_loss":0.0,"damage_taken":10.0},{"damage_healed":0.0,"max_hp_gain":0.0,"max_hp_loss":0.0,"gold_gain":0.0,"event_name":"Wheel of Change","player_choice":"Relic","floor":45.0,"gold_loss":0.0,"damage_taken":0.0},{"damage_healed":0.0,"max_hp_gain":0.0,"max_hp_loss":0.0,"gold_gain":0.0,"event_name":"Upgrade Shrine","player_choice":"Upgraded","floor":48.0,"gold_loss":0.0,"damage_taken":0.0,"cards_upgraded":["Skim"]}],"is_beta":false,"boss_relics":[{"not_picked":["Cursed Key","White Beast Statue"],"picked":"Pandora\u0027s Box"},{"not_picked":["Calling Bell","Busted Crown"],"picked":"Orrery"}],"items_purged_floors":[],"is_endless":false,"potions_floor_spawned":[1,3,13,18,27,31,33,35,42,47],"killed_by":"The Heart","ascension_level":20}