{"gold_per_floor":[12,12,28,28,38,38,58,58,58,75,108,108,118,43,43,117,117,137,0,0,17,29,44,44,58,58,58,122,44,55,89,89,89],"floor_reached":33,"playtime":1003,"items_purged":["Strike_R"],"score":578,"play_id":"331b6962-0f5b-4759-9735-651b6d75abb6","local_time":"20190309201641","is_ascension_mode":true,"campfire_choices":[{"data":"Uppercut","floor":6.0,"key":"SMITH"},{"data":"Body Slam","floor":8.0,"key":"SMITH"},{"data":"Demon Form","floor":12.0,"key":"SMITH"},{"data":"Second Wind","floor":15.0,"key":"SMITH"},{"data":"True Grit","floor":24.0,"key":"SMITH"},{"data":"Shrug It Off","floor":27.0,"key":"SMITH"},{"data":"Limit Break","floor":32.0,"key":"SMITH"}],"neow_cost":"NO_GOLD","seed_source_timestamp":28806608117169,"circlet_count":0,"master_deck":["AscendersBane","Strike_R","Strike_R","Strike_R","Strike_R","Defend_R","Defend_R","Defend_R","Defend_R","Bash","Disarm","Uppercut+1","Second Wind+1","Body Slam+1","Shrug It Off+1","Demon Form+1","Fiend Fire+1","True Grit+1","Power Through","Limit Break+1"],"special_seed":0,"relics":["Burning Blood","Magic Flower","Shuriken","Vajra","Bag of Preparation","Philosopher\u0027s Stone","Kunai","Tiny Chest","Mercury Hourglass"],"potions_floor_usage":[],"damage_taken":[{"damage":12.0,"enemies":"Small Slimes","floor":1.0,"turns":4.0},{"damage":15.0,"enemies":"Cultist","floor":3.0,"turns":5.0},{"damage":4.0,"enemies":"2 Louse","floor":5.0,"turns":4.0},{"damage":10.0,"enemies":"Red Slaver","floor":7.0,"turns":4.0},{"damage":19.0,"enemies":"Exordium Wildlife","floor":10.0,"turns":5.0},{"damage":6.0,"enemies":"Gremlin Nob","floor":11.0,"turns":3.0},{"damage":2.0,"enemies":"3 Louse","floor":13.0,"turns":4.0},{"damage":8.0,"enemies":"Hexaghost","floor":16.0,"turns":9.0},{"damage":4.0,"enemies":"Spheric Guardian","floor":18.0,"turns":3.0},{"damage":19.0,"enemies":"Shell Parasite","floor":21.0,"turns":4.0},{"damage":8.0,"enemies":"Snecko","floor":22.0,"turns":4.0},{"damage":39.0,"enemies":"3 Cultists","floor":23.0,"turns":6.0},{"damage":0.0,"enemies":"Snake Plant","floor":25.0,"turns":1.0},{"damage":39.0,"enemies":"Slavers","floor":28.0,"turns":7.0},{"damage":0.0,"enemies":"Centurion and Healer","floor":30.0,"turns":5.0},{"damage":24.0,"enemies":"Book of Stabbing","floor":31.0,"turns":8.0},{"damage":19,"enemies":"Champ","floor":33,"turns":3}],"seed_played":"5660338671369115457","potions_obtained":[{"floor":1.0,"key":"SpeedPotion"},{"floor":7.0,"key":"Energy Potion"},{"floor":10.0,"key":"Strength Potion"},{"floor":13.0,"key":"Explosive Potion"},{"floor":16.0,"key":"Swift Potion"},{"floor":18.0,"key":"Regen Potion"},{"floor":21.0,"key":"SteroidPotion"},{"floor":25.0,"key":"Block Potion"},{"floor":30.0,"key":"Block Potion"}],"is_trial":false,"path_per_floor":["M","?","M","?","M","R","M","R","T","M","E","R","M","$","R","B",null,"M","?","?","M","M","M","R","M","T","R","E","$","M","E","R","B"],"character_chosen":"IRONCLAD","items_purchased":["Power Through"],"campfire_rested":0,"item_purchase_floors":[29],"current_hp_per_floor":[65,70,64,64,69,69,68,68,68,58,61,61,68,68,68,69,77,80,80,80,70,71,41,41,50,50,50,20,20,29,14,14,0],"gold":89,"neow_bonus":"ONE_RARE_RELIC","is_prod":false,"is_daily":false,"chose_seed":false,"campfire_upgraded":7,"win_rate":0,"timestamp":1552133801,"path_taken":["M","?","M","?","M","R","?","R","T","M","E","R","?","$","R","BOSS","M","?","?","M","M","M","R","M","T","R","E","$","M","E","R","BOSS"],"build_version":"2019-01-23","purchased_purges":1,"victory":false,"max_hp_per_floor":[75,80,80,80,80,80,80,80,80,80,80,80,80,80,80,80,80,80,80,80,80,80,80,80,80,80,80,80,80,80,80,80,80],"card_choices":[{"not_picked":["Sword Boomerang","Havoc"],"picked":"Disarm","floor":1.0},{"not_picked":["Cleave","Iron Wave"],"picked":"Uppercut","floor":3.0},{"not_picked":["Bloodletting","Rampage"],"picked":"Second Wind","floor":5.0},{"not_picked":["Pummel","Bloodletting"],"picked":"Body Slam","floor":7.0},{"not_picked":["Anger","Shockwave"],"picked":"Shrug It Off","floor":10.0},{"not_picked":["Hemokinesis","Anger"],"picked":"Demon Form","floor":11.0},{"not_picked":["Clash","Iron Wave","Entrench"],"picked":"SKIP","floor":13.0},{"not_picked":["Demon Form","Double Tap"],"picked":"Fiend Fire","floor":16.0},{"not_picked":["Clothesline","Heavy Blade","Cleave"],"picked":"SKIP","floor":18.0},{"not_picked":["Iron Wave","Shrug It Off","Perfected Strike"],"picked":"SKIP","floor":21.0},{"not_picked":["Sword Boomerang","Juggernaut"],"picked":"True Grit","floor":22.0},{"not_picked":["Flame Barrier","Hemokinesis","True Grit"],"picked":"SKIP","floor":23.0},{"not_picked":["Wild Strike","Pommel Strike","Iron Wave"],"picked":"SKIP","floor":25.0},{"not_picked":["Uppercut","Metallicize","Body Slam"],"picked":"SKIP","floor":28.0},{"not_picked":["Flex","Warcry"],"picked":"Limit Break","floor":30.0},{"not_picked":["Blood for Blood","Flex","Perfected Strike"],"picked":"SKIP","floor":31.0}],"player_experience":3443209,"relics_obtained":[{"floor":9.0,"key":"Vajra"},{"floor":11.0,"key":"Bag of Preparation"},{"floor":26.0,"key":"Kunai"},{"floor":28.0,"key":"Tiny Chest"},{"floor":31.0,"key":"Mercury Hourglass"}],"event_choices":[{"damage_healed":0.0,"max_hp_gain":5.0,"max_hp_loss":0.0,"gold_gain":0.0,"event_name":"Big Fish","player_choice":"Donut","floor":2.0,"gold_loss":0.0,"damage_taken":0.0},{"damage_healed":0.0,"max_hp_gain":0.0,"max_hp_loss":0.0,"gold_gain":0.0,"event_name":"WeMeetAgain","player_choice":"Gave Potion","floor":4.0,"gold_loss":0.0,"damage_taken":0.0,"relics_obtained":["Shuriken"]},{"damage_healed":0.0,"max_hp_gain":0.0,"max_hp_loss":0.0,"gold_gain":0.0,"event_name":"Masked Bandits","player_choice":"Paid Fearfully","floor":19.0,"gold_loss":137.0,"damage_taken":0.0},{"damage_healed":0.0,"max_hp_gain":0.0,"max_hp_loss":0.0,"gold_gain":0.0,"event_name":"Upgrade Shrine","player_choice":"Upgraded","floor":20.0,"gold_loss":0.0,"damage_taken":0.0,"cards_upgraded":["Fiend Fire"]}],"is_beta":false,"boss_relics":[{"not_picked":["Busted Crown","Black Star"],"picked":"Philosopher\u0027s Stone"}],"items_purged_floors":[14],"is_endless":false,"potions_floor_spawned":[1,7,10,13,16,18,21,23,25,30],"killed_by":"Champ","ascension_level":20}