{"gold_per_floor":[119,119,119,119,142,176,176,215,215,236,236,14,29,29,29,125,125,139,139],"floor_reached":19,"playtime":567,"items_purged":[],"score":400,"play_id":"030b9e72-78cf-4529-a07c-722c97918d75","local_time":"20190123195211","is_ascension_mode":true,"campfire_choices":[{"data":"Inflame","floor":7,"key":"SMITH"},{"data":"Bash","floor":11,"key":"SMITH"},{"data":"Flex","floor":15,"key":"SMITH"}],"neow_cost":"NONE","seed_source_timestamp":23308232384621,"circlet_count":0,"master_deck":["AscendersBane","Strike_R+1","Strike_R","Strike_R","Strike_R","Defend_R+1","Defend_R","Defend_R","Defend_R","Bash+1","Burning Pact","Flex+1","Inflame+1","Brutality+1","Reaper"],"special_seed":0,"relics":["Burning Blood","NeowsBlessing","Golden Idol","Mercury Hourglass","Smiling Mask","Frozen Egg 2","Brimstone","Busted Crown"],"potions_floor_usage":[8,16],"damage_taken":[{"damage":0.0,"enemies":"2 Louse","floor":1.0,"turns":2.0},{"damage":0,"enemies":"Jaw Worm","floor":5,"turns":1},{"damage":0,"enemies":"Lagavulin","floor":6,"turns":1},{"damage":27,"enemies":"3 Sentries","floor":8,"turns":7},{"damage":10,"enemies":"Small Slimes","floor":10,"turns":3},{"damage":8,"enemies":"3 Louse","floor":13,"turns":2},{"damage":28,"enemies":"The Guardian","floor":16,"turns":7},{"damage":15,"enemies":"Spheric Guardian","floor":18,"turns":3},{"damage":90,"enemies":"3 Byrds","floor":19,"turns":3}],"seed_played":"-146680419522260886","potions_obtained":[{"floor":1.0,"key":"GamblersBrew"},{"floor":5,"key":"Swift Potion"}],"is_trial":false,"path_per_floor":["M","?","?","?","M","E","R","E","T","M","R","$","M","$","R","B",null,"M","M"],"character_chosen":"IRONCLAD","items_purchased":["Brimstone"],"campfire_rested":0,"item_purchase_floors":[12],"current_hp_per_floor":[74,74,68,48,54,60,60,39,39,35,35,35,33,33,33,11,54,58,0],"gold":139,"neow_bonus":"THREE_ENEMY_KILL","is_prod":false,"is_daily":false,"chose_seed":false,"campfire_upgraded":3,"win_rate":0,"timestamp":1548244331,"path_taken":["M","?","?","?","M","E","R","E","T","?","R","$","M","$","R","BOSS","M","M"],"build_version":"2019-01-17v2","purchased_purges":0,"victory":false,"max_hp_per_floor":[75,75,68,68,68,68,68,68,68,68,68,68,68,68,68,68,68,68,68],"card_choices":[{"not_picked":["Warcry","Headbutt"],"picked":"Burning Pact","floor":1.0},{"not_picked":["Sentinel","Perfected Strike"],"picked":"Flex","floor":5},{"not_picked":["Combust","Twin Strike"],"picked":"Inflame","floor":6},{"not_picked":["Havoc","Warcry","Perfected Strike"],"picked":"SKIP","floor":8},{"not_picked":["Thunderclap","Fire Breathing+1"],"picked":"Brutality+1","floor":10},{"not_picked":["Rage","Entrench","Havoc"],"picked":"SKIP","floor":13},{"not_picked":["Brutality+1","Fiend Fire"],"picked":"Reaper","floor":16},{"not_picked":["Combust+1"],"picked":"SKIP","floor":18}],"player_experience":2174925,"relics_obtained":[{"floor":6,"key":"Mercury Hourglass"},{"floor":8,"key":"Smiling Mask"},{"floor":9,"key":"Frozen Egg 2"}],"event_choices":[{"cards_removed":["Strike_R"],"damage_healed":0,"gold_gain":0,"player_choice":"Forget","damage_taken":0,"max_hp_gain":0,"max_hp_loss":0,"event_name":"Living Wall","floor":2,"gold_loss":0},{"damage_healed":0,"gold_gain":0,"player_choice":"Lose Max HP","damage_taken":0,"relics_obtained":["Golden Idol"],"max_hp_gain":0,"max_hp_loss":7,"event_name":"Golden Idol","floor":3,"gold_loss":0},{"damage_healed":0,"gold_gain":0,"player_choice":"Entered Light","damage_taken":20,"max_hp_gain":0,"max_hp_loss":0,"event_name":"Shining Light","floor":4,"gold_loss":0,"cards_upgraded":["Defend_R","Strike_R"]}],"is_beta":false,"boss_relics":[{"not_picked":["Mark of Pain","Ectoplasm"],"picked":"Busted Crown"}],"items_purged_floors":[],"is_endless":false,"potions_floor_spawned":[1,5,6],"killed_by":"3 Byrds","ascension_level":20}