{"gold_per_floor":[111,111,111,121,71,71,15,35,35,35,60,76,76,89,89,165,165,184,184,234,19,19,19,31,31,85,85,112,112,122,47,47,120,120,130,130,148,48,63,91,91,106,158,170,57,57,88,101,101,101,101],"floor_reached":52,"playtime":2622,"items_purged":["Strike_B","Strike_B","Defend_B"],"score":1952,"play_id":"20eafa1d-f017-4fa2-955a-1671e6e91100","local_time":"20190116200324","is_ascension_mode":true,"campfire_choices":[{"data":"Fission","floor":6.0,"key":"SMITH"},{"data":"Coolheaded","floor":10.0,"key":"SMITH"},{"data":"Hologram","floor":13.0,"key":"SMITH"},{"data":"Biased Cognition","floor":15.0,"key":"SMITH"},{"data":"Dualcast","floor":23.0,"key":"SMITH"},{"data":"Zap","floor":29.0,"key":"SMITH"},{"data":"Defragment","floor":32.0,"key":"SMITH"},{"data":"Seek","floor":41.0,"key":"SMITH"},{"data":"Rainbow","floor":44.0,"key":"SMITH"},{"data":"Gash","floor":46.0,"key":"SMITH"},{"data":"Defragment","floor":49,"key":"SMITH"}],"neow_cost":"TEN_PERCENT_HP_LOSS","seed_source_timestamp":30390433988964,"circlet_count":0,"master_deck":["AscendersBane","Strike_B+1","Defend_B","Defend_B","Defend_B","Zap+1","Dualcast+1","Fission+1","Chill","Gash+1","Chill","Coolheaded+1","Gash+1","Hologram+1","Biased Cognition+1","Rainbow+1","Rainbow","Defragment+1","Electrodynamics","Hologram+1","Seek+1","Defragment+1"],"special_seed":0,"relics":["FrozenCore","Pantograph","Sundial","Whetstone","Runic Capacitor","Ancient Tea Set","Mercury Hourglass","Philosopher\u0027s Stone","Meat on the Bone","MawBank","Lantern"],"potions_floor_usage":[51,51],"damage_taken":[{"damage":4.0,"enemies":"Small Slimes","floor":1.0,"turns":4.0},{"damage":0.0,"enemies":"2 Louse","floor":4.0,"turns":3.0},{"damage":0.0,"enemies":"Cultist","floor":8.0,"turns":3.0},{"damage":21.0,"enemies":"Lagavulin","floor":11.0,"turns":7.0},{"damage":2.0,"enemies":"Looter","floor":12.0,"turns":3.0},{"damage":3.0,"enemies":"Blue Slaver","floor":14.0,"turns":2.0},{"damage":42.0,"enemies":"Hexaghost","floor":16.0,"turns":11.0},{"damage":0.0,"enemies":"3 Byrds","floor":18.0,"turns":5.0},{"damage":0.0,"enemies":"Chosen","floor":24.0,"turns":6.0},{"damage":1.0,"enemies":"Colosseum Slavers","floor":27.0,"turns":4.0},{"damage":25.0,"enemies":"Slavers","floor":28.0,"turns":9.0},{"damage":0.0,"enemies":"Sentry and Sphere","floor":30.0,"turns":5.0},{"damage":0.0,"enemies":"Automaton","floor":33.0,"turns":10.0},{"damage":0.0,"enemies":"3 Shapes","floor":35.0,"turns":3.0},{"damage":0.0,"enemies":"3 Darklings","floor":37.0,"turns":2.0},{"damage":1.0,"enemies":"4 Shapes","floor":39.0,"turns":3.0},{"damage":0.0,"enemies":"Nemesis","floor":40.0,"turns":5.0},{"damage":0.0,"enemies":"Spire Growth","floor":42.0,"turns":4.0},{"damage":22.0,"enemies":"Giant Head","floor":47.0,"turns":7.0},{"damage":12,"enemies":"3 Darklings","floor":48,"turns":3},{"damage":42,"enemies":"Time Eater","floor":50,"turns":15},{"damage":15,"enemies":"Awakened One","floor":51,"turns":9}],"seed_played":"2988543476325578186","potions_obtained":[{"floor":4.0,"key":"SkillPotion"},{"floor":8.0,"key":"Swift Potion"},{"floor":14.0,"key":"PowerPotion"},{"floor":30.0,"key":"Energy Potion"},{"floor":33.0,"key":"Swift Potion"},{"floor":37.0,"key":"Ancient Potion"},{"floor":40.0,"key":"Strength Potion"}],"is_trial":false,"path_per_floor":["M","?","?","M","$","R","$","M","T","R","E","M","R","M","R","B",null,"M","?","?","$","?","R","M","?","T","?","E","R","M","$","R","B",null,"M","?","M","$","M","E","R","M","T","R","$","R","E","M","R","B","B",null],"character_chosen":"DEFECT","items_purchased":["Coolheaded","Gash","Runic Capacitor"],"campfire_rested":0,"item_purchase_floors":[5,7,21],"current_hp_per_floor":[60,55,55,55,55,55,55,55,55,55,34,32,32,29,29,12,51,51,51,51,51,51,51,51,51,51,50,25,25,25,25,25,50,61,61,61,61,61,60,60,60,60,60,60,60,60,38,38,38,33,43],"gold":101,"neow_bonus":"THREE_RARE_CARDS","is_prod":false,"is_daily":false,"chose_seed":false,"campfire_upgraded":11,"win_rate":0,"timestamp":1547640204,"path_taken":["M","?","?","M","$","R","$","M","T","R","E","M","R","?","R","BOSS","M","?","?","$","?","R","?","?","T","?","E","R","M","?","R","BOSS","M","?","M","$","M","E","R","M","T","R","$","R","E","M","R","BOSS","BOSS"],"build_version":"2019-01-10","purchased_purges":3,"victory":true,"max_hp_per_floor":[64,64,64,64,64,64,64,64,64,64,64,64,64,64,64,64,64,64,64,64,64,64,64,64,64,64,64,64,64,64,64,64,64,64,64,64,64,64,64,64,64,64,64,64,64,64,64,64,64,64,64],"card_choices":[{"not_picked":["Hyperbeam","Machine Learning"],"picked":"Fission","floor":0.0},{"not_picked":["Conserve Battery","Rebound"],"picked":"Chill","floor":1.0},{"not_picked":["Tempest","Go for the Eyes"],"picked":"Chill","floor":4.0},{"not_picked":["Consume","Stack","Turbo"],"picked":"SKIP","floor":8.0},{"not_picked":["Heatsinks","Reinforced Body","Melter"],"picked":"SKIP","floor":11.0},{"not_picked":["Conserve Battery","Beam Cell"],"picked":"Hologram","floor":12.0},{"not_picked":["Cold Snap","Streamline"],"picked":"Biased Cognition","floor":14.0},{"not_picked":["Multi-Cast","Meteor Strike"],"picked":"Rainbow","floor":16.0},{"not_picked":["Conserve Battery","Double Energy","White Noise"],"picked":"SKIP","floor":18.0},{"not_picked":["Go for the Eyes","Leap","Ball Lightning"],"picked":"SKIP","floor":24.0},{"not_picked":["Glacier","Chaos+1"],"picked":"Rainbow","floor":28.0},{"not_picked":["Rip and Tear","Sunder"],"picked":"Defragment","floor":30.0},{"not_picked":["Biased Cognition","Amplify"],"picked":"Electrodynamics","floor":33.0},{"not_picked":["Steam+1","Conserve Battery+1","Streamline"],"picked":"SKIP","floor":35.0},{"not_picked":["Streamline","Redo"],"picked":"Hologram+1","floor":37.0},{"not_picked":["Beam Cell","Chill","Go for the Eyes"],"picked":"SKIP","floor":39.0},{"not_picked":["Gash","Scrape"],"picked":"Seek","floor":40.0},{"not_picked":["Loop","Stack","Steam Power"],"picked":"SKIP","floor":42.0},{"not_picked":["Blizzard","Go for the Eyes"],"picked":"Defragment","floor":47.0},{"not_picked":["Cold Snap","Gash","Steam"],"picked":"SKIP","floor":48}],"player_experience":1954298,"relics_obtained":[{"floor":9.0,"key":"Sundial"},{"floor":11.0,"key":"Whetstone"},{"floor":26.0,"key":"Ancient Tea Set"},{"floor":28.0,"key":"Mercury Hourglass"},{"floor":40.0,"key":"Meat on the Bone"},{"floor":43.0,"key":"MawBank"},{"floor":47.0,"key":"Lantern"}],"event_choices":[{"damage_healed":0.0,"max_hp_gain":0.0,"max_hp_loss":0.0,"gold_gain":0.0,"event_name":"Scrap Ooze","player_choice":"Success","floor":2.0,"gold_loss":0.0,"damage_taken":5.0,"relics_obtained":["Pantograph"]},{"damage_healed":0.0,"max_hp_gain":0.0,"max_hp_loss":0.0,"gold_gain":0.0,"cards_transformed":["Strike_B"],"event_name":"Transmorgrifier","player_choice":"Transformed","floor":3.0,"gold_loss":0.0,"damage_taken":0.0,"cards_obtained":["Gash"]},{"damage_healed":0.0,"max_hp_gain":0.0,"max_hp_loss":0.0,"gold_gain":0.0,"event_name":"The Mausoleum","player_choice":"Ignored","floor":19.0,"gold_loss":0.0,"damage_taken":0.0},{"damage_healed":0.0,"max_hp_gain":0.0,"max_hp_loss":0.0,"gold_gain":50.0,"event_name":"Nest","player_choice":"Stole From Cult","floor":20.0,"gold_loss":0.0,"damage_taken":0.0},{"damage_healed":0.0,"max_hp_gain":0.0,"max_hp_loss":0.0,"gold_gain":0.0,"event_name":"Lab","player_choice":"Got Potions","floor":22.0,"gold_loss":0.0,"damage_taken":0.0},{"damage_healed":0.0,"max_hp_gain":0.0,"max_hp_loss":0.0,"gold_gain":0.0,"event_name":"Beggar","player_choice":"Ignored","floor":25.0,"gold_loss":0.0,"damage_taken":0.0},{"damage_healed":0.0,"max_hp_gain":0.0,"max_hp_loss":0.0,"gold_gain":0.0,"event_name":"Colosseum","player_choice":"Fight","floor":27.0,"gold_loss":0.0,"damage_taken":0.0},{"damage_healed":0.0,"max_hp_gain":0.0,"max_hp_loss":0.0,"gold_gain":0.0,"event_name":"Colosseum","player_choice":"Fled From Nobs","floor":27.0,"gold_loss":0.0,"damage_taken":0.0},{"damage_healed":0.0,"max_hp_gain":0.0,"max_hp_loss":0.0,"gold_gain":0.0,"event_name":"Match and Keep!","player_choice":"0 cards matched","floor":36.0,"gold_loss":0.0,"damage_taken":0.0,"cards_obtained":[]}],"is_beta":false,"boss_relics":[{"not_picked":["Snecko Eye","Ectoplasm"],"picked":"FrozenCore"},{"not_picked":["Tiny House","Calling Bell"],"picked":"Philosopher\u0027s Stone"}],"items_purged_floors":[31,38,45],"is_endless":false,"potions_floor_spawned":[4,8,14,27,30,33,35,37,40],"ascension_level":20}