{"gold_per_floor":[117,117,129,16,16,43,43,43,43,77,77,106,106,123,123,123],"floor_reached":16,"playtime":359,"items_purged":[],"score":282,"play_id":"9e0f1db2-69c2-447f-b909-1b91e22e6cdb","local_time":"20181119210658","is_ascension_mode":true,"campfire_choices":[{"data":"Zap","floor":8,"key":"SMITH"},{"floor":13,"key":"REST"},{"data":"Hologram","floor":15,"key":"SMITH"}],"neow_cost":"NONE","seed_source_timestamp":1678430755619825,"circlet_count":0,"master_deck":["AscendersBane","Strike_B","Strike_B+1","Defend_B","Defend_B","Defend_B","Defend_B","Zap+1","Dualcast","Coolheaded","Consume+1","Ball Lightning","Hologram+1","Blizzard"],"relics":["Cracked Core","NeowsBlessing","Du-Vu Doll","Pocketwatch","Pen Nib","Oddly Smooth Stone","Question Card"],"potions_floor_usage":[],"damage_taken":[{"damage":0,"enemies":"2 Louse","floor":1,"turns":1},{"damage":0,"enemies":"Jaw Worm","floor":3,"turns":1},{"damage":0,"enemies":"Lagavulin","floor":6,"turns":1},{"damage":19,"enemies":"3 Sentries","floor":10,"turns":6},{"damage":14,"enemies":"Gremlin Nob","floor":12,"turns":3},{"damage":4,"enemies":"Small Slimes","floor":14,"turns":2},{"damage":23,"enemies":"Hexaghost","floor":16,"turns":10}],"seed_played":"-8114283082476797326","potions_obtained":[{"floor":3,"key":"Energy Potion"},{"floor":12,"key":"Strength Potion"}],"is_trial":false,"path_per_floor":["M","?","M","$","?","E","?","R","T","E","T","E","R","M","R","B"],"character_chosen":"DEFECT","items_purchased":["Coolheaded","Consume"],"campfire_rested":1,"item_purchase_floors":[4,4],"current_hp_per_floor":[64,57,57,57,36,36,36,36,36,17,17,3,24,20,20,0],"gold":123,"neow_bonus":"THREE_ENEMY_KILL","is_prod":false,"is_daily":false,"chose_seed":false,"campfire_upgraded":2,"win_rate":0,"timestamp":1542632818,"path_taken":["M","?","M","$","?","E","?","R","T","E","?","E","R","?","R","BOSS"],"build_version":"2018-11-15","purchased_purges":0,"victory":false,"max_hp_per_floor":[71,71,71,71,71,71,71,71,71,71,71,71,71,71,71,71],"card_choices":[{"not_picked":["Redo","Hologram","Beam Cell"],"picked":"SKIP","floor":1},{"not_picked":["Hello World","Gash","Conserve Battery"],"picked":"SKIP","floor":3},{"not_picked":["Sweeping Beam","Beam Cell","White Noise"],"picked":"SKIP","floor":6},{"not_picked":["All For One","Sweeping Beam"],"picked":"Hologram","floor":10},{"not_picked":["Steam","Barrage","Redo"],"picked":"SKIP","floor":12},{"not_picked":["Turbo","Ball Lightning","BootSequence"],"picked":"Blizzard","floor":14}],"player_experience":568090,"relics_obtained":[{"floor":6,"key":"Du-Vu Doll"},{"floor":9,"key":"Pocketwatch"},{"floor":10,"key":"Pen Nib"},{"floor":11,"key":"Oddly Smooth Stone"},{"floor":12,"key":"Question Card"}],"event_choices":[{"cards_removed":["Strike_B"],"damage_healed":0,"gold_gain":0,"player_choice":"Card Removal","damage_taken":7,"max_hp_gain":0,"max_hp_loss":0,"event_name":"Golden Wing","floor":2,"gold_loss":0},{"damage_healed":0,"gold_gain":0,"player_choice":"Entered Light","damage_taken":21,"max_hp_gain":0,"max_hp_loss":0,"event_name":"Shining Light","floor":5,"gold_loss":0,"cards_upgraded":["Consume","Strike_B"]},{"damage_healed":0,"gold_gain":0,"cards_transformed":["Strike_B"],"player_choice":"Change","damage_taken":0,"max_hp_gain":0,"max_hp_loss":0,"event_name":"Living Wall","floor":7,"gold_loss":0,"cards_obtained":["Ball Lightning"]}],"is_beta":true,"boss_relics":[],"items_purged_floors":[],"is_endless":false,"potions_floor_spawned":[3,12],"killed_by":"Hexaghost","ascension_level":20}