{"gold_per_floor":[116,132,307,85,85,85,85,98,98,121,145,166,66,86,86,211,211,231,231,252,127,147,147,170,170,170,170,170,186,0,25,25,146,209,230,230,230,563,157,157,174,202,202,202,222,232,160,178,178,178],"floor_reached":51,"playtime":4953,"items_purged":["Doubt","Strike_G","Strike_G","Defend_G"],"score":694,"play_id":"caed963c-9eed-41e4-b7c1-289845c460e5","local_time":"20181023094649","is_ascension_mode":false,"campfire_choices":[{"data":"Noxious Fumes","floor":6.0,"key":"SMITH"},{"data":"Footwork","floor":15.0,"key":"SMITH"},{"data":"Night Terror","floor":23.0,"key":"SMITH"},{"data":"Footwork","floor":25.0,"key":"SMITH"},{"data":"Burst","floor":28.0,"key":"SMITH"},{"data":"Reflex","floor":32.0,"key":"SMITH"},{"data":"Apotheosis","floor":40,"key":"SMITH"},{"data":"Footwork","floor":44,"key":"SMITH"},{"floor":49,"key":"REST"}],"neow_cost":"NONE","seed_source_timestamp":0,"circlet_count":0,"master_deck":["Defend_G","Defend_G","Defend_G","Strike_G","Survivor","Neutralize","Burst+1","Concentrate","Footwork+1","Noxious Fumes+1","Grand Finale","Reflex+1","Prepared+1","Night Terror+1","Cloak And Dagger+1","Noxious Fumes+1","Caltrops+1","Blur","Footwork+1","Concentrate+1","Concentrate","Dodge and Roll+1","After Image","Prepared","Dodge and Roll","Apotheosis+1","Footwork+1","Venomology","Cloak And Dagger+1","Glass Knife","Night Terror","Well Laid Plans","Burst"],"special_seed":0,"relics":["Ring of the Snake","Darkstone Periapt","Strawberry","Potion Belt","Nloth\u0027s Gift","Tiny House","Anchor","Matryoshka"],"potions_floor_usage":[41,42,42,45,46,48,48,48,48,50,50,50,50,50],"damage_taken":[{"damage":0.0,"enemies":"2 Louse","floor":1.0,"turns":3.0},{"damage":0.0,"enemies":"Jaw Worm","floor":2.0,"turns":6.0},{"damage":3.0,"enemies":"Small Slimes","floor":8.0,"turns":5.0},{"damage":0.0,"enemies":"Exordium Wildlife","floor":11.0,"turns":5.0},{"damage":29.0,"enemies":"Exordium Thugs","floor":12.0,"turns":6.0},{"damage":21.0,"enemies":"Large Slime","floor":14.0,"turns":7.0},{"damage":0.0,"enemies":"Hexaghost","floor":16.0,"turns":11.0},{"damage":2.0,"enemies":"Spheric Guardian","floor":18.0,"turns":6.0},{"damage":1.0,"enemies":"Shell Parasite","floor":20.0,"turns":6.0},{"damage":0.0,"enemies":"Cultist and Chosen","floor":22.0,"turns":6.0},{"damage":10.0,"enemies":"Sentry and Sphere","floor":24.0,"turns":6.0},{"damage":9.0,"enemies":"Chosen and Byrds","floor":29.0,"turns":7.0},{"damage":21.0,"enemies":"3 Cultists","floor":31.0,"turns":5.0},{"damage":12.0,"enemies":"Champ","floor":33.0,"turns":14.0},{"damage":1,"enemies":"Orb Walker","floor":35,"turns":8},{"damage":2,"enemies":"3 Shapes","floor":41,"turns":6},{"damage":2,"enemies":"Giant Head","floor":42,"turns":14},{"damage":0,"enemies":"Sphere and 2 Shapes","floor":45,"turns":7},{"damage":0,"enemies":"3 Darklings","floor":46,"turns":9},{"damage":28,"enemies":"4 Shapes","floor":48,"turns":8},{"damage":18,"enemies":"Awakened One","floor":50,"turns":23}],"seed_played":"-1689132074888065875","potions_obtained":[{"floor":1.0,"key":"Fire Potion"},{"floor":8.0,"key":"Weak Potion"},{"floor":14.0,"key":"Block Potion"},{"floor":16.0,"key":"LiquidBronze"},{"floor":20.0,"key":"Block Potion"},{"floor":22.0,"key":"Dexterity Potion"},{"floor":29.0,"key":"Swift Potion"},{"floor":33.0,"key":"Weak Potion"},{"floor":34.0,"key":"Swift Potion"},{"floor":35,"key":"Dexterity Potion"},{"floor":42,"key":"Strength Potion"}],"is_trial":false,"path_per_floor":["M","M","?","$","?","R","?","M","T","T","M","M","$","M","R","B",null,"M","$","M","$","M","R","M","R","T","?","R","M","$","M","R","B",null,"M","?","$","?","$","R","M","E","T","R","M","M","$","M","R","B"],"character_chosen":"THE_SILENT","items_purchased":["Noxious Fumes","Grand Finale","Concentrate","Apotheosis","Footwork","Venomology","Well Laid Plans"],"campfire_rested":1,"item_purchase_floors":[4,4,30,39,39,39,47],"current_hp_per_floor":[70,70,70,70,53,53,53,50,50,57,57,28,28,7,7,7,77,75,75,74,74,74,74,64,64,64,64,64,55,55,34,34,22,82,81,81,81,81,81,81,79,77,77,77,77,77,77,49,73,55],"gold":178,"neow_bonus":"ONE_RANDOM_RARE_CARD","is_prod":false,"is_daily":false,"chose_seed":false,"campfire_upgraded":8,"win_rate":0,"timestamp":1540259209,"path_taken":["M","M","?","$","?","R","?","M","T","?","M","M","$","M","R","BOSS","M","$","M","$","M","R","M","R","T","?","R","M","?","?","R","BOSS","M","?","$","?","$","R","M","E","T","R","M","M","$","M","R","BOSS"],"build_version":"2018-10-18","purchased_purges":4,"victory":true,"max_hp_per_floor":[70,70,70,70,70,70,70,70,70,77,77,77,77,77,77,77,77,77,77,77,77,77,77,77,77,77,77,77,77,77,77,77,77,82,82,82,82,82,82,82,82,82,82,82,82,82,82,82,82,82],"card_choices":[{"not_picked":["Heel Hook","Quick Slash"],"picked":"Concentrate","floor":1.0},{"not_picked":["Dagger Throw","Distraction"],"picked":"Footwork","floor":2.0},{"not_picked":["Riddle With Holes","Poisoned Stab"],"picked":"Reflex","floor":8.0},{"not_picked":["Accuracy","Crippling Poison","Distraction"],"picked":"SKIP","floor":11.0},{"not_picked":["Flying Knee","Flechettes"],"picked":"Prepared","floor":12.0},{"not_picked":["Sucker Punch","Quick Slash","All Out Attack"],"picked":"SKIP","floor":14.0},{"not_picked":["Wraith Form v2","Doppelganger"],"picked":"Night Terror","floor":16.0},{"not_picked":["Flechettes+1","Cloak And Dagger","Slice"],"picked":"SKIP","floor":18.0},{"not_picked":["Blade Dance+1","Flechettes"],"picked":"Blur","floor":20.0},{"not_picked":["Backstab","Caltrops","Blade Dance"],"picked":"SKIP","floor":22.0},{"not_picked":["Dash","Backflip"],"picked":"Footwork","floor":24.0},{"not_picked":["Dagger Spray","Calculated Gamble"],"picked":"Concentrate+1","floor":29.0},{"not_picked":["Dagger Throw+1","Deadly Poison"],"picked":"Dodge and Roll+1","floor":31.0},{"not_picked":["Envenom","Storm of Steel"],"picked":"After Image","floor":33.0},{"not_picked":["Blade Dance","Setup"],"picked":"Prepared","floor":34.0},{"not_picked":["Prepared","Quick Slash"],"picked":"Dodge and Roll","floor":35},{"not_picked":["Bullet Time","PiercingWail"],"picked":"Cloak And Dagger+1","floor":41},{"not_picked":["Die Die Die","A Thousand Cuts"],"picked":"Glass Knife","floor":42},{"not_picked":["All Out Attack+1","Deflect","Sucker Punch"],"picked":"SKIP","floor":45},{"not_picked":["Dodge and Roll+1","Outmaneuver"],"picked":"Night Terror","floor":46},{"not_picked":["Endless Agony","Dodge and Roll"],"picked":"Burst","floor":48}],"player_experience":539061,"relics_obtained":[{"floor":9.0,"key":"Darkstone Periapt"},{"floor":10.0,"key":"Strawberry"},{"floor":26.0,"key":"Potion Belt"},{"floor":42,"key":"Anchor"},{"floor":43,"key":"Matryoshka"}],"event_choices":[{"damage_healed":0.0,"max_hp_gain":0.0,"max_hp_loss":0.0,"gold_gain":175.0,"event_name":"Liars Game","player_choice":"AGREE","floor":3.0,"gold_loss":0.0,"damage_taken":0.0,"cards_obtained":["Doubt"]},{"damage_healed":0.0,"max_hp_gain":0.0,"max_hp_loss":0.0,"gold_gain":0.0,"event_name":"Golden Idol","player_choice":"Take Damage","floor":5.0,"gold_loss":0.0,"damage_taken":17.0,"relics_obtained":["Golden Idol"]},{"damage_healed":0.0,"max_hp_gain":0.0,"max_hp_loss":0.0,"gold_gain":0.0,"event_name":"The Woman in Blue","player_choice":"Bought 0 Potions","floor":7.0,"gold_loss":0.0,"damage_taken":0.0},{"damage_healed":0.0,"max_hp_gain":0.0,"max_hp_loss":0.0,"gold_gain":0.0,"event_name":"N\u0027loth","player_choice":"Traded Relic","floor":27.0,"relics_lost":["Astrolabe"],"gold_loss":0.0,"damage_taken":0.0,"relics_obtained":["Nloth\u0027s Gift"]},{"damage_healed":0,"gold_gain":0,"player_choice":"Ignored","damage_taken":0,"max_hp_gain":0,"max_hp_loss":0,"event_name":"SecretPortal","floor":36,"gold_loss":0},{"damage_healed":0,"gold_gain":333,"player_choice":"Gave Idol","damage_taken":0,"max_hp_gain":0,"max_hp_loss":0,"event_name":"The Moai Head","floor":38,"relics_lost":["Golden Idol"],"gold_loss":0}],"is_beta":false,"boss_relics":[{"not_picked":["Lizard Tail","HoveringKite"],"picked":"Astrolabe"},{"not_picked":["White Beast Statue","Runic Dome"],"picked":"Tiny House"}],"items_purged_floors":[4,13,21,30],"is_endless":false,"potions_floor_spawned":[1,8,14,16,20,22,29,33,35,42,48],"ascension_level":0}