{"gold_per_floor":[113,113,38,50,50,50,62,62,62,62,90,104,63,91,91,164,164,180,180],"floor_reached":19,"playtime":671,"items_purged":["Strike_B"],"score":450,"play_id":"48710933-53da-4369-ab3e-a61967fa6205","local_time":"20190315130611","is_ascension_mode":true,"campfire_choices":[{"data":"Recycle","floor":6.0,"key":"SMITH"},{"data":"Dualcast","floor":8.0,"key":"SMITH"},{"data":"Zap","floor":10.0,"key":"SMITH"},{"data":"Coolheaded","floor":15.0,"key":"SMITH"}],"neow_cost":"NONE","seed_source_timestamp":1930877242527,"circlet_count":0,"master_deck":["AscendersBane","Strike_B","Defend_B","Defend_B","Defend_B","Defend_B","Zap+1","Dualcast+1","Machine Learning","Recycle+1","Cold Snap","Ball Lightning","Capacitor","Coolheaded+1","Echo Form","Compile Driver+1"],"special_seed":0,"relics":["Cracked Core","Oddly Smooth Stone","Mummified Hand","Pantograph","Orichalcum","Empty Cage"],"potions_floor_usage":[],"damage_taken":[{"damage":7.0,"enemies":"2 Louse","floor":1.0,"turns":2.0},{"damage":6.0,"enemies":"Cultist","floor":4.0,"turns":4.0},{"damage":12.0,"enemies":"Jaw Worm","floor":7.0,"turns":4.0},{"damage":28.0,"enemies":"Gremlin Nob","floor":11.0,"turns":4.0},{"damage":0.0,"enemies":"Large Slime","floor":12.0,"turns":5.0},{"damage":5.0,"enemies":"Lagavulin","floor":14.0,"turns":7.0},{"damage":0.0,"enemies":"The Guardian","floor":16.0,"turns":11.0},{"damage":36,"enemies":"3 Byrds","floor":18,"turns":5},{"damage":7,"enemies":"Shell Parasite","floor":19,"turns":3}],"seed_played":"3057496727136223631","potions_obtained":[{"floor":7.0,"key":"Poison Potion"},{"floor":12.0,"key":"SpeedPotion"},{"floor":14.0,"key":"Dexterity Potion"},{"floor":16.0,"key":"FearPotion"}],"is_trial":false,"path_per_floor":["M","?","$","M","$","R","M","R","T","R","E","M","$","E","R","B",null,"M","M"],"character_chosen":"DEFECT","items_purchased":["Capacitor"],"campfire_rested":0,"item_purchase_floors":[13],"current_hp_per_floor":[57,57,57,51,51,51,39,39,39,39,11,11,11,6,6,31,61,25,18],"gold":180,"neow_bonus":"ONE_RANDOM_RARE_CARD","is_prod":false,"is_daily":false,"chose_seed":false,"campfire_upgraded":4,"win_rate":0,"timestamp":1552626371,"path_taken":["M","?","$","M","?","R","M","R","T","R","E","?","$","E","R","BOSS","M","M"],"build_version":"2019-01-23","purchased_purges":1,"victory":false,"max_hp_per_floor":[71,71,71,71,71,71,71,71,71,71,71,71,71,71,71,71,71,71,71],"card_choices":[{"not_picked":["Compile Driver","Stack"],"picked":"Streamline","floor":1.0},{"not_picked":["Leap","Beam Cell"],"picked":"Recycle","floor":4.0},{"not_picked":["Go for the Eyes","FTL"],"picked":"Cold Snap","floor":7.0},{"not_picked":["Streamline","Rebound"],"picked":"Ball Lightning","floor":11.0},{"not_picked":["Force Field","Steam","Gash"],"picked":"SKIP","floor":12.0},{"not_picked":["Sweeping Beam","Storm"],"picked":"Coolheaded","floor":14.0},{"not_picked":["Thunder Strike","Reboot"],"picked":"Echo Form","floor":16.0},{"not_picked":["Steam","Aggregate"],"picked":"Compile Driver+1","floor":18}],"player_experience":3603860,"relics_obtained":[{"floor":9.0,"key":"Mummified Hand"},{"floor":11.0,"key":"Pantograph"},{"floor":14.0,"key":"Orichalcum"}],"event_choices":[{"cards_removed":["Streamline"],"damage_healed":0.0,"max_hp_gain":0.0,"max_hp_loss":0.0,"gold_gain":0.0,"event_name":"WeMeetAgain","player_choice":"Gave Card","floor":2.0,"gold_loss":0.0,"damage_taken":0.0,"relics_obtained":["Oddly Smooth Stone"]}],"is_beta":false,"boss_relics":[{"not_picked":["Ectoplasm","Tiny House"],"picked":"Empty Cage"}],"items_purged_floors":[3],"is_endless":false,"potions_floor_spawned":[7,12,14,16],"killed_by":"Shell Parasite","ascension_level":20}