{"gold_per_floor":[112,128,78,78,93,93,168,168,191,224,241,241,266,280,280,384,384,396,414,68,83,83,111,125,125],"floor_reached":25,"playtime":673,"items_purged":["Strike_B"],"score":373,"play_id":"82fbb9d3-5dee-41bf-8d67-ba2988586ffa","local_time":"20181026141647","is_ascension_mode":true,"campfire_choices":[{"data":"Gash","floor":6.0,"key":"SMITH"},{"data":"Sweeping Beam","floor":8.0,"key":"SMITH"},{"data":"Dualcast","floor":12.0,"key":"SMITH"},{"data":"Beam Cell","floor":15.0,"key":"SMITH"}],"neow_cost":"NONE","seed_source_timestamp":82170299956178,"circlet_count":0,"master_deck":["Strike_B","Strike_B","Defend_B","Defend_B","Defend_B","Defend_B","Zap+1","Dualcast+1","AscendersBane","Gash+1","Sweeping Beam+1","BootSequence","Steam","Self Repair+1","Beam Cell+1","Hologram","Streamline","Go for the Eyes+1","Gash+1"],"special_seed":0,"relics":["Cracked Core","NeowsBlessing","Bronze Scales","Frozen Egg 2","Regal Pillow","Cursed Key","Molten Egg 2","Turnip"],"potions_floor_usage":[23,23,24],"damage_taken":[{"damage":0.0,"enemies":"Jaw Worm","floor":1.0,"turns":1.0},{"damage":0.0,"enemies":"2 Louse","floor":2.0,"turns":1.0},{"damage":0.0,"enemies":"Small Slimes","floor":5.0,"turns":1.0},{"damage":28.0,"enemies":"Gremlin Nob","floor":10.0,"turns":4.0},{"damage":0.0,"enemies":"Gremlin Gang","floor":11.0,"turns":3.0},{"damage":14.0,"enemies":"Lagavulin","floor":13.0,"turns":6.0},{"damage":0.0,"enemies":"2 Fungi Beasts","floor":14.0,"turns":3.0},{"damage":22.0,"enemies":"Hexaghost","floor":16.0,"turns":8.0},{"damage":0.0,"enemies":"Chosen","floor":18.0,"turns":4.0},{"damage":9.0,"enemies":"2 Thieves","floor":19.0,"turns":3.0},{"damage":45.0,"enemies":"Cultist and Chosen","floor":21.0,"turns":7.0},{"damage":11,"enemies":"Slavers","floor":23,"turns":4},{"damage":18,"enemies":"3 Cultists","floor":24,"turns":5},{"damage":29,"enemies":"Gremlin Leader","floor":25,"turns":5}],"seed_played":"-1012247623846716086","potions_obtained":[{"floor":1.0,"key":"Poison Potion"},{"floor":13.0,"key":"Strength Potion"},{"floor":16.0,"key":"Swift Potion"},{"floor":18.0,"key":"SteroidPotion"},{"floor":21.0,"key":"SteroidPotion"},{"floor":23,"key":"Swift Potion"}],"is_trial":false,"path_per_floor":["M","M","?","?","M","R","?","R","T","E","M","R","E","M","R","B",null,"M","M","$","M","$","E","M"],"character_chosen":"DEFECT","items_purchased":["Molten Egg 2","Go for the Eyes+1"],"campfire_rested":0,"item_purchase_floors":[20,20],"current_hp_per_floor":[68,68,68,68,68,68,57,57,57,29,29,29,15,25,25,13,60,70,71,71,36,36,35,27,0],"gold":125,"neow_bonus":"THREE_ENEMY_KILL","is_prod":false,"is_daily":false,"chose_seed":false,"campfire_upgraded":4,"win_rate":0,"timestamp":1540534607,"path_taken":["M","M","?","?","M","R","?","R","T","E","?","R","E","M","R","BOSS","M","M","$","M","$","E","M","E"],"build_version":"2018-10-25","purchased_purges":1,"victory":false,"max_hp_per_floor":[75,75,75,75,75,75,75,75,75,75,75,75,75,75,75,75,75,75,75,75,75,75,75,75,75],"card_choices":[{"not_picked":["Self Repair","Cold Snap"],"picked":"Gash","floor":1.0},{"not_picked":["Cold Snap","Redo"],"picked":"Sweeping Beam","floor":2.0},{"not_picked":["Stack","Darkness","Turbo"],"picked":"SKIP","floor":5.0},{"not_picked":["Conserve Battery","Electrodynamics"],"picked":"BootSequence","floor":10.0},{"not_picked":["Steam Power","Doom and Gloom"],"picked":"Steam","floor":11.0},{"not_picked":["Barrage","Aggregate"],"picked":"Self Repair+1","floor":13.0},{"not_picked":["Coolheaded","Heatsinks+1"],"picked":"Beam Cell","floor":14.0},{"not_picked":["Coolheaded","Capacitor+1"],"picked":"Hologram","floor":18.0},{"not_picked":["Turbo+1","Blizzard"],"picked":"Streamline","floor":19.0},{"not_picked":["Chaos","Redo","White Noise"],"picked":"SKIP","floor":21.0},{"not_picked":["Machine Learning+1","Stack"],"picked":"Gash+1","floor":23},{"not_picked":["Redo+1","Aggregate","Sunder+1"],"picked":"SKIP","floor":24}],"player_experience":400090,"relics_obtained":[{"floor":9.0,"key":"Bronze Scales"},{"floor":10.0,"key":"Frozen Egg 2"},{"floor":13.0,"key":"Regal Pillow"},{"floor":23,"key":"Turnip"}],"event_choices":[{"cards_removed":["Strike_B"],"damage_healed":0.0,"max_hp_gain":0.0,"max_hp_loss":0.0,"gold_gain":0.0,"event_name":"The Cleric","player_choice":"Card Removal","floor":3.0,"gold_loss":50.0,"damage_taken":0.0},{"damage_healed":0.0,"max_hp_gain":0.0,"max_hp_loss":0.0,"gold_gain":0.0,"event_name":"Upgrade Shrine","player_choice":"Upgraded","floor":4.0,"gold_loss":0.0,"damage_taken":0.0,"cards_upgraded":["Zap"]},{"damage_healed":0.0,"max_hp_gain":0.0,"max_hp_loss":0.0,"gold_gain":75.0,"event_name":"World of Goop","player_choice":"Gather Gold","floor":7.0,"gold_loss":0.0,"damage_taken":11.0}],"is_beta":false,"boss_relics":[{"not_picked":["Coffee Dripper","Inserter"],"picked":"Cursed Key"}],"items_purged_floors":[20],"is_endless":false,"potions_floor_spawned":[1,13,14,16,18,21,23],"killed_by":"Gremlin Leader","ascension_level":12}