{"gold_per_floor":[119,119,119,119,174,199,199,215,215,232,34,48,48,48],"floor_reached":14,"playtime":215,"items_purged":["Strike_G"],"score":226,"play_id":"29a4284c-28e3-4c67-9a2f-1c9262c22873","local_time":"20190705110814","is_ascension_mode":true,"campfire_choices":[{"data":"Catalyst","floor":7,"key":"SMITH"},{"data":"Neutralize","floor":13,"key":"SMITH"}],"neow_cost":"NONE","seed_source_timestamp":218646302349119,"circlet_count":0,"master_deck":["AscendersBane","Strike_G","Strike_G","Strike_G","Defend_G+1","Defend_G+1","Defend_G","Defend_G","Defend_G","Survivor","Neutralize+1","Catalyst+1","Catalyst","Well Laid Plans","Distraction","Catalyst"],"special_seed":0,"relics":["Ring of the Snake","NeowsBlessing","Tiny Chest","Bag of Marbles","Singing Bowl"],"potions_floor_usage":[14],"damage_taken":[{"damage":0.0,"enemies":"Cultist","floor":1.0,"turns":1.0},{"damage":0,"enemies":"Lagavulin","floor":6,"turns":2},{"damage":0,"enemies":"2 Louse","floor":8,"turns":1},{"damage":4,"enemies":"Jaw Worm","floor":10,"turns":5},{"damage":8,"enemies":"Blue Slaver","floor":12,"turns":5},{"damage":0,"enemies":"Gremlin Nob","floor":14,"turns":2}],"seed_played":"7298788157212224119","potions_obtained":[{"floor":1.0,"key":"Energy Potion"},{"floor":12,"key":"SpeedPotion"}],"is_trial":false,"path_per_floor":["M","?","?","?","T","E","R","M","T","M","$","M","R","E"],"character_chosen":"THE_SILENT","items_purchased":["Well Laid Plans","Distraction"],"campfire_rested":0,"item_purchase_floors":[11,11],"current_hp_per_floor":[59,39,39,39,39,39,39,39,39,37,37,29,29,29],"gold":48,"neow_bonus":"THREE_ENEMY_KILL","is_prod":false,"is_daily":false,"chose_seed":false,"campfire_upgraded":2,"win_rate":0,"timestamp":1562296094,"path_taken":["M","?","?","?","?","E","R","M","T","M","$","M","R","E"],"build_version":"2019-07-01","purchased_purges":1,"victory":false,"max_hp_per_floor":[66,66,66,66,66,66,66,66,66,68,68,68,68,68],"card_choices":[{"not_picked":["Flying Knee","Heel Hook"],"picked":"Catalyst","floor":1.0},{"not_picked":["Skewer","Bane","Cloak And Dagger"],"picked":"SKIP","floor":6},{"not_picked":["Riddle With Holes","Deflect"],"picked":"Catalyst","floor":8},{"not_picked":["Masterful Stab","Predator","Finisher"],"picked":"Singing Bowl","floor":10},{"not_picked":["Terror","Acrobatics"],"picked":"Catalyst","floor":12}],"player_experience":1548206,"relics_obtained":[{"floor":5,"key":"Tiny Chest"},{"floor":6,"key":"Bag of Marbles"},{"floor":9,"key":"Singing Bowl"}],"event_choices":[{"damage_healed":0.0,"max_hp_gain":0.0,"max_hp_loss":0.0,"gold_gain":0.0,"event_name":"Shining Light","player_choice":"Entered Light","floor":2.0,"gold_loss":0.0,"damage_taken":20.0,"cards_upgraded":["Defend_G","Defend_G"]},{"cards_removed":["Strike_G"],"damage_healed":0.0,"max_hp_gain":0.0,"max_hp_loss":0.0,"gold_gain":0.0,"event_name":"Living Wall","player_choice":"Forget","floor":3.0,"gold_loss":0.0,"damage_taken":0.0},{"damage_healed":0,"gold_gain":0,"player_choice":"Fled","damage_taken":0,"max_hp_gain":0,"max_hp_loss":0,"event_name":"Scrap Ooze","floor":4,"gold_loss":0}],"is_beta":false,"boss_relics":[],"items_purged_floors":[11],"is_endless":false,"potions_floor_spawned":[1,12],"killed_by":"Gremlin Nob","ascension_level":20}