{"gold_per_floor":[118,43,59,76,76,119,119,63,63,63,63,87,126,145,145,244,307,321,371,1,1,19,19,37,37,86,86,99,99,119,134,134,232,232,250,250,275,289,289,289,72,88,88,111,145,145,165,189,189,189,189,189,189,10,96,96],"floor_reached":57,"playtime":3992,"items_purged":["Strike_G","Strike_G","Strike_G+1"],"score":2788,"play_id":"c96f3273-5e17-4189-9cf4-3d5b9c980250","local_time":"20190321165751","is_ascension_mode":true,"campfire_choices":[{"data":"Well Laid Plans","floor":7.0,"key":"SMITH"},{"data":"Transmutation","floor":10.0,"key":"SMITH"},{"data":"Caltrops","floor":15.0,"key":"SMITH"},{"data":"Acrobatics","floor":23.0,"key":"SMITH"},{"data":"Tactician","floor":27.0,"key":"SMITH"},{"floor":32.0,"key":"REST"},{"floor":40.0,"key":"RECALL"},{"floor":49.0,"key":"REST"},{"floor":53,"key":"REST"}],"neow_cost":"PERCENT_DAMAGE","seed_source_timestamp":0,"circlet_count":0,"master_deck":["AscendersBane","Defend_G+1","Defend_G+1","Defend_G+1","Defend_G+1","Defend_G+1","Strike_G+1","Survivor+1","Neutralize+1","Panacea+1","Transmutation+1","Well Laid Plans+1","Deadly Poison+1","Caltrops+1","Grand Finale+1","Acrobatics+1","Footwork+1","Backflip+1","Tactician+1","Acrobatics+1","Adrenaline+1"],"special_seed":0,"relics":["Ring of the Snake","Golden Idol","War Paint","Mummified Hand","Strawberry","Tiny House","Frozen Eye","Busted Crown","Mark of the Bloom","Toy Ornithopter","Shuriken","Pen Nib","Ancient Tea Set","Vajra"],"potions_floor_usage":[56,56],"damage_taken":[{"damage":7.0,"enemies":"Small Slimes","floor":1.0,"turns":4.0},{"damage":8.0,"enemies":"Cultist","floor":3.0,"turns":6.0},{"damage":1.0,"enemies":"Jaw Worm","floor":4.0,"turns":8.0},{"damage":21.0,"enemies":"3 Sentries","floor":6.0,"turns":11.0},{"damage":6.0,"enemies":"Large Slime","floor":12.0,"turns":7.0},{"damage":7.0,"enemies":"Lagavulin","floor":13.0,"turns":7.0},{"damage":7.0,"enemies":"Gremlin Gang","floor":14.0,"turns":4.0},{"damage":9.0,"enemies":"The Guardian","floor":16.0,"turns":11.0},{"damage":11.0,"enemies":"Spheric Guardian","floor":18.0,"turns":6.0},{"damage":0.0,"enemies":"Chosen","floor":22.0,"turns":4.0},{"damage":17.0,"enemies":"Snecko","floor":24.0,"turns":10.0},{"damage":25.0,"enemies":"Centurion and Healer","floor":28.0,"turns":3.0},{"damage":6.0,"enemies":"Shelled Parasite and Fungi","floor":30.0,"turns":6.0},{"damage":4.0,"enemies":"Snecko","floor":31.0,"turns":5.0},{"damage":9.0,"enemies":"Collector","floor":33.0,"turns":10.0},{"damage":4.0,"enemies":"3 Shapes","floor":35.0,"turns":6.0},{"damage":0.0,"enemies":"3 Darklings","floor":37.0,"turns":2.0},{"damage":0.0,"enemies":"Sphere and 2 Shapes","floor":38.0,"turns":3.0},{"damage":0.0,"enemies":"Transient","floor":42.0,"turns":6.0},{"damage":0.0,"enemies":"Reptomancer","floor":45.0,"turns":3.0},{"damage":0.0,"enemies":"4 Shapes","floor":47.0,"turns":6.0},{"damage":0.0,"enemies":"Writhing Mass","floor":48.0,"turns":5.0},{"damage":0.0,"enemies":"Awakened One","floor":50.0,"turns":10.0},{"damage":17,"enemies":"Time Eater","floor":51,"turns":10},{"damage":0,"enemies":"Shield and Spear","floor":55,"turns":2},{"damage":41,"enemies":"The Heart","floor":56,"turns":10}],"seed_played":"5198201511113009280","potions_obtained":[{"floor":1.0,"key":"PowerPotion"},{"floor":12.0,"key":"Fire Potion"},{"floor":14.0,"key":"Fruit Juice"},{"floor":17.0,"key":"SkillPotion"},{"floor":30.0,"key":"Fruit Juice"},{"floor":31.0,"key":"Strength Potion"},{"floor":37.0,"key":"Regen Potion"},{"floor":38.0,"key":"AttackPotion"},{"floor":47.0,"key":"Ancient Potion"},{"floor":48.0,"key":"Energy Potion"}],"is_trial":false,"path_per_floor":["M","$","M","M","?","E","R","$","T","R","?","M","E","M","R","B",null,"M","?","$","?","M","R","M","?","T","R","M","$","M","M","R","B",null,"M","?","M","M","?","R","$","M","T","T","E","?","M","M","R","B","B",null,"R","$","E","B",null],"character_chosen":"THE_SILENT","items_purchased":["Block Potion","Backflip","Frozen Eye","Toy Ornithopter","Dexterity Potion"],"campfire_rested":3,"item_purchase_floors":[8,20,20,41,54],"current_hp_per_floor":[37,37,29,28,28,7,7,7,7,7,60,54,54,52,52,43,70,59,59,59,59,59,59,42,42,42,42,17,17,16,12,36,27,68,64,64,64,64,64,64,64,64,64,64,64,64,64,64,64,64,47,47,47,47,47,6],"gold":96,"neow_bonus":"RANDOM_COLORLESS_2","is_prod":false,"is_daily":false,"chose_seed":false,"campfire_upgraded":5,"win_rate":0,"timestamp":1553158671,"path_taken":["M","$","M","M","?","E","R","$","T","R","?","?","E","M","R","BOSS","M","?","$","?","M","R","?","?","T","R","M","?","M","M","R","BOSS","M","?","M","M","?","R","$","M","T","?","E","?","M","M","R","BOSS","BOSS","R","$","E","BOSS"],"build_version":"2019-01-23","purchased_purges":3,"victory":true,"max_hp_per_floor":[66,66,66,66,60,60,60,60,60,60,60,60,67,72,72,72,77,77,77,77,77,77,77,77,77,77,77,77,77,82,82,82,82,82,82,82,82,82,82,82,82,82,82,82,82,82,82,82,82,82,82,82,82,82,82,82],"card_choices":[{"not_picked":["Slice","Caltrops"],"picked":"Leg Sweep","floor":1.0},{"not_picked":["Finisher","Accuracy"],"picked":"Well Laid Plans","floor":3.0},{"not_picked":["Eviscerate","Blade Dance"],"picked":"Deadly Poison","floor":4.0},{"not_picked":["A Thousand Cuts","Poisoned Stab"],"picked":"Caltrops","floor":6.0},{"not_picked":["Choke","Slice","Setup"],"picked":"SKIP","floor":12.0},{"not_picked":["Choke","Slice","Setup"],"picked":"SKIP","floor":12.0},{"not_picked":["Prepared","Deadly Poison","Die Die Die"],"picked":"SKIP","floor":13.0},{"not_picked":["Setup","Caltrops","Outmaneuver"],"picked":"SKIP","floor":14.0},{"not_picked":["Night Terror","Unload"],"picked":"Grand Finale","floor":16.0},{"not_picked":["Bane","Sucker Punch"],"picked":"Acrobatics","floor":17.0},{"not_picked":["Outmaneuver","Deadly Poison"],"picked":"Footwork","floor":18.0},{"not_picked":["Dodge and Roll","Choke","Flying Knee"],"picked":"SKIP","floor":22.0},{"not_picked":["Flying Knee","Slice"],"picked":"Tactician","floor":24.0},{"not_picked":["Cloak And Dagger","Flying Knee","Blade Dance+1"],"picked":"SKIP","floor":28.0},{"not_picked":["Predator+1","Sucker Punch","Outmaneuver"],"picked":"SKIP","floor":30.0},{"not_picked":["Dagger Spray","Caltrops"],"picked":"Acrobatics","floor":31.0},{"not_picked":["Envenom","Venomology"],"picked":"Adrenaline","floor":33.0},{"not_picked":["Tactician"],"picked":"SKIP","floor":35.0},{"not_picked":["Blade Dance"],"picked":"SKIP","floor":37.0},{"not_picked":["Backflip+1"],"picked":"SKIP","floor":38.0},{"not_picked":["Slice"],"picked":"SKIP","floor":42.0},{"not_picked":["Masterful Stab"],"picked":"SKIP","floor":45.0},{"not_picked":["Well Laid Plans"],"picked":"SKIP","floor":47.0},{"not_picked":["Well Laid Plans"],"picked":"SKIP","floor":47.0},{"not_picked":["Bane"],"picked":"SKIP","floor":48.0},{"not_picked":["Quick Slash"],"picked":"SKIP","floor":55}],"player_experience":3765974,"relics_obtained":[{"floor":6.0,"key":"War Paint"},{"floor":9.0,"key":"Mummified Hand"},{"floor":13.0,"key":"Strawberry"},{"floor":43.0,"key":"Shuriken"},{"floor":44.0,"key":"Pen Nib"},{"floor":45.0,"key":"Ancient Tea Set"},{"floor":55,"key":"Vajra"}],"event_choices":[{"damage_healed":0.0,"max_hp_gain":0.0,"max_hp_loss":6.0,"gold_gain":0.0,"event_name":"Golden Idol","player_choice":"Lose Max HP","floor":5.0,"gold_loss":0.0,"damage_taken":0.0,"relics_obtained":["Golden Idol"]},{"cards_removed":["Leg Sweep"],"damage_healed":53.0,"max_hp_gain":0.0,"max_hp_loss":0.0,"gold_gain":0.0,"event_name":"Bonfire Elementals","player_choice":"Offered Uncommon","floor":11.0,"gold_loss":0.0,"damage_taken":0.0},{"damage_healed":0.0,"max_hp_gain":0.0,"max_hp_loss":0.0,"gold_gain":50.0,"event_name":"Nest","player_choice":"Stole From Cult","floor":19.0,"gold_loss":0.0,"damage_taken":0.0},{"damage_healed":0.0,"max_hp_gain":0.0,"max_hp_loss":0.0,"gold_gain":0.0,"event_name":"N\u0027loth","player_choice":"Ignored","floor":21.0,"gold_loss":0.0,"damage_taken":0.0},{"damage_healed":0.0,"max_hp_gain":0.0,"max_hp_loss":0.0,"gold_gain":0.0,"event_name":"Beggar","player_choice":"Ignored","floor":25.0,"gold_loss":0.0,"damage_taken":0.0},{"damage_healed":0.0,"max_hp_gain":0.0,"max_hp_loss":0.0,"gold_gain":0.0,"event_name":"MindBloom","player_choice":"Upgrade","floor":36.0,"gold_loss":0.0,"damage_taken":0.0,"cards_upgraded":["Defend_G","Defend_G","Defend_G","Defend_G","Strike_G","Strike_G","Strike_G","Survivor","Neutralize","Grand Finale","Footwork","Backflip","Acrobatics","Adrenaline"],"relics_obtained":["Mark of the Bloom"]},{"damage_healed":0.0,"max_hp_gain":0.0,"max_hp_loss":0.0,"gold_gain":0.0,"event_name":"Mysterious Sphere","player_choice":"Ignored","floor":39.0,"gold_loss":0.0,"damage_taken":0.0},{"cards_removed":["Strike_G"],"damage_healed":0.0,"max_hp_gain":0.0,"max_hp_loss":0.0,"gold_gain":0.0,"event_name":"Falling","player_choice":"Removed Attack","floor":46.0,"gold_loss":0.0,"damage_taken":0.0}],"is_beta":false,"boss_relics":[{"not_picked":["WristBlade","Fusion Hammer"],"picked":"Tiny House"},{"not_picked":["Ring of the Serpent","Cursed Key"],"picked":"Busted Crown"}],"items_purged_floors":[2,20,54],"is_endless":false,"potions_floor_spawned":[1,12,14,22,30,31,37,38,47,48],"ascension_level":20}