{"gold_per_floor":[123,153,181,153,15,47,47,59,59,59,59,74,94,109,109,109],"floor_reached":16,"playtime":647,"items_purged":["Strike_G"],"score":208,"play_id":"d2e6277b-cb30-462d-bae2-306828a84324","local_time":"20190206124254","is_ascension_mode":true,"campfire_choices":[{"data":"Deadly Poison","floor":7,"key":"SMITH"},{"data":"Catalyst","floor":10,"key":"SMITH"},{"data":"Cloak And Dagger","floor":15,"key":"SMITH"}],"neow_cost":"NONE","seed_source_timestamp":91640764367595,"circlet_count":0,"master_deck":["AscendersBane","Defend_G","Defend_G","Defend_G","Defend_G","Defend_G","Strike_G","Strike_G","Strike_G","Strike_G","Survivor","Neutralize","Acrobatics","Bane","Catalyst+1","Deadly Poison+1","Cloak And Dagger+1"],"special_seed":0,"relics":["Ring of the Snake","MawBank","Boot","Happy Flower","Kunai"],"potions_floor_usage":[6],"damage_taken":[{"damage":2.0,"enemies":"Cultist","floor":1.0,"turns":5.0},{"damage":3.0,"enemies":"Jaw Worm","floor":2.0,"turns":4.0},{"damage":4.0,"enemies":"Small Slimes","floor":3.0,"turns":5.0},{"damage":1.0,"enemies":"Looter","floor":4.0,"turns":4.0},{"damage":31,"enemies":"Lagavulin","floor":6,"turns":7},{"damage":7,"enemies":"2 Fungi Beasts","floor":8,"turns":3},{"damage":8,"enemies":"3 Louse","floor":12,"turns":5},{"damage":1,"enemies":"Exordium Wildlife","floor":13,"turns":4},{"damage":0,"enemies":"Gremlin Gang","floor":14,"turns":6},{"damage":6,"enemies":"Hexaghost","floor":16,"turns":7}],"seed_played":"7720794460310189022","potions_obtained":[{"floor":1.0,"key":"Weak Potion"},{"floor":3.0,"key":"Poison Potion"},{"floor":8,"key":"Fire Potion"}],"is_trial":false,"path_per_floor":["M","M","M","M","$","E","R","M","T","R","?","M","M","M","R","B"],"character_chosen":"THE_SILENT","items_purchased":["Catalyst"],"campfire_rested":0,"item_purchase_floors":[5],"current_hp_per_floor":[57,54,50,49,49,18,18,11,11,11,11,3,2,2,2,0],"gold":109,"neow_bonus":"RANDOM_COMMON_RELIC","is_prod":false,"is_daily":false,"chose_seed":false,"campfire_upgraded":3,"win_rate":0,"timestamp":1549428174,"path_taken":["M","M","?","M","$","E","R","M","T","R","?","?","?","M","R","BOSS"],"build_version":"2019-01-23","purchased_purges":1,"victory":false,"max_hp_per_floor":[66,66,66,66,66,66,66,66,66,66,66,66,66,66,66,66],"card_choices":[{"not_picked":["Backflip","Choke"],"picked":"Acrobatics","floor":1.0},{"not_picked":["Acrobatics","Backflip","Flying Knee"],"picked":"SKIP","floor":2.0},{"not_picked":["Acrobatics","Backflip"],"picked":"Flying Knee","floor":2.0},{"not_picked":["Footwork","Blade Dance"],"picked":"Bane","floor":3.0},{"not_picked":["Dodge and Roll","Blade Dance","Blur"],"picked":"SKIP","floor":4.0},{"not_picked":["Masterful Stab","Terror"],"picked":"Deadly Poison","floor":6},{"not_picked":["Blade Dance","Dagger Throw","Crippling Poison"],"picked":"SKIP","floor":8},{"not_picked":["Acrobatics","Sucker Punch"],"picked":"Cloak And Dagger","floor":12},{"not_picked":["Noxious Fumes","Leg Sweep","Predator"],"picked":"SKIP","floor":13},{"not_picked":["Underhanded Strike","Dagger Spray","Setup"],"picked":"SKIP","floor":14}],"player_experience":1426020,"relics_obtained":[{"floor":6,"key":"Boot"},{"floor":9,"key":"Happy Flower"}],"event_choices":[{"cards_removed":["Flying Knee"],"damage_healed":0,"gold_gain":0,"player_choice":"Gave Card","damage_taken":0,"relics_obtained":["Kunai"],"max_hp_gain":0,"max_hp_loss":0,"event_name":"WeMeetAgain","floor":11,"gold_loss":0}],"is_beta":true,"boss_relics":[],"items_purged_floors":[5],"is_endless":false,"potions_floor_spawned":[1,3,8,14],"killed_by":"Hexaghost","ascension_level":20}