{"gold_per_floor":[110,260,260,280,74,74,108,125,177,177,203,19,54,111,111,210,210,249,284,284,368,403,436,436,488,515,594,639,639,67,85,85,184,184,198,216,309,531,594,694,719,719,719,733,10,10,85,149,149,174,199,199,199,36,62,62],"floor_reached":57,"playtime":3955,"items_purged":["Strike_G","Strike_G"],"score":3445,"play_id":"3b469e01-5adb-481e-a697-af5e31d5d79a","local_time":"20190417133403","is_ascension_mode":true,"campfire_choices":[{"data":"Apotheosis","floor":6.0,"key":"SMITH"},{"floor":10.0,"key":"RECALL"},{"data":"Doubt","floor":15.0,"key":"PURGE"},{"data":"Strike_G","floor":32.0,"key":"PURGE"},{"data":"Strike_G","floor":46.0,"key":"PURGE"},{"data":"Defend_G","floor":49.0,"key":"PURGE"},{"data":"Defend_G","floor":53,"key":"PURGE"}],"neow_cost":"NONE","seed_source_timestamp":112682420397894,"circlet_count":0,"master_deck":["AscendersBane","Defend_G","Defend_G","Defend_G","Survivor","Neutralize","Well Laid Plans","Apotheosis+1","Blur","HandOfGreed","Night Terror","Calculated Gamble","Bouncing Flask","Tools of the Trade","Tactician","Prepared","Escape Plan","Finisher","Backflip","Tempest","Meteor Strike","Pommel Strike+1","True Grit","Disarm","FTL","Reflex","All For One","Impatience","Discovery"],"special_seed":0,"relics":["Ring of the Snake","NeowsBlessing","Lantern","Bottled Lightning","Strawberry","Ancient Tea Set","Peace Pipe","Black Star","Red Mask","Potion Belt","Centennial Puzzle","Shuriken","Oddly Smooth Stone","Juzu Bracelet","Girya","Bird Faced Urn","PrismaticShard","Kunai","Cursed Key","Ginger","Bag of Marbles","Omamori","ClockworkSouvenir","Ice Cream","Tingsha","Vajra","Sundial"],"potions_floor_usage":[50,56,56,56,56],"damage_taken":[{"damage":0.0,"enemies":"2 Louse","floor":1.0,"turns":1.0},{"damage":0.0,"enemies":"Jaw Worm","floor":4.0,"turns":1.0},{"damage":0.0,"enemies":"3 Sentries","floor":7.0,"turns":1.0},{"damage":0.0,"enemies":"Small Slimes","floor":8.0,"turns":4.0},{"damage":36.0,"enemies":"Gremlin Nob","floor":11.0,"turns":6.0},{"damage":1.0,"enemies":"2 Fungi Beasts","floor":13.0,"turns":3.0},{"damage":0.0,"enemies":"Lagavulin","floor":14.0,"turns":7.0},{"damage":0.0,"enemies":"Hexaghost","floor":16.0,"turns":10.0},{"damage":0.0,"enemies":"2 Thieves","floor":18.0,"turns":5.0},{"damage":0.0,"enemies":"Chosen","floor":19.0,"turns":4.0},{"damage":17.0,"enemies":"Masked Bandits","floor":21.0,"turns":5.0},{"damage":10.0,"enemies":"Snake Plant","floor":22.0,"turns":4.0},{"damage":14.0,"enemies":"Book of Stabbing","floor":23.0,"turns":6.0},{"damage":3.0,"enemies":"Gremlin Leader","floor":25.0,"turns":10.0},{"damage":14.0,"enemies":"Slavers","floor":27.0,"turns":9.0},{"damage":0.0,"enemies":"3 Cultists","floor":28.0,"turns":6.0},{"damage":4.0,"enemies":"Snecko","floor":31.0,"turns":6.0},{"damage":0.0,"enemies":"Automaton","floor":33.0,"turns":16.0},{"damage":0.0,"enemies":"Orb Walker","floor":35.0,"turns":4.0},{"damage":8.0,"enemies":"3 Darklings","floor":36.0,"turns":9.0},{"damage":4.0,"enemies":"Sphere and 2 Shapes","floor":37.0,"turns":6.0},{"damage":0.0,"enemies":"4 Shapes","floor":39.0,"turns":5.0},{"damage":0.0,"enemies":"Mind Bloom Boss Battle","floor":40.0,"turns":5.0},{"damage":0.0,"enemies":"Nemesis","floor":41.0,"turns":9.0},{"damage":0.0,"enemies":"Writhing Mass","floor":44.0,"turns":6.0},{"damage":5.0,"enemies":"2 Orb Walkers","floor":47.0,"turns":4.0},{"damage":0.0,"enemies":"Jaw Worm Horde","floor":48.0,"turns":4.0},{"damage":0,"enemies":"Time Eater","floor":50,"turns":8},{"damage":3,"enemies":"Donu and Deca","floor":51,"turns":7},{"damage":0,"enemies":"Shield and Spear","floor":55,"turns":5},{"damage":0,"enemies":"The Heart","floor":56,"turns":7}],"seed_played":"-3589713486004684462","potions_obtained":[{"floor":4.0,"key":"LiquidBronze"},{"floor":8.0,"key":"SkillPotion"},{"floor":18.0,"key":"GhostInAJar"},{"floor":21.0,"key":"AttackPotion"},{"floor":23.0,"key":"AttackPotion"},{"floor":28.0,"key":"GhostInAJar"},{"floor":36.0,"key":"Swift Potion"},{"floor":37.0,"key":"Dexterity Potion"},{"floor":40.0,"key":"Strength Potion"},{"floor":47.0,"key":"Energy Potion"},{"floor":48.0,"key":"Dexterity Potion"}],"is_trial":false,"path_per_floor":["M","?","?","M","$","R","E","M","T","R","E","$","M","E","R","B",null,"M","M","?","?","M","E","?","E","T","E","M","?","$","M","R","B",null,"M","M","M","?","M","?","E","?","T","M","$","R","?","M","R","B","B",null,"R","$","E","B",null],"character_chosen":"THE_SILENT","items_purchased":["Apotheosis","HandOfGreed","PrismaticShard","Kunai","ClockworkSouvenir","Ice Cream","Reflex","Impatience","Swift Potion"],"campfire_rested":0,"item_purchase_floors":[5,12,30,30,45,45,45,54,54],"current_hp_per_floor":[59,59,48,48,48,48,48,48,55,55,19,19,18,18,18,18,59,59,59,59,42,32,18,18,15,15,1,5,20,20,16,16,20,60,64,66,66,66,70,73,73,73,73,73,73,73,68,72,72,73,72,73,73,73,73,73],"gold":62,"neow_bonus":"THREE_ENEMY_KILL","is_prod":false,"is_daily":false,"chose_seed":false,"campfire_upgraded":1,"win_rate":0,"timestamp":1555479243,"path_taken":["M","?","?","M","?","R","E","M","T","R","E","$","M","E","R","BOSS","M","M","?","?","M","E","?","E","T","E","M","?","$","M","R","BOSS","M","M","M","?","M","?","E","?","T","M","?","R","?","M","R","BOSS","BOSS","R","$","E","BOSS"],"build_version":"2019-01-23","purchased_purges":2,"victory":true,"max_hp_per_floor":[66,66,66,66,66,66,66,66,73,73,73,73,73,73,73,73,73,73,73,73,73,73,73,73,73,73,73,73,73,73,73,73,73,73,73,73,73,73,73,73,73,73,73,73,73,73,73,73,73,73,73,73,73,73,73,73],"card_choices":[{"not_picked":["Quick Slash","Dagger Throw","Dagger Spray"],"picked":"SKIP","floor":1.0},{"not_picked":["Blade Dance","Acrobatics"],"picked":"Well Laid Plans","floor":4.0},{"not_picked":["Sucker Punch","Underhanded Strike"],"picked":"Blur","floor":7.0},{"not_picked":["Dodge and Roll","Outmaneuver"],"picked":"Dagger Throw","floor":8.0},{"not_picked":["Dodge and Roll","Acrobatics"],"picked":"Endless Agony","floor":11.0},{"not_picked":["Deflect","Slice"],"picked":"Night Terror","floor":13.0},{"not_picked":["Outmaneuver","Predator"],"picked":"Calculated Gamble","floor":14.0},{"not_picked":["Envenom","Storm of Steel"],"picked":"Adrenaline","floor":16.0},{"not_picked":["Deflect","Dagger Spray"],"picked":"Bouncing Flask","floor":18.0},{"not_picked":["Deflect","Dodge and Roll","Poisoned Stab"],"picked":"SKIP","floor":19.0},{"not_picked":["Dagger Throw","Choke"],"picked":"Prepared","floor":21.0},{"not_picked":["Dash+1","Heel Hook"],"picked":"Escape Plan","floor":22.0},{"not_picked":["Skewer","Sucker Punch","Outmaneuver"],"picked":"SKIP","floor":23.0},{"not_picked":["Deadly Poison","Quick Slash+1"],"picked":"Finisher","floor":25.0},{"not_picked":["Dodge and Roll","Underhanded Strike"],"picked":"Backflip","floor":27.0},{"not_picked":["Dodge and Roll","Blur","Flying Knee"],"picked":"SKIP","floor":28.0},{"not_picked":["Flying Knee","Heavy Blade"],"picked":"Tempest","floor":31.0},{"not_picked":["Brutality","Tools of the Trade"],"picked":"Meteor Strike","floor":33.0},{"not_picked":["Quick Slash+1","Clash","Sword Boomerang+1"],"picked":"SKIP","floor":35.0},{"not_picked":["Dodge and Roll","Flying Knee","Twin Strike"],"picked":"SKIP","floor":36.0},{"not_picked":["Flex","Rebound","Pommel Strike+1"],"picked":"SKIP","floor":37.0},{"not_picked":["Flex","Rebound"],"picked":"Pommel Strike+1","floor":37.0},{"not_picked":["Thunderclap","Expertise+1"],"picked":"True Grit","floor":39.0},{"not_picked":["Slice","Battle Trance+1"],"picked":"Disarm","floor":40.0},{"not_picked":["Heel Hook","Flex"],"picked":"FTL","floor":41.0},{"not_picked":["Skewer","Armaments","Dagger Throw"],"picked":"SKIP","floor":44.0},{"not_picked":["Clash","Undo"],"picked":"All For One","floor":48.0},{"not_picked":["Streamline","White Noise"],"picked":"Discovery","floor":55}],"player_experience":4358111,"relics_obtained":[{"floor":7.0,"key":"Bottled Lightning"},{"floor":9.0,"key":"Strawberry"},{"floor":11.0,"key":"Ancient Tea Set"},{"floor":14.0,"key":"Peace Pipe"},{"floor":21.0,"key":"Red Mask"},{"floor":23.0,"key":"Potion Belt"},{"floor":23.0,"key":"Centennial Puzzle"},{"floor":25.0,"key":"Shuriken"},{"floor":25.0,"key":"Oddly Smooth Stone"},{"floor":26.0,"key":"Juzu Bracelet"},{"floor":27.0,"key":"Girya"},{"floor":27.0,"key":"Bird Faced Urn"},{"floor":40.0,"key":"Ginger"},{"floor":41.0,"key":"Bag of Marbles"},{"floor":41.0,"key":"Omamori"},{"floor":47.0,"key":"Tingsha"},{"floor":55,"key":"Vajra"},{"floor":55,"key":"Sundial"}],"event_choices":[{"damage_healed":0.0,"max_hp_gain":0.0,"max_hp_loss":0.0,"gold_gain":150.0,"event_name":"Liars Game","player_choice":"AGREE","floor":2.0,"gold_loss":0.0,"damage_taken":0.0,"cards_obtained":["Doubt"]},{"damage_healed":0.0,"max_hp_gain":0.0,"max_hp_loss":0.0,"gold_gain":0.0,"event_name":"Scrap Ooze","player_choice":"Success","floor":3.0,"gold_loss":0.0,"damage_taken":11.0,"relics_obtained":["Lantern"]},{"damage_healed":0.0,"max_hp_gain":0.0,"max_hp_loss":0.0,"gold_gain":0.0,"cards_transformed":["Dagger Throw","Endless Agony"],"event_name":"Drug Dealer","player_choice":"Became Test Subject","floor":20.0,"gold_loss":0.0,"damage_taken":0.0,"cards_obtained":["Tools of the Trade","Tactician"]},{"damage_healed":0.0,"max_hp_gain":0.0,"max_hp_loss":0.0,"gold_gain":0.0,"event_name":"Masked Bandits","player_choice":"Fought Bandits","floor":21.0,"gold_loss":0.0,"damage_taken":0.0},{"cards_removed":["Strike_G"],"damage_healed":0.0,"max_hp_gain":0.0,"max_hp_loss":0.0,"gold_gain":0.0,"event_name":"Back to Basics","player_choice":"Elegance","floor":24.0,"gold_loss":0.0,"damage_taken":0.0},{"damage_healed":15.0,"max_hp_gain":0.0,"max_hp_loss":0.0,"gold_gain":0.0,"event_name":"The Library","player_choice":"Heal","floor":29.0,"gold_loss":0.0,"damage_taken":0.0},{"damage_healed":0.0,"max_hp_gain":0.0,"max_hp_loss":0.0,"gold_gain":222.0,"event_name":"Tomb of Lord Red Mask","player_choice":"Wore Mask","floor":38.0,"gold_loss":0.0,"damage_taken":0.0},{"damage_healed":0.0,"max_hp_gain":0.0,"max_hp_loss":0.0,"gold_gain":0.0,"event_name":"MindBloom","player_choice":"Fight","floor":40.0,"gold_loss":0.0,"damage_taken":0.0},{"cards_removed":["Adrenaline"],"damage_healed":0.0,"max_hp_gain":0.0,"max_hp_loss":0.0,"gold_gain":0.0,"event_name":"Falling","player_choice":"Removed Skill","floor":42.0,"gold_loss":0.0,"damage_taken":0.0},{"damage_healed":0.0,"max_hp_gain":0.0,"max_hp_loss":0.0,"gold_gain":0.0,"event_name":"Mysterious Sphere","player_choice":"Fight","floor":47.0,"gold_loss":0.0,"damage_taken":0.0}],"is_beta":false,"boss_relics":[{"not_picked":["Ring of the Serpent","HoveringKite"],"picked":"Black Star"},{"not_picked":["Sozu","WristBlade"],"picked":"Cursed Key"}],"items_purged_floors":[30,45],"is_endless":false,"potions_floor_spawned":[4,8,18,21,23,28,36,37,40,47,48],"ascension_level":20}