{"gold_per_floor":[113,113,129,129,54,54,67,67,115,129,29,45,110,127,127,206,206,226,226,226,245,257,257],"floor_reached":23,"playtime":695,"items_purged":["Strike_G","Strike_G"],"score":366,"play_id":"8d7e2c9b-4b23-41c5-882f-ce81f3ac71a4","local_time":"20190806221612","is_ascension_mode":true,"campfire_choices":[{"data":"Deadly Poison","floor":6.0,"key":"SMITH"},{"data":"Impatience","floor":8.0,"key":"SMITH"},{"data":"Tactician","floor":15.0,"key":"SMITH"}],"neow_cost":"PERCENT_DAMAGE","seed_source_timestamp":35496310571756,"circlet_count":0,"master_deck":["AscendersBane","Strike_G","Strike_G","Defend_G","Defend_G","Defend_G","Defend_G","Defend_G","Survivor","Neutralize","Finesse","Deadly Poison+1","Impatience+1","Caltrops","Footwork","Tactician+1","Grand Finale"],"special_seed":0,"relics":["Ring of the Snake","PreservedInsect","Tingsha","Runic Pyramid"],"potions_floor_usage":[],"damage_taken":[{"damage":3.0,"enemies":"2 Louse","floor":1.0,"turns":4.0},{"damage":7.0,"enemies":"Small Slimes","floor":3.0,"turns":5.0},{"damage":0.0,"enemies":"Cultist","floor":7.0,"turns":4.0},{"damage":8.0,"enemies":"Red Slaver","floor":10.0,"turns":4.0},{"damage":0.0,"enemies":"Blue Slaver","floor":12.0,"turns":4.0},{"damage":4.0,"enemies":"Gremlin Nob","floor":13.0,"turns":3.0},{"damage":5.0,"enemies":"Exordium Wildlife","floor":14.0,"turns":6.0},{"damage":7.0,"enemies":"The Guardian","floor":16.0,"turns":11.0},{"damage":3.0,"enemies":"Chosen","floor":18.0,"turns":4.0},{"damage":17.0,"enemies":"3 Byrds","floor":21.0,"turns":3.0},{"damage":13.0,"enemies":"Snecko","floor":22.0,"turns":5.0},{"damage":19,"enemies":"Slavers","floor":23,"turns":1}],"seed_played":"4214597727152046092","potions_obtained":[{"floor":7.0,"key":"Ancient Potion"},{"floor":10.0,"key":"FearPotion"},{"floor":13.0,"key":"Energy Potion"},{"floor":16.0,"key":"SteroidPotion"}],"is_trial":false,"path_per_floor":["M","?","M","?","$","R","M","R","T","M","$","M","?","M","R","B",null,"M","?","?","M","M","E"],"character_chosen":"THE_SILENT","items_purchased":[],"campfire_rested":0,"item_purchase_floors":[],"current_hp_per_floor":[41,41,34,34,34,34,34,34,34,26,26,26,22,17,17,10,52,49,49,49,32,19,0],"gold":257,"neow_bonus":"RANDOM_COLORLESS_2","is_prod":false,"is_daily":false,"chose_seed":false,"campfire_upgraded":3,"win_rate":0,"timestamp":1565097372,"path_taken":["M","?","M","?","$","R","?","R","T","M","?","M","?","M","R","BOSS","M","?","?","?","M","E"],"build_version":"2019-07-17","purchased_purges":2,"victory":false,"max_hp_per_floor":[66,66,66,66,66,66,66,66,66,66,66,66,66,66,66,66,66,66,66,66,66,66,66],"card_choices":[{"not_picked":["Backstab","PiercingWail"],"picked":"Deadly Poison","floor":1.0},{"not_picked":["Heel Hook","Backflip","Concentrate"],"picked":"SKIP","floor":3.0},{"not_picked":["Bouncing Flask","Deadly Poison","Deflect"],"picked":"SKIP","floor":7.0},{"not_picked":["Caltrops","Underhanded Strike","Deflect"],"picked":"SKIP","floor":10.0},{"not_picked":["Underhanded Strike","Deflect"],"picked":"Caltrops","floor":10.0},{"not_picked":["Accuracy","Leg Sweep","Bouncing Flask"],"picked":"SKIP","floor":12.0},{"not_picked":["Dagger Spray","Blade Dance"],"picked":"Footwork","floor":13.0},{"not_picked":["Leg Sweep","Blur"],"picked":"Tactician","floor":14.0},{"not_picked":["Glass Knife","Die Die Die"],"picked":"Grand Finale","floor":16.0},{"not_picked":["Accuracy","Underhanded Strike","Poisoned Stab"],"picked":"SKIP","floor":18.0},{"not_picked":["Infinite Blades","Poisoned Stab+1","Blur"],"picked":"SKIP","floor":21.0},{"not_picked":["Deadly Poison","Skewer","Setup"],"picked":"SKIP","floor":22.0}],"player_experience":780907,"relics_obtained":[{"floor":9.0,"key":"PreservedInsect"},{"floor":13.0,"key":"Tingsha"}],"event_choices":[{"damage_healed":0.0,"max_hp_gain":0.0,"max_hp_loss":0.0,"gold_gain":0.0,"cards_transformed":["Secret Weapon"],"event_name":"Living Wall","player_choice":"Change","floor":2.0,"gold_loss":0.0,"damage_taken":0.0,"cards_obtained":["Impatience"]},{"cards_removed":["Strike_G"],"damage_healed":0.0,"max_hp_gain":0.0,"max_hp_loss":0.0,"gold_gain":0.0,"event_name":"Bonfire Elementals","player_choice":"Offered Basic","floor":4.0,"gold_loss":0.0,"damage_taken":0.0},{"damage_healed":0.0,"max_hp_gain":0.0,"max_hp_loss":0.0,"gold_gain":0.0,"event_name":"Dead Adventurer","player_choice":"Searched \u00272\u0027 times","floor":13.0,"gold_loss":0.0,"damage_taken":0.0},{"damage_healed":0.0,"max_hp_gain":0.0,"max_hp_loss":0.0,"gold_gain":0.0,"event_name":"The Mausoleum","player_choice":"Ignored","floor":19.0,"gold_loss":0.0,"damage_taken":0.0},{"damage_healed":0.0,"max_hp_gain":0.0,"max_hp_loss":0.0,"gold_gain":0.0,"event_name":"N\u0027loth","player_choice":"Ignored","floor":20.0,"gold_loss":0.0,"damage_taken":0.0}],"is_beta":false,"boss_relics":[{"not_picked":["Black Star","Philosopher\u0027s Stone"],"picked":"Runic Pyramid"}],"items_purged_floors":[5,11],"is_endless":false,"potions_floor_spawned":[7,10,12,13,16,21],"killed_by":"Slavers","ascension_level":20}