{"gold_per_floor":[118,118,133,144,161,161,177,177,253,253,285,296,325,345,345,417,417,431,431,431,442,128,158,158,171,198,198,98,123,103,116,116,193,193,206,206,206,114,114,114,145,145,145,174,193,193,221,233,233,233],"floor_reached":50,"playtime":1511,"items_purged":["Strike_R","Strike_R"],"score":1156,"play_id":"3dd28805-3983-441a-a3df-7a83dab18652","local_time":"20190805152959","is_ascension_mode":true,"campfire_choices":[{"data":"Demon Form","floor":6.0,"key":"SMITH"},{"data":"Whirlwind","floor":8.0,"key":"SMITH"},{"data":"Sword Boomerang","floor":10.0,"key":"SMITH"},{"data":"Rage","floor":15.0,"key":"SMITH"},{"data":"Burning Pact","floor":24.0,"key":"SMITH"},{"data":"Evolve","floor":27.0,"key":"SMITH"},{"data":"Battle Trance","floor":32.0,"key":"SMITH"},{"data":"Offering","floor":40.0,"key":"SMITH"},{"floor":42.0,"key":"REST"},{"floor":49.0,"key":"RECALL"}],"neow_cost":"NONE","seed_source_timestamp":770780168249600,"circlet_count":0,"master_deck":["AscendersBane","Strike_R","Strike_R","Defend_R","Defend_R","Defend_R","Defend_R","Bash","Battle Trance+1","Demon Form+1","Whirlwind+1","Sword Boomerang+1","Rage+1","Shrug It Off","Burning Pact+1","Reaper","Evolve+1","Offering+1","Finesse","Master of Strategy","Trip","Sentinel","Double Tap"],"special_seed":0,"relics":["Black Blood","NeowsBlessing","Blue Candle","StoneCalendar","Boot","Runic Dome","Letter Opener","Ginger","Oddly Smooth Stone","Shovel","Mummified Hand","Smiling Mask","PreservedInsect","Calipers"],"potions_floor_usage":[50],"damage_taken":[{"damage":0.0,"enemies":"Jaw Worm","floor":1.0,"turns":1.0},{"damage":0.0,"enemies":"Cultist","floor":3.0,"turns":1.0},{"damage":0.0,"enemies":"2 Louse","floor":4.0,"turns":1.0},{"damage":16.0,"enemies":"Red Slaver","floor":5.0,"turns":5.0},{"damage":12.0,"enemies":"Looter","floor":7.0,"turns":4.0},{"damage":32.0,"enemies":"Gremlin Nob","floor":11.0,"turns":4.0},{"damage":0.0,"enemies":"Large Slime","floor":12.0,"turns":3.0},{"damage":10.0,"enemies":"Lagavulin","floor":13.0,"turns":5.0},{"damage":2.0,"enemies":"3 Louse","floor":14.0,"turns":2.0},{"damage":27.0,"enemies":"Hexaghost","floor":16.0,"turns":7.0},{"damage":10.0,"enemies":"Shell Parasite","floor":18.0,"turns":5.0},{"damage":10.0,"enemies":"Spheric Guardian","floor":21.0,"turns":5.0},{"damage":42.0,"enemies":"Gremlin Leader","floor":23.0,"turns":6.0},{"damage":29.0,"enemies":"Snake Plant","floor":25.0,"turns":5.0},{"damage":37.0,"enemies":"Slavers","floor":29.0,"turns":3.0},{"damage":19.0,"enemies":"Cultist and Chosen","floor":31.0,"turns":5.0},{"damage":29.0,"enemies":"Collector","floor":33.0,"turns":7.0},{"damage":44.0,"enemies":"3 Darklings","floor":35.0,"turns":4.0},{"damage":58.0,"enemies":"Reptomancer","floor":41.0,"turns":5.0},{"damage":9.0,"enemies":"Nemesis","floor":44.0,"turns":5.0},{"damage":12.0,"enemies":"Orb Walker","floor":45.0,"turns":3.0},{"damage":35.0,"enemies":"Reptomancer","floor":47.0,"turns":4.0},{"damage":12.0,"enemies":"4 Shapes","floor":48.0,"turns":2.0},{"damage":110,"enemies":"Donu and Deca","floor":50,"turns":7}],"seed_played":"4044335918154437199","potions_obtained":[{"floor":1.0,"key":"Ancient Potion"},{"floor":3.0,"key":"Regen Potion"},{"floor":11.0,"key":"SpeedPotion"},{"floor":25.0,"key":"Energy Potion"},{"floor":29.0,"key":"FairyPotion"},{"floor":47.0,"key":"Energy Potion"}],"is_trial":false,"path_per_floor":["M","?","M","M","M","R","M","R","T","R","E","M","E","M","R","B",null,"M","?","T","M","$","E","R","M","T","R","$","E","?","M","R","B",null,"M","?","?","$","?","R","E","R","T","E","M","?","E","M","R","B"],"character_chosen":"IRONCLAD","items_purchased":["Reaper","Evolve","Trip"],"campfire_rested":1,"item_purchase_floors":[22,22,38],"current_hp_per_floor":[74,74,75,75,65,65,59,59,59,59,45,51,47,51,51,30,64,60,60,60,56,56,65,65,57,57,57,57,33,33,30,30,23,62,49,39,39,39,39,39,12,33,33,49,57,57,47,66,66,0],"gold":233,"neow_bonus":"THREE_ENEMY_KILL","is_prod":false,"is_daily":false,"chose_seed":false,"campfire_upgraded":8,"win_rate":0,"timestamp":1564990199,"path_taken":["M","?","M","M","?","R","M","R","T","R","E","M","E","M","R","BOSS","M","?","?","?","$","E","R","M","T","R","$","E","?","M","R","BOSS","M","?","?","$","?","R","E","R","T","E","M","?","E","M","R","BOSS"],"build_version":"2019-07-17","purchased_purges":2,"victory":false,"max_hp_per_floor":[75,75,75,75,75,75,75,75,75,75,75,75,75,75,75,75,75,75,75,75,75,75,75,75,75,75,75,75,75,75,75,75,75,75,75,75,75,75,71,71,71,71,71,71,71,71,71,71,71,71],"card_choices":[{"not_picked":["Dropkick","Disarm"],"picked":"Battle Trance","floor":1.0},{"not_picked":["Shrug It Off","Fire Breathing"],"picked":"Whirlwind","floor":3.0},{"not_picked":["Infernal Blade","Flame Barrier"],"picked":"Sword Boomerang","floor":4.0},{"not_picked":["Wild Strike","Whirlwind","Headbutt"],"picked":"SKIP","floor":5.0},{"not_picked":["Cleave","Havoc","Clothesline"],"picked":"SKIP","floor":7.0},{"not_picked":["Whirlwind","Havoc","Hemokinesis"],"picked":"SKIP","floor":11.0},{"not_picked":["Whirlwind","Havoc","Hemokinesis"],"picked":"SKIP","floor":11.0},{"not_picked":["Iron Wave","Flex"],"picked":"Rage","floor":12.0},{"not_picked":["Corruption","Whirlwind","Feel No Pain"],"picked":"SKIP","floor":13.0},{"not_picked":["Wild Strike","Thunderclap"],"picked":"Shrug It Off","floor":14.0},{"not_picked":["Body Slam","Dropkick","Metallicize"],"picked":"SKIP","floor":18.0},{"not_picked":["Entrench","Clothesline"],"picked":"Burning Pact","floor":21.0},{"not_picked":["Flex","Wild Strike","Perfected Strike+1"],"picked":"SKIP","floor":23.0},{"not_picked":["Flex","Wild Strike","Perfected Strike+1"],"picked":"SKIP","floor":23.0},{"not_picked":["Thunderclap","Havoc","Battle Trance"],"picked":"SKIP","floor":25.0},{"not_picked":["Iron Wave","Wild Strike","Thunderclap"],"picked":"SKIP","floor":29.0},{"not_picked":["Perfected Strike","Pommel Strike","Feel No Pain"],"picked":"SKIP","floor":31.0},{"not_picked":["Juggernaut","Fiend Fire"],"picked":"Offering","floor":33.0},{"not_picked":["Thunderclap","Cleave","Evolve"],"picked":"SKIP","floor":35.0},{"not_picked":["Mind Blast","Forethought"],"picked":"Finesse","floor":36.0},{"not_picked":["Madness","Impatience"],"picked":"Master of Strategy","floor":36.0},{"not_picked":["Body Slam","Flex","Combust"],"picked":"SKIP","floor":41.0},{"not_picked":["Sentinel","Armaments+1","Cleave"],"picked":"SKIP","floor":44.0},{"not_picked":["Twin Strike","Pummel","Corruption"],"picked":"SKIP","floor":45.0},{"not_picked":["Metallicize","Heavy Blade","Sentinel"],"picked":"SKIP","floor":47.0},{"not_picked":["Metallicize","Heavy Blade"],"picked":"Sentinel","floor":47.0},{"not_picked":["Clash","Flex"],"picked":"Double Tap","floor":48.0}],"player_experience":732958,"relics_obtained":[{"floor":9.0,"key":"Blue Candle"},{"floor":11.0,"key":"StoneCalendar"},{"floor":13.0,"key":"Boot"},{"floor":20.0,"key":"Letter Opener"},{"floor":23.0,"key":"Ginger"},{"floor":29.0,"key":"Oddly Smooth Stone"},{"floor":41.0,"key":"Shovel"},{"floor":43.0,"key":"Mummified Hand"},{"floor":44.0,"key":"Smiling Mask"},{"floor":47.0,"key":"Calipers"}],"event_choices":[{"damage_healed":0.0,"max_hp_gain":0.0,"max_hp_loss":0.0,"gold_gain":0.0,"cards_transformed":["Strike_R"],"event_name":"Transmorgrifier","player_choice":"Transformed","floor":2.0,"gold_loss":0.0,"damage_taken":0.0,"cards_obtained":["Demon Form"]},{"damage_healed":0.0,"max_hp_gain":0.0,"max_hp_loss":0.0,"gold_gain":0.0,"event_name":"Cursed Tome","player_choice":"Ignored","floor":19.0,"gold_loss":0.0,"damage_taken":0.0},{"damage_healed":0.0,"max_hp_gain":0.0,"max_hp_loss":0.0,"gold_gain":0.0,"event_name":"The Woman in Blue","player_choice":"Bought 1 Potion","floor":30.0,"gold_loss":0.0,"damage_taken":0.0},{"damage_healed":0.0,"max_hp_gain":0.0,"max_hp_loss":0.0,"gold_gain":0.0,"event_name":"SensoryStone","player_choice":"Memory 3","floor":36.0,"gold_loss":0.0,"damage_taken":10.0},{"damage_healed":0.0,"max_hp_gain":0.0,"max_hp_loss":0.0,"gold_gain":0.0,"event_name":"Tomb of Lord Red Mask","player_choice":"Ignored","floor":37.0,"gold_loss":0.0,"damage_taken":0.0},{"damage_healed":0.0,"max_hp_gain":0.0,"max_hp_loss":4.0,"gold_gain":0.0,"event_name":"Winding Halls","player_choice":"Max HP","floor":39.0,"gold_loss":0.0,"damage_taken":0.0},{"damage_healed":0.0,"max_hp_gain":0.0,"max_hp_loss":0.0,"gold_gain":0.0,"event_name":"WeMeetAgain","player_choice":"Gave Potion","floor":46.0,"gold_loss":0.0,"damage_taken":0.0,"relics_obtained":["PreservedInsect"]}],"is_beta":false,"boss_relics":[{"not_picked":["Eternal Feather","Runic Cube"],"picked":"Runic Dome"},{"not_picked":["Snecko Eye","Runic Pyramid"],"picked":"Black Blood"}],"items_purged_floors":[22,28],"is_endless":false,"potions_floor_spawned":[1,3,7,11,12,14,25,29,31,33,41,47],"killed_by":"Donu and Deca","ascension_level":20}