{"gold_per_floor":[118,35,45,63,63,88,88,113,136,136,136,146,160,85,85,85],"floor_reached":16,"playtime":317,"items_purged":[],"score":215,"play_id":"18146e88-7e45-415d-92b5-6e0ed9f3f415","local_time":"20181115193951","is_ascension_mode":true,"campfire_choices":[{"data":"Footwork","floor":7,"key":"SMITH"},{"data":"Neutralize","floor":10,"key":"SMITH"},{"data":"Well Laid Plans","floor":15,"key":"SMITH"}],"neow_cost":"NONE","seed_source_timestamp":6320457797709,"circlet_count":0,"master_deck":["AscendersBane","Defend_G","Defend_G","Defend_G","Defend_G","Defend_G","Strike_G","Strike_G","Strike_G","Survivor","Neutralize+1","Footwork+1","All Out Attack+1","Well Laid Plans+1","Deflect","Deflect"],"relics":["Ring of the Snake","NeowsBlessing","Strawberry","Dream Catcher","Bronze Scales"],"potions_floor_usage":[6,6,6,8,16],"damage_taken":[{"damage":0,"enemies":"2 Louse","floor":1,"turns":1},{"damage":0,"enemies":"Small Slimes","floor":3,"turns":1},{"damage":0,"enemies":"Cultist","floor":4,"turns":1},{"damage":26,"enemies":"Gremlin Nob","floor":6,"turns":4},{"damage":11,"enemies":"Lagavulin","floor":8,"turns":9},{"damage":0,"enemies":"3 Louse","floor":12,"turns":2},{"damage":0,"enemies":"Looter","floor":13,"turns":3},{"damage":29,"enemies":"Slime Boss","floor":16,"turns":11}],"seed_played":"-5119155875391496510","potions_obtained":[{"floor":3,"key":"EntropicBrew"},{"floor":4,"key":"SpeedPotion"},{"floor":6,"key":"PowerPotion"}],"is_trial":false,"path_per_floor":["M","$","M","M","?","E","R","E","T","R","?","M","M","?","R","B"],"character_chosen":"THE_SILENT","items_purchased":["Footwork"],"campfire_rested":0,"item_purchase_floors":[2],"current_hp_per_floor":[59,59,59,59,59,40,40,29,29,29,29,29,29,29,29,0],"gold":85,"neow_bonus":"THREE_ENEMY_KILL","is_prod":false,"is_daily":false,"chose_seed":false,"campfire_upgraded":3,"win_rate":0,"timestamp":1542281991,"path_taken":["M","$","M","M","?","E","R","E","T","R","?","?","M","?","R","BOSS"],"build_version":"2018-11-14","purchased_purges":0,"victory":false,"max_hp_per_floor":[66,66,66,66,66,73,73,73,73,73,73,73,73,73,73,73],"card_choices":[{"not_picked":["Flying Knee","Blade Dance","Distraction"],"picked":"SKIP","floor":1},{"not_picked":["Flying Knee","Underhanded Strike"],"picked":"All Out Attack","floor":3},{"not_picked":["Skewer","Expertise","Acrobatics"],"picked":"SKIP","floor":4},{"not_picked":["Deflect","Outmaneuver"],"picked":"Well Laid Plans","floor":6},{"not_picked":["Underhanded Strike","Backstab"],"picked":"Deflect","floor":8},{"not_picked":["Bane","Dash"],"picked":"Deflect","floor":12},{"not_picked":["Sucker Punch","Riddle With Holes","Bane"],"picked":"SKIP","floor":13}],"player_experience":1063155,"relics_obtained":[{"floor":6,"key":"Strawberry"},{"floor":8,"key":"Dream Catcher"},{"floor":9,"key":"Bronze Scales"}],"event_choices":[{"damage_healed":0,"gold_gain":0,"player_choice":"Grow","damage_taken":0,"max_hp_gain":0,"max_hp_loss":0,"event_name":"Living Wall","floor":5,"gold_loss":0,"cards_upgraded":["All Out Attack"]},{"cards_removed":["Strike_G"],"damage_healed":0,"gold_gain":0,"player_choice":"Purged","damage_taken":0,"max_hp_gain":0,"max_hp_loss":0,"event_name":"Purifier","floor":11,"gold_loss":0},{"cards_removed":["Strike_G"],"damage_healed":0,"gold_gain":0,"player_choice":"Card Removal","damage_taken":0,"max_hp_gain":0,"max_hp_loss":0,"event_name":"The Cleric","floor":14,"gold_loss":75}],"is_beta":true,"boss_relics":[],"items_purged_floors":[],"is_endless":false,"potions_floor_spawned":[3,4,6],"killed_by":"Slime Boss","ascension_level":19}