{"gold_per_floor":[119,119,194,37,37,37,52,52,52,52,67,80,91,102,102,200,200,214,214,214,63,75,123,123,140,140,160,160,195,205,251,251,351,351,369,369,380,391,391,391],"floor_reached":41,"playtime":1410,"items_purged":["Strike_B"],"score":603,"play_id":"6e98997b-9a35-4ab0-96d9-afba81046fd7","local_time":"20190611115134","is_ascension_mode":false,"campfire_choices":[{"data":"Zap","floor":6,"key":"SMITH"},{"data":"Dualcast","floor":8,"key":"SMITH"},{"data":"Undo","floor":10,"key":"SMITH"},{"data":"White Noise","floor":15,"key":"SMITH"},{"data":"Defragment","floor":24,"key":"SMITH"},{"data":"Biased Cognition","floor":28,"key":"SMITH"},{"data":"Biased Cognition","floor":32,"key":"SMITH"}],"neow_cost":"NONE","seed_source_timestamp":3370921268183,"circlet_count":0,"master_deck":["Strike_B+1","Strike_B+1","Strike_B+1","Defend_B","Defend_B","Defend_B","Defend_B","Zap+1","Dualcast+1","Undo+1","Ball Lightning","White Noise+1","Echo Form","Ball Lightning+1","Biased Cognition+1","Coolheaded","Defragment+1","Rainbow","Hologram","Heatsinks+1","Biased Cognition+1","Self Repair+1","Seek","Loop+1","Turbo+1"],"relics":["Cracked Core","DataDisk","Question Card","Sozu","Nloth\u0027s Gift","Ancient Tea Set","Dodecahedron","Whetstone","Bronze Scales","Cursed Key"],"potions_floor_usage":[40],"damage_taken":[{"damage":0,"enemies":"Small Slimes","floor":1,"turns":3},{"damage":6,"enemies":"Jaw Worm","floor":7,"turns":3},{"damage":0,"enemies":"Cultist","floor":11,"turns":2},{"damage":0,"enemies":"2 Fungi Beasts","floor":12,"turns":2},{"damage":0,"enemies":"3 Louse","floor":13,"turns":2},{"damage":8,"enemies":"Lots of Slimes","floor":14,"turns":3},{"damage":25,"enemies":"Hexaghost","floor":16,"turns":8},{"damage":11,"enemies":"3 Byrds","floor":18,"turns":4},{"damage":2,"enemies":"Shell Parasite","floor":22,"turns":3},{"damage":2,"enemies":"Cultist and Chosen","floor":25,"turns":4},{"damage":2,"enemies":"Snake Plant","floor":27,"turns":3},{"damage":21,"enemies":"Slavers","floor":29,"turns":4},{"damage":0,"enemies":"Shelled Parasite and Fungi","floor":30,"turns":4},{"damage":18,"enemies":"Automaton","floor":33,"turns":6},{"damage":0,"enemies":"3 Darklings","floor":35,"turns":3},{"damage":0,"enemies":"Orb Walker","floor":37,"turns":3},{"damage":23,"enemies":"4 Shapes","floor":38,"turns":4},{"damage":47,"enemies":"Donu and Deca","floor":40,"turns":8}],"seed_played":"5597050353887748359","potions_obtained":[{"floor":11,"key":"Weak Potion"},{"floor":13,"key":"FearPotion"},{"floor":14,"key":"Ancient Potion"}],"is_trial":false,"path_per_floor":["M","?","?","$","?","R","M","R","T","R","M","M","M","M","R","B",null,"M","?","?","$","M","T","R","M","T","M","R","E","M","T","R","B",null,"M","?","M","M","?","B",null],"character_chosen":"DEFECT","items_purchased":["DataDisk","Defragment"],"campfire_rested":0,"item_purchase_floors":[4,21],"current_hp_per_floor":[82,66,55,55,55,55,50,50,50,50,51,52,53,46,46,22,88,78,78,78,78,76,76,76,74,74,72,72,51,51,51,51,53,89,89,81,89,76,76,39],"gold":391,"neow_bonus":"TEN_PERCENT_HP_BONUS","is_prod":false,"is_daily":false,"chose_seed":false,"campfire_upgraded":7,"win_rate":0,"timestamp":1560225094,"path_taken":["M","?","?","$","?","R","M","R","T","R","M","?","M","M","R","BOSS","M","?","?","$","?","?","R","?","T","M","R","E","M","?","R","BOSS","M","?","?","M","?","BOSS"],"build_version":"2019-01-23","purchased_purges":1,"victory":true,"max_hp_per_floor":[82,82,82,82,82,82,83,83,83,83,84,85,86,87,87,88,88,89,89,89,89,89,89,89,89,89,89,89,89,89,89,89,89,89,89,89,89,89,89,89],"card_choices":[{"not_picked":["Rebound","Streamline"],"picked":"Undo","floor":1},{"not_picked":["Hologram","Heatsinks"],"picked":"Ball Lightning","floor":7},{"not_picked":["Cold Snap","FTL","Auto Shields"],"picked":"White Noise","floor":11},{"not_picked":["Rebound","Sweeping Beam","Stack"],"picked":"Echo Form","floor":12},{"not_picked":["Hologram","Compile Driver","Stack"],"picked":"Ball Lightning","floor":13},{"not_picked":["Go for the Eyes","Fusion","Beam Cell","Gash"],"picked":"SKIP","floor":14},{"not_picked":["Creative AI","Reboot","Fission"],"picked":"Biased Cognition","floor":16},{"not_picked":["Streamline","Melter","Sweeping Beam","Go for the Eyes"],"picked":"SKIP","floor":18},{"not_picked":["Conserve Battery+1","Meteor Strike","Hologram"],"picked":"Rainbow","floor":22},{"not_picked":["Stack","Sweeping Beam","Steam Power"],"picked":"Hologram","floor":25},{"not_picked":["Loop","Cold Snap","Hologram"],"picked":"Heatsinks+1","floor":27},{"not_picked":["Storm","Meteor Strike","Buffer"],"picked":"Biased Cognition","floor":29},{"not_picked":["Compile Driver","Beam Cell","Storm"],"picked":"Self Repair+1","floor":30},{"not_picked":["Machine Learning","Hyperbeam","Rainbow"],"picked":"Seek","floor":33},{"not_picked":["Reprogram","Gash+1","Streamline","Sweeping Beam"],"picked":"SKIP","floor":35},{"not_picked":["Compile Driver+1","Turbo+1","Glacier"],"picked":"Loop+1","floor":37},{"not_picked":["Stack+1","Beam Cell","Storm+1"],"picked":"Turbo+1","floor":38}],"player_experience":5041341,"relics_obtained":[{"floor":9,"key":"Question Card"},{"floor":23,"key":"Ancient Tea Set"},{"floor":26,"key":"Dodecahedron"},{"floor":29,"key":"Whetstone"},{"floor":31,"key":"Bronze Scales"}],"event_choices":[{"damage_healed":0,"gold_gain":0,"player_choice":"Entered Light","damage_taken":16,"max_hp_gain":0,"max_hp_loss":0,"event_name":"Shining Light","floor":2,"gold_loss":0,"cards_upgraded":["Strike_B","Strike_B"]},{"damage_healed":0,"gold_gain":75,"player_choice":"Gather Gold","damage_taken":11,"max_hp_gain":0,"max_hp_loss":0,"event_name":"World of Goop","floor":3,"gold_loss":0},{"damage_healed":0,"gold_gain":0,"player_choice":"Trade","damage_taken":0,"relics_obtained":["FaceOfCleric"],"max_hp_gain":0,"max_hp_loss":0,"event_name":"FaceTrader","floor":5,"gold_loss":0},{"damage_healed":0,"gold_gain":0,"player_choice":"Read","damage_taken":0,"max_hp_gain":0,"max_hp_loss":0,"event_name":"The Library","floor":19,"gold_loss":0,"cards_obtained":["Coolheaded"]},{"damage_healed":0,"gold_gain":0,"player_choice":"Traded Relic","damage_taken":0,"relics_obtained":["Nloth\u0027s Gift"],"max_hp_gain":0,"max_hp_loss":0,"event_name":"N\u0027loth","floor":20,"relics_lost":["FaceOfCleric"],"gold_loss":0},{"damage_healed":0,"gold_gain":0,"player_choice":"Damaged","damage_taken":8,"max_hp_gain":0,"max_hp_loss":0,"event_name":"Wheel of Change","floor":36,"gold_loss":0},{"damage_healed":0,"gold_gain":0,"player_choice":"Took Portal","damage_taken":0,"max_hp_gain":0,"max_hp_loss":0,"event_name":"SecretPortal","floor":39,"gold_loss":0}],"is_beta":false,"boss_relics":[{"not_picked":["Philosopher\u0027s Stone","Empty Cage"],"picked":"Sozu"},{"not_picked":["White Beast Statue","Black Star"],"picked":"Cursed Key"}],"items_purged_floors":[21],"is_endless":false,"potions_floor_spawned":[11,13,14,18,25,29,35,37],"ascension_level":0}