{"gold_per_floor":[113,129,129,139,139,139,49,63,87,115,25,39,39,67,67,144,144,154,168,118,136,136,136,161,161,212,227,246,277,277,147,147,226,226,237,537,550,500,515,515,532,532,532,548,559,559,585,605,605,605,605,605,605,117,117,117],"floor_reached":57,"playtime":2890,"items_purged":["Strike_G","Strike_G","Defend_G","Defend_G"],"score":3103,"play_id":"57073406-c006-407d-bc1b-00fbc61287d3","local_time":"20190424125120","is_ascension_mode":true,"campfire_choices":[{"data":"Neutralize","floor":6.0,"key":"SMITH"},{"data":"Catalyst","floor":13.0,"key":"SMITH"},{"data":"Bouncing Flask","floor":15.0,"key":"SMITH"},{"data":"Well Laid Plans","floor":23.0,"key":"SMITH"},{"data":"Setup","floor":30.0,"key":"SMITH"},{"data":"Concentrate","floor":32.0,"key":"SMITH"},{"data":"Tactician","floor":40.0,"key":"SMITH"},{"data":"Wraith Form v2","floor":42.0,"key":"SMITH"},{"data":"Calculated Gamble","floor":46.0,"key":"SMITH"},{"floor":49.0,"key":"RECALL"},{"data":"Deadly Poison","floor":53,"key":"SMITH"}],"neow_cost":"NONE","seed_source_timestamp":158111823561007,"circlet_count":0,"master_deck":["AscendersBane","Defend_G+1","Defend_G","Defend_G","Survivor","Neutralize+1","Leg Sweep","Crippling Poison+1","Backflip+1","Bouncing Flask+1","Catalyst+1","Tactician+1","Night Terror","Acrobatics+1","Well Laid Plans+1","Setup+1","Deadly Poison+1","Concentrate+1","Calculated Gamble+1","After Image","Acrobatics+1","Wraith Form v2+1","PiercingWail+1","Impatience"],"special_seed":0,"relics":["Ring of the Snake","Regal Pillow","NlothsMask","Smiling Mask","War Paint","Coffee Dripper","Red Mask","Sundial","Black Star","Gremlin Horn","Happy Flower","Bag of Marbles","Toy Ornithopter"],"potions_floor_usage":[55,56],"damage_taken":[{"damage":0.0,"enemies":"2 Louse","floor":1.0,"turns":3.0},{"damage":10.0,"enemies":"Small Slimes","floor":2.0,"turns":5.0},{"damage":0.0,"enemies":"Cultist","floor":4.0,"turns":4.0},{"damage":1.0,"enemies":"2 Fungi Beasts","floor":8.0,"turns":4.0},{"damage":6.0,"enemies":"Lagavulin","floor":10.0,"turns":8.0},{"damage":6.0,"enemies":"Blue Slaver","floor":12.0,"turns":8.0},{"damage":27.0,"enemies":"3 Sentries","floor":14.0,"turns":10.0},{"damage":5.0,"enemies":"Slime Boss","floor":16.0,"turns":13.0},{"damage":9.0,"enemies":"Shell Parasite","floor":18.0,"turns":5.0},{"damage":0.0,"enemies":"Spheric Guardian","floor":19.0,"turns":2.0},{"damage":6.0,"enemies":"Snake Plant","floor":21.0,"turns":3.0},{"damage":17.0,"enemies":"Masked Bandits","floor":24.0,"turns":5.0},{"damage":9.0,"enemies":"Centurion and Healer","floor":27.0,"turns":3.0},{"damage":5.0,"enemies":"Cultist and Chosen","floor":28.0,"turns":5.0},{"damage":0.0,"enemies":"Gremlin Leader","floor":29.0,"turns":3.0},{"damage":0.0,"enemies":"Collector","floor":33.0,"turns":5.0},{"damage":3.0,"enemies":"3 Darklings","floor":35.0,"turns":5.0},{"damage":0.0,"enemies":"3 Shapes","floor":37.0,"turns":4.0},{"damage":7.0,"enemies":"Spire Growth","floor":39.0,"turns":2.0},{"damage":0.0,"enemies":"Jaw Worm Horde","floor":41.0,"turns":5.0},{"damage":0.0,"enemies":"Maw","floor":44.0,"turns":3.0},{"damage":0.0,"enemies":"Transient","floor":45.0,"turns":3.0},{"damage":0.0,"enemies":"Reptomancer","floor":47.0,"turns":4.0},{"damage":0.0,"enemies":"Spire Growth","floor":48.0,"turns":4.0},{"damage":0,"enemies":"Donu and Deca","floor":50,"turns":8},{"damage":0,"enemies":"Time Eater","floor":51,"turns":5},{"damage":0,"enemies":"Shield and Spear","floor":55,"turns":4},{"damage":64,"enemies":"The Heart","floor":56,"turns":6}],"seed_played":"2140549846366511217","potions_obtained":[{"floor":2.0,"key":"Strength Potion"},{"floor":4.0,"key":"PowerPotion"},{"floor":10.0,"key":"Energy Potion"},{"floor":19.0,"key":"EssenceOfSteel"},{"floor":27.0,"key":"GhostInAJar"},{"floor":28.0,"key":"SpeedPotion"},{"floor":37.0,"key":"LiquidBronze"},{"floor":41.0,"key":"Swift Potion"},{"floor":48.0,"key":"Fire Potion"}],"is_trial":false,"path_per_floor":["M","M","?","M","?","R","$","M","T","E","$","M","R","E","R","B",null,"M","M","$","M","?","R","?","?","T","M","M","E","R","$","R","B",null,"M","?","M","$","M","R","M","R","T","M","M","R","E","M","R","B","B",null,"R","$","E","B",null],"character_chosen":"THE_SILENT","items_purchased":["Bouncing Flask","Tactician","After Image","Toy Ornithopter","Impatience","SmokeBomb"],"campfire_rested":0,"item_purchase_floors":[7,11,31,54,54,54],"current_hp_per_floor":[59,49,49,49,49,49,49,48,48,42,42,36,36,9,9,4,51,42,42,42,36,36,36,19,19,19,10,5,5,5,5,5,5,51,48,48,48,48,41,41,41,41,41,41,41,41,41,41,41,41,41,60,60,60,65,2],"gold":117,"neow_bonus":"RANDOM_COMMON_RELIC","is_prod":false,"is_daily":false,"chose_seed":false,"campfire_upgraded":10,"win_rate":0,"timestamp":1556081480,"path_taken":["M","M","?","M","?","R","$","M","T","E","$","M","R","E","R","BOSS","M","M","$","M","?","R","?","?","T","M","M","E","R","?","R","BOSS","M","?","M","$","?","R","M","R","T","M","M","R","E","M","R","BOSS","BOSS","R","$","E","BOSS"],"build_version":"2019-01-23","purchased_purges":4,"victory":true,"max_hp_per_floor":[66,66,66,66,66,66,66,66,66,66,66,66,66,66,66,66,66,66,66,66,66,66,66,66,66,66,66,66,66,66,66,66,66,66,66,66,66,66,66,66,66,66,66,66,66,66,66,66,66,66,66,66,66,66,66,66],"card_choices":[{"not_picked":["Flying Knee","Prepared"],"picked":"Leg Sweep","floor":1.0},{"not_picked":["Quick Slash","Prepared"],"picked":"Crippling Poison","floor":2.0},{"not_picked":["Flying Knee","Heel Hook"],"picked":"Backflip","floor":4.0},{"not_picked":["Acrobatics","Sucker Punch"],"picked":"Catalyst","floor":8.0},{"not_picked":["Dagger Throw","Dagger Spray","Heel Hook"],"picked":"SKIP","floor":10.0},{"not_picked":["Setup","Slice","Heel Hook"],"picked":"SKIP","floor":12.0},{"not_picked":["Reflex","PiercingWail","Distraction"],"picked":"SKIP","floor":14.0},{"not_picked":["Die Die Die","After Image"],"picked":"Night Terror","floor":16.0},{"not_picked":["Prepared","Sucker Punch"],"picked":"Acrobatics+1","floor":18.0},{"not_picked":["Dodge and Roll","Outmaneuver","Slice"],"picked":"SKIP","floor":19.0},{"not_picked":["Blur+1","Sucker Punch"],"picked":"Well Laid Plans","floor":21.0},{"not_picked":["Deadly Poison","Riddle With Holes","Storm of Steel"],"picked":"SKIP","floor":27.0},{"not_picked":["Backflip","Masterful Stab+1"],"picked":"Concentrate","floor":28.0},{"not_picked":["Accuracy","Bouncing Flask"],"picked":"Calculated Gamble","floor":29.0},{"not_picked":["Tactician+1","Dagger Throw"],"picked":"Acrobatics+1","floor":35.0},{"not_picked":["Bane","Underhanded Strike+1","Dodge and Roll+1"],"picked":"SKIP","floor":37.0},{"not_picked":["Flying Knee","Slice+1","Caltrops"],"picked":"SKIP","floor":39.0},{"not_picked":["Dagger Spray","All Out Attack"],"picked":"Wraith Form v2","floor":41.0},{"not_picked":["Concentrate","Slice","Dodge and Roll+1"],"picked":"SKIP","floor":44.0},{"not_picked":["Flying Knee+1","Bane"],"picked":"PiercingWail+1","floor":45.0},{"not_picked":["Underhanded Strike","Flying Knee","Poisoned Stab"],"picked":"SKIP","floor":47.0},{"not_picked":["PiercingWail","Quick Slash+1","Masterful Stab+1"],"picked":"SKIP","floor":48.0}],"player_experience":4499132,"relics_obtained":[{"floor":10.0,"key":"Smiling Mask"},{"floor":14.0,"key":"War Paint"},{"floor":24.0,"key":"Red Mask"},{"floor":29.0,"key":"Sundial"},{"floor":43.0,"key":"Gremlin Horn"},{"floor":47.0,"key":"Happy Flower"},{"floor":47.0,"key":"Bag of Marbles"}],"event_choices":[{"damage_healed":0.0,"max_hp_gain":0.0,"max_hp_loss":0.0,"gold_gain":0.0,"event_name":"Living Wall","player_choice":"Grow","floor":3.0,"gold_loss":0.0,"damage_taken":0.0,"cards_upgraded":["Crippling Poison"]},{"damage_healed":0.0,"max_hp_gain":0.0,"max_hp_loss":0.0,"gold_gain":0.0,"event_name":"FaceTrader","player_choice":"Trade","floor":5.0,"gold_loss":0.0,"damage_taken":0.0,"relics_obtained":["NlothsMask"]},{"cards_removed":["Strike_G"],"damage_healed":0.0,"max_hp_gain":0.0,"max_hp_loss":0.0,"gold_gain":0.0,"event_name":"Back to Basics","player_choice":"Elegance","floor":22.0,"gold_loss":0.0,"damage_taken":0.0},{"damage_healed":0.0,"max_hp_gain":0.0,"max_hp_loss":0.0,"gold_gain":0.0,"event_name":"Masked Bandits","player_choice":"Fought Bandits","floor":24.0,"gold_loss":0.0,"damage_taken":0.0},{"damage_healed":0.0,"max_hp_gain":0.0,"max_hp_loss":0.0,"gold_gain":0.0,"cards_transformed":["Strike_G","Strike_G"],"event_name":"Drug Dealer","player_choice":"Became Test Subject","floor":25.0,"gold_loss":0.0,"damage_taken":0.0,"cards_obtained":["Setup","Deadly Poison"]},{"damage_healed":0.0,"max_hp_gain":0.0,"max_hp_loss":0.0,"gold_gain":300.0,"event_name":"Wheel of Change","player_choice":"Gold","floor":36.0,"gold_loss":0.0,"damage_taken":0.0}],"is_beta":false,"boss_relics":[{"not_picked":["Ectoplasm","Velvet Choker"],"picked":"Coffee Dripper"},{"not_picked":["Snecko Eye","Sozu"],"picked":"Black Star"}],"items_purged_floors":[20,31,38,54],"is_endless":false,"potions_floor_spawned":[2,4,10,19,27,28,37,41,44,48,55],"ascension_level":20}