{"gold_per_floor":[109,109,33,33,46,46,46,46,46,67,82,7,28,46,46,142,205],"floor_reached":17,"playtime":468,"items_purged":["Regret"],"score":394,"play_id":"f7d59ae4-ca62-446e-95db-9bafec15f2cf","local_time":"20190416232407","is_ascension_mode":true,"campfire_choices":[{"data":"Well Laid Plans","floor":6,"key":"SMITH"},{"data":"Catalyst","floor":8,"key":"SMITH"},{"data":"Neutralize","floor":15,"key":"SMITH"}],"neow_cost":"NONE","seed_source_timestamp":66129775638647,"circlet_count":0,"master_deck":["AscendersBane","Defend_G","Defend_G","Defend_G","Defend_G","Strike_G","Strike_G","Strike_G","Strike_G","Strike_G+1","Survivor","Neutralize+1","Catalyst+1","Well Laid Plans+1","Dagger Throw","Backflip","Malaise"],"relics":["Cursed Key","Golden Idol","Tiny House"],"potions_floor_usage":[16,16],"damage_taken":[{"damage":12,"enemies":"Jaw Worm","floor":1,"turns":5},{"damage":0,"enemies":"2 Louse","floor":5,"turns":4},{"damage":1,"enemies":"Cultist","floor":10,"turns":4},{"damage":14,"enemies":"Lots of Slimes","floor":11,"turns":6},{"damage":26,"enemies":"Exordium Wildlife","floor":13,"turns":7},{"damage":4,"enemies":"Looter","floor":14,"turns":4},{"damage":0,"enemies":"Hexaghost","floor":16,"turns":8}],"seed_played":"-7286184879408941770","potions_obtained":[{"floor":5,"key":"LiquidBronze"},{"floor":10,"key":"Poison Potion"},{"floor":16,"key":"SkillPotion"},{"floor":17,"key":"Block Potion"}],"is_trial":false,"path_per_floor":["M","?","$","?","M","R","?","R","T","M","M","$","M","M","R","B",null],"character_chosen":"THE_SILENT","items_purchased":["Well Laid Plans"],"campfire_rested":0,"item_purchase_floors":[3],"current_hp_per_floor":[47,47,47,47,47,47,47,47,47,46,32,32,6,2,2,2,7],"gold":205,"neow_bonus":"BOSS_RELIC","is_prod":false,"is_daily":false,"chose_seed":false,"campfire_upgraded":3,"win_rate":0,"timestamp":1555428247,"path_taken":["M","?","$","?","M","R","?","R","T","M","?","?","M","M","R","BOSS"],"build_version":"2019-01-23","purchased_purges":1,"victory":false,"max_hp_per_floor":[66,60,60,60,60,60,60,60,60,60,60,60,60,60,60,60,65],"card_choices":[{"not_picked":["Backflip","Cloak And Dagger"],"picked":"Catalyst","floor":1},{"not_picked":["Dagger Throw","Accuracy","Outmaneuver"],"picked":"SKIP","floor":5},{"not_picked":["Accuracy","Outmaneuver"],"picked":"Dagger Throw","floor":5},{"not_picked":["Eviscerate","Flechettes","Cloak And Dagger"],"picked":"SKIP","floor":10},{"not_picked":["Flying Knee","PiercingWail","Finisher"],"picked":"SKIP","floor":11},{"not_picked":["Prepared","Terror"],"picked":"Backflip","floor":13},{"not_picked":["Accuracy","Dodge and Roll","Bane"],"picked":"SKIP","floor":14},{"not_picked":["Storm of Steel","Night Terror"],"picked":"Malaise","floor":16}],"player_experience":4331578,"relics_obtained":[],"event_choices":[{"damage_healed":0,"gold_gain":0,"player_choice":"Lose Max HP","damage_taken":0,"relics_obtained":["Golden Idol"],"max_hp_gain":0,"max_hp_loss":6,"event_name":"Golden Idol","floor":2,"gold_loss":0},{"damage_healed":0,"gold_gain":0,"player_choice":"Leave","damage_taken":0,"max_hp_gain":0,"max_hp_loss":0,"event_name":"The Cleric","floor":4,"gold_loss":0},{"cards_removed":["Defend_G"],"damage_healed":0,"gold_gain":0,"player_choice":"Offered Basic","damage_taken":0,"max_hp_gain":0,"max_hp_loss":0,"event_name":"Bonfire Elementals","floor":7,"gold_loss":0}],"is_beta":false,"boss_relics":[{"not_picked":["HoveringKite","WristBlade"],"picked":"Tiny House"}],"items_purged_floors":[12],"is_endless":false,"potions_floor_spawned":[5,10,14,16],"ascension_level":20}