{"gold_per_floor":[110,39,39,39,89,117,117,134,134,13,32,59,77,96,96,196,196,214,214,233,243,243,268,268,81,81,99,111,131,158,178,178,283,283,293,311,60,72,125,125,155,155,155,155,173,200,200,233,233,233,233,233,85,117,117],"floor_reached":56,"playtime":2446,"items_purged":["Strike_G","Strike_G"],"score":1904,"play_id":"5d7be696-c9b4-43cb-83b1-79b92d302280","local_time":"20190311144021","is_ascension_mode":true,"campfire_choices":[{"data":"Bouncing Flask","floor":7.0,"key":"SMITH"},{"data":"Catalyst","floor":15.0,"key":"SMITH"},{"data":"Catalyst","floor":24.0,"key":"SMITH"},{"floor":32.0,"key":"REST"},{"data":"Wraith Form v2","floor":40.0,"key":"SMITH"},{"data":"Impatience","floor":42.0,"key":"SMITH"},{"data":"Night Terror","floor":44.0,"key":"SMITH"},{"floor":49.0,"key":"RECALL"},{"data":"Apotheosis","floor":52.0,"key":"SMITH"}],"neow_cost":"NONE","seed_source_timestamp":781835738845883,"circlet_count":0,"master_deck":["Defend_G","Defend_G+1","Defend_G","Defend_G+1","Defend_G","Strike_G","Survivor","Neutralize","Impatience+1","Backflip","Noxious Fumes","Bouncing Flask+1","Blur","Leg Sweep","Catalyst+1","PiercingWail","Catalyst+1","Wraith Form v2+1","Prepared","Night Terror+1","Corpse Explosion","Well Laid Plans","Prepared+1","Well Laid Plans","Concentrate+1","After Image","Acrobatics","After Image","Acrobatics+1","Apotheosis+1","Concentrate+1"],"special_seed":0,"relics":["Ring of the Snake","Happy Flower","Dodecahedron","Unceasing Top","Shuriken","Black Star","Ginger","Tough Bandages","Darkstone Periapt","Paper Crane","Philosopher\u0027s Stone","Sundial","Mango","Meat on the Bone","Anchor","Pen Nib","Dead Branch","Bronze Scales","Mercury Hourglass","Molten Egg 2","Bottled Lightning","Pantograph"],"potions_floor_usage":[55],"damage_taken":[{"damage":4.0,"enemies":"Small Slimes","floor":1.0,"turns":5.0},{"damage":11.0,"enemies":"3 Sentries","floor":6.0,"turns":9.0},{"damage":5.0,"enemies":"2 Louse","floor":8.0,"turns":3.0},{"damage":0.0,"enemies":"Jaw Worm","floor":11.0,"turns":5.0},{"damage":0.0,"enemies":"Lagavulin","floor":12.0,"turns":6.0},{"damage":0.0,"enemies":"Blue Slaver","floor":13.0,"turns":4.0},{"damage":2.0,"enemies":"Exordium Thugs","floor":14.0,"turns":6.0},{"damage":0.0,"enemies":"The Guardian","floor":16.0,"turns":5.0},{"damage":0.0,"enemies":"Chosen","floor":18.0,"turns":5.0},{"damage":25.0,"enemies":"2 Thieves","floor":20.0,"turns":5.0},{"damage":6.0,"enemies":"Snecko","floor":21.0,"turns":5.0},{"damage":21.0,"enemies":"Gremlin Leader","floor":23.0,"turns":5.0},{"damage":2.0,"enemies":"Snake Plant","floor":27.0,"turns":6.0},{"damage":13.0,"enemies":"Shelled Parasite and Fungi","floor":28.0,"turns":5.0},{"damage":0.0,"enemies":"3 Cultists","floor":29.0,"turns":4.0},{"damage":0.0,"enemies":"Slavers","floor":30.0,"turns":8.0},{"damage":0.0,"enemies":"Centurion and Healer","floor":31.0,"turns":5.0},{"damage":0.0,"enemies":"Champ","floor":33.0,"turns":5.0},{"damage":0.0,"enemies":"3 Shapes","floor":35.0,"turns":4.0},{"damage":0.0,"enemies":"3 Darklings","floor":36.0,"turns":3.0},{"damage":0.0,"enemies":"Sphere and 2 Shapes","floor":38.0,"turns":4.0},{"damage":21.0,"enemies":"2 Orb Walkers","floor":39.0,"turns":3.0},{"damage":0.0,"enemies":"Giant Head","floor":41.0,"turns":5.0},{"damage":4.0,"enemies":"4 Shapes","floor":45.0,"turns":6.0},{"damage":0.0,"enemies":"Nemesis","floor":46.0,"turns":3.0},{"damage":0.0,"enemies":"Giant Head","floor":48.0,"turns":4.0},{"damage":0.0,"enemies":"Donu and Deca","floor":50.0,"turns":7.0},{"damage":0.0,"enemies":"Shield and Spear","floor":54.0,"turns":3.0},{"damage":0,"enemies":"The Heart","floor":55,"turns":5}],"seed_played":"-8719216189883709343","potions_obtained":[{"floor":1.0,"key":"Energy Potion"},{"floor":8.0,"key":"Explosive Potion"},{"floor":13.0,"key":"FearPotion"},{"floor":16.0,"key":"EssenceOfSteel"},{"floor":21.0,"key":"PowerPotion"},{"floor":23.0,"key":"Poison Potion"},{"floor":27.0,"key":"Ancient Potion"},{"floor":28.0,"key":"GamblersBrew"},{"floor":33.0,"key":"SteroidPotion"},{"floor":46.0,"key":"GamblersBrew"}],"is_trial":false,"path_per_floor":["M","$","?","?","T","E","R","M","T","$","M","E","M","M","R","B",null,"M","?","M","M","?","E","R","$","T","M","M","M","E","M","R","B",null,"M","M","$","M","?","R","E","R","T","R","M","E","?","E","R","B",null,"R","$","E","B",null],"character_chosen":"THE_SILENT","items_purchased":["Noxious Fumes","Leg Sweep","Fire Potion","Well Laid Plans","GamblersBrew","Sundial","Block Potion"],"campfire_rested":1,"item_purchase_floors":[2,10,10,25,25,37,53],"current_hp_per_floor":[66,66,59,45,45,34,34,29,29,29,29,29,29,27,27,27,70,70,70,45,39,39,18,18,18,18,16,3,3,3,3,24,24,70,70,70,70,70,63,63,63,63,63,63,59,59,59,59,59,59,84,84,84,84,84],"gold":117,"neow_bonus":"RANDOM_COLORLESS","is_prod":false,"is_daily":false,"chose_seed":false,"campfire_upgraded":7,"win_rate":0,"timestamp":1552282821,"path_taken":["M","$","?","?","?","E","R","M","T","?","M","E","M","?","R","BOSS","M","?","M","M","?","E","R","$","T","M","M","M","E","M","R","BOSS","M","M","$","M","?","R","E","R","T","R","M","E","?","E","R","BOSS","R","$","E","BOSS"],"build_version":"2019-01-23","purchased_purges":2,"victory":true,"max_hp_per_floor":[70,70,70,70,70,70,70,70,70,70,70,70,70,70,70,70,70,70,70,70,70,70,70,70,70,70,70,70,70,70,70,70,70,70,70,70,70,70,84,84,84,84,84,84,84,84,84,84,84,84,84,84,84,84,84],"card_choices":[{"not_picked":["Outmaneuver","Finisher"],"picked":"Backflip","floor":1.0},{"not_picked":["Dash","Deflect"],"picked":"Bouncing Flask","floor":6.0},{"not_picked":["Skewer","Poisoned Stab"],"picked":"Blur","floor":8.0},{"not_picked":["Cloak And Dagger","Sucker Punch"],"picked":"Catalyst","floor":11.0},{"not_picked":["Dagger Spray","Underhanded Strike"],"picked":"PiercingWail","floor":12.0},{"not_picked":["Tools of the Trade","Quick Slash"],"picked":"Catalyst","floor":13.0},{"not_picked":["Cloak And Dagger","Choke","Blade Dance"],"picked":"SKIP","floor":14.0},{"not_picked":["Grand Finale","Envenom"],"picked":"Wraith Form v2","floor":16.0},{"not_picked":["Slice","Accuracy+1","Poisoned Stab"],"picked":"SKIP","floor":18.0},{"not_picked":["Poisoned Stab","Cloak And Dagger"],"picked":"Prepared","floor":20.0},{"not_picked":["Sucker Punch","Quick Slash","Expertise"],"picked":"SKIP","floor":21.0},{"not_picked":["Dagger Throw","Caltrops+1"],"picked":"Corpse Explosion","floor":23.0},{"not_picked":["Terror","Sucker Punch","Quick Slash+1"],"picked":"SKIP","floor":27.0},{"not_picked":["Masterful Stab","Dagger Throw+1"],"picked":"Prepared+1","floor":28.0},{"not_picked":["Dodge and Roll","Leg Sweep","Tools of the Trade"],"picked":"SKIP","floor":29.0},{"not_picked":["Dodge and Roll","Leg Sweep","Tools of the Trade"],"picked":"SKIP","floor":29.0},{"not_picked":["Deflect+1","Dodge and Roll"],"picked":"Well Laid Plans","floor":30.0},{"not_picked":["Blade Dance+1","Leg Sweep"],"picked":"Concentrate+1","floor":31.0},{"not_picked":["Phantasmal Killer","Storm of Steel"],"picked":"After Image","floor":33.0},{"not_picked":["Outmaneuver","Riddle With Holes","Blur"],"picked":"SKIP","floor":35.0},{"not_picked":["Underhanded Strike","Sucker Punch"],"picked":"Acrobatics","floor":36.0},{"not_picked":["Quick Slash+1","Cloak And Dagger","Backflip"],"picked":"SKIP","floor":38.0},{"not_picked":["Quick Slash","Caltrops"],"picked":"After Image","floor":41.0},{"not_picked":["Catalyst+1","Distraction+1","Cloak And Dagger+1"],"picked":"SKIP","floor":45.0},{"not_picked":["Flying Knee","Outmaneuver+1"],"picked":"Acrobatics+1","floor":46.0},{"not_picked":["The Bomb","Mayhem"],"picked":"Apotheosis","floor":47.0},{"not_picked":["Dodge and Roll","Backflip+1","Deflect"],"picked":"SKIP","floor":48.0},{"not_picked":["Flechettes+1","Expertise+1"],"picked":"Concentrate+1","floor":54.0}],"player_experience":51321,"relics_obtained":[{"floor":5.0,"key":"Happy Flower"},{"floor":6.0,"key":"Dodecahedron"},{"floor":9.0,"key":"Unceasing Top"},{"floor":12.0,"key":"Shuriken"},{"floor":23.0,"key":"Ginger"},{"floor":23.0,"key":"Tough Bandages"},{"floor":30.0,"key":"Darkstone Periapt"},{"floor":30.0,"key":"Paper Crane"},{"floor":39.0,"key":"Mango"},{"floor":41.0,"key":"Meat on the Bone"},{"floor":41.0,"key":"Anchor"},{"floor":43.0,"key":"Pen Nib"},{"floor":46.0,"key":"Dead Branch"},{"floor":46.0,"key":"Bronze Scales"},{"floor":48.0,"key":"Mercury Hourglass"},{"floor":48.0,"key":"Molten Egg 2"},{"floor":54.0,"key":"Bottled Lightning"},{"floor":54.0,"key":"Pantograph"}],"event_choices":[{"cards_removed":["Strike_G"],"damage_healed":0.0,"max_hp_gain":0.0,"max_hp_loss":0.0,"gold_gain":0.0,"event_name":"Golden Wing","player_choice":"Card Removal","floor":3.0,"gold_loss":0.0,"damage_taken":7.0},{"damage_healed":0.0,"max_hp_gain":0.0,"max_hp_loss":0.0,"gold_gain":0.0,"event_name":"Shining Light","player_choice":"Entered Light","floor":4.0,"gold_loss":0.0,"damage_taken":14.0,"cards_upgraded":["Defend_G","Defend_G"]},{"cards_removed":["Strike_G"],"damage_healed":0.0,"max_hp_gain":0.0,"max_hp_loss":0.0,"gold_gain":0.0,"event_name":"Back to Basics","player_choice":"Elegance","floor":19.0,"gold_loss":0.0,"damage_taken":0.0},{"damage_healed":0.0,"max_hp_gain":0.0,"max_hp_loss":0.0,"gold_gain":0.0,"event_name":"The Library","player_choice":"Read","floor":22.0,"gold_loss":0.0,"damage_taken":0.0,"cards_obtained":["Night Terror"]},{"damage_healed":0.0,"max_hp_gain":0.0,"max_hp_loss":0.0,"gold_gain":0.0,"event_name":"Mysterious Sphere","player_choice":"Fight","floor":39.0,"gold_loss":0.0,"damage_taken":0.0},{"damage_healed":0.0,"max_hp_gain":0.0,"max_hp_loss":0.0,"gold_gain":0.0,"event_name":"SensoryStone","player_choice":"Memory 1","floor":47.0,"gold_loss":0.0,"damage_taken":0.0}],"is_beta":false,"boss_relics":[{"not_picked":["HoveringKite","Eternal Feather"],"picked":"Black Star"},{"not_picked":["Orrery","Empty Cage"],"picked":"Philosopher\u0027s Stone"}],"items_purged_floors":[25,53],"is_endless":false,"potions_floor_spawned":[1,8,13,14,16,21,23,27,28,33,39,46,48],"ascension_level":4}