{"gold_per_floor":[109,127,127,127,137,137,168,168,220,3,36,55,67,26,26,103,103,119,134,134,134,134,134,162,62,144,172,272,292,292,303,303,303],"floor_reached":33,"playtime":1574,"items_purged":["Strike_B","Writhe"],"score":546,"play_id":"0d907462-2430-49e2-9295-e8f11d5b26fa","local_time":"20190808001521","is_ascension_mode":true,"campfire_choices":[{"floor":6.0,"key":"REST"},{"floor":8.0,"key":"REST"},{"data":"Sunder","floor":15.0,"key":"SMITH"},{"floor":23,"key":"REST"},{"floor":32,"key":"REST"}],"neow_cost":"NONE","seed_source_timestamp":0,"circlet_count":0,"master_deck":["AscendersBane","Strike_B","Strike_B+1","Strike_B+1","Defend_B","Defend_B+1","Defend_B","Defend_B","Zap","Dualcast","Melter+1","Ball Lightning","Ball Lightning","Thunder Strike","Capacitor","Cold Snap","Chill","Undo","Chill","Sunder+1","Machine Learning","Consume","Darkness"],"special_seed":0,"relics":["Cracked Core","Boot","Regal Pillow","Symbiotic Virus","Whetstone","Gambling Chip","Sozu","Dodecahedron","Red Mask","Tiny Chest","Mercury Hourglass","Thread and Needle","Bottled Lightning"],"potions_floor_usage":[28,33],"damage_taken":[{"damage":2.0,"enemies":"2 Louse","floor":1.0,"turns":3.0},{"damage":4.0,"enemies":"Jaw Worm","floor":2.0,"turns":3.0},{"damage":0.0,"enemies":"Small Slimes","floor":5.0,"turns":2.0},{"damage":14.0,"enemies":"Gremlin Nob","floor":7.0,"turns":3.0},{"damage":16.0,"enemies":"3 Sentries","floor":11.0,"turns":5.0},{"damage":0.0,"enemies":"3 Louse","floor":12.0,"turns":2.0},{"damage":0.0,"enemies":"Large Slime","floor":13.0,"turns":4.0},{"damage":23.0,"enemies":"Slime Boss","floor":16.0,"turns":9.0},{"damage":10,"enemies":"Shell Parasite","floor":18,"turns":3},{"damage":0,"enemies":"Chosen","floor":19,"turns":3},{"damage":0,"enemies":"Masked Bandits","floor":24,"turns":4},{"damage":13,"enemies":"Gremlin Leader","floor":27,"turns":7},{"damage":1,"enemies":"Colosseum Slavers","floor":28,"turns":3},{"damage":23,"enemies":"Colosseum Nobs","floor":28,"turns":4},{"damage":0,"enemies":"Centurion and Healer","floor":29,"turns":4},{"damage":26,"enemies":"Snake Plant","floor":31,"turns":3},{"damage":66,"enemies":"Champ","floor":33,"turns":10}],"seed_played":"-253974237087427451","potions_obtained":[{"floor":1.0,"key":"SneckoOil"},{"floor":5.0,"key":"Weak Potion"},{"floor":7.0,"key":"Dexterity Potion"}],"is_trial":false,"path_per_floor":["M","M","?","?","M","R","E","R","T","$","E","M","M","$","R","B",null,"M","M","?","?","?","R","?","$","T","E","?","M","?","M","R","B"],"character_chosen":"DEFECT","items_purchased":["Capacitor","Cold Snap","Sunder"],"campfire_rested":4,"item_purchase_floors":[10,10,14],"current_hp_per_floor":[62,58,32,11,11,47,33,69,69,69,53,53,53,53,53,30,61,51,51,51,31,31,68,68,68,68,55,31,31,31,5,42,0],"gold":303,"neow_bonus":"RANDOM_COMMON_RELIC","is_prod":false,"is_daily":false,"chose_seed":false,"campfire_upgraded":1,"win_rate":0,"timestamp":1565216121,"path_taken":["M","M","?","?","M","R","E","R","T","$","E","M","M","?","R","BOSS","M","M","?","?","?","R","?","?","T","E","?","?","?","M","R","BOSS"],"build_version":"2019-07-17","purchased_purges":2,"victory":false,"max_hp_per_floor":[71,71,71,71,71,71,71,71,71,71,71,71,71,71,71,71,71,71,71,71,76,76,76,76,76,76,76,76,76,76,76,76,76],"card_choices":[{"not_picked":["Stack","Conserve Battery"],"picked":"Melter","floor":1.0},{"not_picked":["Conserve Battery","Scrape"],"picked":"Ball Lightning","floor":2.0},{"not_picked":["Steam","Reinforced Body"],"picked":"Ball Lightning","floor":5.0},{"not_picked":["Skim","Rebound"],"picked":"Thunder Strike","floor":7.0},{"not_picked":["Loop","Steam Power"],"picked":"Chill","floor":11.0},{"not_picked":["Recycle","Leap"],"picked":"Undo","floor":12.0},{"not_picked":["Go for the Eyes","Storm"],"picked":"Chill","floor":13.0},{"not_picked":["Thunder Strike","Core Surge"],"picked":"Machine Learning","floor":16.0},{"not_picked":["Leap","Redo","Fusion"],"picked":"SKIP","floor":18},{"not_picked":["Recycle","Steam","Ball Lightning"],"picked":"SKIP","floor":19},{"not_picked":["Recycle","Steam","Ball Lightning"],"picked":"SKIP","floor":19},{"not_picked":["Turbo+1","Tempest"],"picked":"Consume","floor":24},{"not_picked":["Rebound","Hyperbeam","Leap"],"picked":"SKIP","floor":27},{"not_picked":["Streamline","Turbo","Reinforced Body"],"picked":"SKIP","floor":29},{"not_picked":["Leap","Hologram"],"picked":"Darkness","floor":31}],"player_experience":832281,"relics_obtained":[{"floor":7.0,"key":"Symbiotic Virus"},{"floor":9.0,"key":"Whetstone"},{"floor":11.0,"key":"Gambling Chip"},{"floor":24,"key":"Red Mask"},{"floor":26,"key":"Tiny Chest"},{"floor":27,"key":"Mercury Hourglass"},{"floor":28,"key":"Thread and Needle"},{"floor":28,"key":"Bottled Lightning"}],"event_choices":[{"damage_healed":0.0,"max_hp_gain":0.0,"max_hp_loss":0.0,"gold_gain":0.0,"event_name":"Scrap Ooze","player_choice":"Success","floor":3.0,"gold_loss":0.0,"damage_taken":26.0,"relics_obtained":["Regal Pillow"]},{"damage_healed":0.0,"max_hp_gain":0.0,"max_hp_loss":0.0,"gold_gain":0.0,"event_name":"Shining Light","player_choice":"Entered Light","floor":4.0,"gold_loss":0.0,"damage_taken":21.0,"cards_upgraded":["Defend_B","Strike_B"]},{"damage_healed":0,"gold_gain":0,"player_choice":"Ignored","damage_taken":0,"max_hp_gain":0,"max_hp_loss":0,"event_name":"Ghosts","floor":20,"gold_loss":0},{"damage_healed":0,"gold_gain":0,"player_choice":"Shed Blood","damage_taken":25,"max_hp_gain":5,"max_hp_loss":0,"event_name":"Forgotten Altar","floor":21,"gold_loss":0},{"damage_healed":0,"gold_gain":0,"player_choice":"Opened","damage_taken":0,"relics_obtained":["Dodecahedron"],"max_hp_gain":0,"max_hp_loss":0,"event_name":"The Mausoleum","floor":22,"gold_loss":0,"cards_obtained":["Writhe"]},{"damage_healed":0,"gold_gain":0,"player_choice":"Fought Bandits","damage_taken":0,"max_hp_gain":0,"max_hp_loss":0,"event_name":"Masked Bandits","floor":24,"gold_loss":0},{"damage_healed":0,"gold_gain":0,"player_choice":"Fight","damage_taken":0,"max_hp_gain":0,"max_hp_loss":0,"event_name":"Colosseum","floor":28,"gold_loss":0},{"damage_healed":0,"gold_gain":0,"player_choice":"Fought Nobs","damage_taken":0,"max_hp_gain":0,"max_hp_loss":0,"event_name":"Colosseum","floor":28,"gold_loss":0},{"damage_healed":0,"gold_gain":0,"player_choice":"Ignored","damage_taken":0,"max_hp_gain":0,"max_hp_loss":0,"event_name":"Vampires","floor":30,"gold_loss":0}],"is_beta":false,"boss_relics":[{"not_picked":["Coffee Dripper","Cursed Key"],"picked":"Sozu"}],"items_purged_floors":[10,25],"is_endless":false,"potions_floor_spawned":[1,5,7,11,19,24,29],"killed_by":"Champ","ascension_level":20}