{"gold_per_floor":[365,385,385,229,246,246,264,264,288,288,6,36,36,50,50,145,145,161,98,115,115,125,125,135,161,215,228,228,242,242,242,242,242],"floor_reached":33,"playtime":1818,"items_purged":["Strike_R","Strike_R","Defend_R"],"score":267,"play_id":"e6e8f52f-bed1-4d4f-8d42-c75f6353d312","local_time":"20190630001224","is_ascension_mode":false,"campfire_choices":[{"data":"Carnage","floor":6.0,"key":"SMITH"},{"data":"Body Slam","floor":8.0,"key":"SMITH"},{"data":"Shockwave","floor":10.0,"key":"SMITH"},{"data":"Burning Pact","floor":15.0,"key":"SMITH"},{"data":"Double Tap","floor":23.0,"key":"SMITH"},{"data":"Burning Pact","floor":28.0,"key":"SMITH"},{"data":"Seeing Red","floor":30.0,"key":"SMITH"},{"data":"Evolve","floor":32.0,"key":"SMITH"}],"neow_cost":"PERCENT_DAMAGE","seed_source_timestamp":38758905535894,"circlet_count":0,"master_deck":["Defend_R","Defend_R","Defend_R","Body Slam+1","Carnage+1","Burning Pact+1","Shockwave+1","Spot Weakness","Seeing Red+1","Evolve+1","Double Tap+1","Flex+1","Havoc+1","Dropkick+1","Warcry+1","Entrench","Shrug It Off","Burning Pact+1"],"special_seed":0,"relics":["Burning Blood","Blood Vial","Membership Card","Anchor","Astrolabe","Whetstone","Strawberry"],"potions_floor_usage":[33,33],"damage_taken":[{"damage":2.0,"enemies":"Small Slimes","floor":1.0,"turns":4.0},{"damage":1.0,"enemies":"Cultist","floor":2.0,"turns":4.0},{"damage":0.0,"enemies":"2 Louse","floor":5.0,"turns":2.0},{"damage":11.0,"enemies":"Lots of Slimes","floor":7.0,"turns":5.0},{"damage":26.0,"enemies":"Lagavulin","floor":12.0,"turns":6.0},{"damage":2.0,"enemies":"Blue Slaver","floor":14.0,"turns":2.0},{"damage":44.0,"enemies":"The Guardian","floor":16.0,"turns":11.0},{"damage":14.0,"enemies":"Spheric Guardian","floor":18.0,"turns":4.0},{"damage":0.0,"enemies":"3 Byrds","floor":20.0,"turns":4.0},{"damage":4.0,"enemies":"Centurion and Healer","floor":22.0,"turns":6.0},{"damage":24.0,"enemies":"Snake Plant","floor":24.0,"turns":4.0},{"damage":13.0,"enemies":"Slavers","floor":25.0,"turns":3.0},{"damage":0.0,"enemies":"Shelled Parasite and Fungi","floor":27.0,"turns":3.0},{"damage":11.0,"enemies":"Snecko","floor":29.0,"turns":4.0},{"damage":38,"enemies":"Automaton","floor":33,"turns":6}],"seed_played":"2270110164948051861","potions_obtained":[{"floor":2.0,"key":"GamblersBrew"},{"floor":5.0,"key":"Energy Potion"},{"floor":12.0,"key":"SkillPotion"},{"floor":27.0,"key":"SkillPotion"}],"is_trial":false,"path_per_floor":["M","M","?","$","M","R","M","R","T","R","$","E","$","M","R","B",null,"M","$","M","?","M","R","M","E","T","M","R","M","R","?","R","B"],"character_chosen":"IRONCLAD","items_purchased":["Carnage","Membership Card","Spot Weakness"],"campfire_rested":0,"item_purchase_floors":[4,11,11],"current_hp_per_floor":[60,65,65,65,71,71,66,66,66,66,66,48,48,54,54,18,80,72,72,80,80,80,80,62,57,64,72,72,69,69,69,69,33],"gold":242,"neow_bonus":"TWO_FIFTY_GOLD","is_prod":false,"is_daily":false,"chose_seed":false,"campfire_upgraded":8,"win_rate":0,"timestamp":1561824744,"path_taken":["M","M","?","$","M","R","M","R","T","R","?","E","$","M","R","BOSS","M","$","?","?","?","R","M","E","T","M","R","M","R","?","R","BOSS"],"build_version":"2019-01-23","purchased_purges":3,"victory":false,"max_hp_per_floor":[80,80,80,80,80,80,80,80,80,80,80,80,80,80,80,80,80,80,80,80,80,80,80,80,80,87,87,87,87,87,87,87,87],"card_choices":[{"not_picked":["Iron Wave","Disarm"],"picked":"Body Slam","floor":1.0},{"not_picked":["Flex","Intimidate","Sword Boomerang"],"picked":"SKIP","floor":2.0},{"not_picked":["Seeing Red","Warcry"],"picked":"Burning Pact","floor":5.0},{"not_picked":["Sword Boomerang","Warcry"],"picked":"Shockwave","floor":7.0},{"not_picked":["Havoc","Metallicize"],"picked":"Seeing Red","floor":12.0},{"not_picked":["Blood for Blood","Cleave"],"picked":"Evolve","floor":14.0},{"not_picked":["Barricade","Berserk"],"picked":"Double Tap","floor":16.0},{"not_picked":["Iron Wave","Cleave"],"picked":"Warcry+1","floor":18.0},{"not_picked":["True Grit","Combust","Headbutt"],"picked":"SKIP","floor":20.0},{"not_picked":["True Grit","Havoc","Seeing Red"],"picked":"SKIP","floor":22.0},{"not_picked":["Havoc","Twin Strike"],"picked":"Shrug It Off","floor":24.0},{"not_picked":["Carnage","Sword Boomerang","Uppercut"],"picked":"SKIP","floor":25.0},{"not_picked":["Body Slam","Havoc+1","Burning Pact"],"picked":"SKIP","floor":27.0},{"not_picked":["Body Slam","Havoc+1"],"picked":"Burning Pact","floor":27.0},{"not_picked":["Twin Strike","Headbutt","Anger"],"picked":"SKIP","floor":29.0}],"player_experience":5584590,"relics_obtained":[{"floor":9.0,"key":"Blood Vial"},{"floor":12.0,"key":"Anchor"},{"floor":25.0,"key":"Whetstone"},{"floor":26.0,"key":"Strawberry"}],"event_choices":[{"cards_removed":["Strike_R"],"damage_healed":0.0,"max_hp_gain":0.0,"max_hp_loss":0.0,"gold_gain":0.0,"event_name":"Bonfire Elementals","player_choice":"Offered Basic","floor":3.0,"gold_loss":0.0,"damage_taken":0.0},{"damage_healed":0.0,"max_hp_gain":0.0,"max_hp_loss":0.0,"gold_gain":0.0,"event_name":"Match and Keep!","player_choice":"1 cards matched","floor":21.0,"gold_loss":0.0,"damage_taken":0.0,"cards_obtained":["Entrench"]},{"damage_healed":0.0,"max_hp_gain":0.0,"max_hp_loss":0.0,"gold_gain":0.0,"event_name":"The Mausoleum","player_choice":"Ignored","floor":31.0,"gold_loss":0.0,"damage_taken":0.0}],"is_beta":false,"boss_relics":[{"not_picked":["White Beast Statue","Empty Cage"],"picked":"Astrolabe"}],"items_purged_floors":[4,11,19],"is_endless":false,"potions_floor_spawned":[2,5,12,18,24,27],"killed_by":"Automaton","ascension_level":0}