{"gold_per_floor":[118,43,43,43,63,63,124,124,124,142,154,164,164,196,196,272,272,285,303,363,425,246,246,296,296,296,296,313,363,43,43,43,117,117,136,206,256,306,356,356,34,52,127,177,177,2,34,54,54,54,54,54,54,54,84,84],"floor_reached":57,"playtime":3418,"items_purged":["Strike_B","Strike_B","Strike_B","Defend_B+1","Defend_B+1"],"score":2660,"play_id":"9fab9d57-6df0-49ad-a72c-bd0688757496","local_time":"20190221232709","is_ascension_mode":true,"campfire_choices":[{"data":"Defragment","floor":6.0,"key":"SMITH"},{"data":"Darkness","floor":8.0,"key":"SMITH"},{"data":"Dualcast","floor":13.0,"key":"SMITH"},{"data":"Skim","floor":15.0,"key":"SMITH"},{"data":"Defragment","floor":23.0,"key":"SMITH"},{"data":"Creative AI","floor":25.0,"key":"SMITH"},{"data":"Parasite","floor":27.0,"key":"PURGE"},{"data":"Defend_B","floor":32.0,"key":"PURGE"},{"data":"Defend_B","floor":40.0,"key":"PURGE"},{"data":"Injury","floor":45.0,"key":"PURGE"},{"floor":49.0,"key":"RECALL"},{"data":"Enlightenment","floor":53.0,"key":"SMITH"}],"neow_cost":"NONE","seed_source_timestamp":35551110314800,"circlet_count":0,"master_deck":["AscendersBane","Zap+1","Dualcast+1","Defragment+1","Glacier","Darkness+1","Self Repair","Skim+1","Cold Snap","Reboot","Rainbow","Coolheaded+1","Turbo","Chill","Defragment+1","Creative AI+1","Skim+1","Glacier","Echo Form","BootSequence","Turbo+1","Madness","Madness","Madness","Enlightenment+1","Purity","Turbo+1","White Noise","Meteor Strike"],"special_seed":0,"relics":["Cracked Core","SsserpentHead","Question Card","Meat on the Bone","Cursed Key","Peace Pipe","Happy Flower","Runic Pyramid","Bag of Preparation","Dream Catcher","Oddly Smooth Stone"],"potions_floor_usage":[56],"damage_taken":[{"damage":7.0,"enemies":"Small Slimes","floor":1.0,"turns":3.0},{"damage":7.0,"enemies":"Jaw Worm","floor":5.0,"turns":3.0},{"damage":0.0,"enemies":"Cultist","floor":7.0,"turns":4.0},{"damage":3.0,"enemies":"Lots of Slimes","floor":10.0,"turns":6.0},{"damage":10.0,"enemies":"Gremlin Gang","floor":11.0,"turns":7.0},{"damage":4.0,"enemies":"Large Slime","floor":12.0,"turns":5.0},{"damage":7.0,"enemies":"3 Sentries","floor":14.0,"turns":14.0},{"damage":11.0,"enemies":"Hexaghost","floor":16.0,"turns":8.0},{"damage":0.0,"enemies":"Spheric Guardian","floor":18.0,"turns":4.0},{"damage":6.0,"enemies":"Chosen","floor":19.0,"turns":4.0},{"damage":0.0,"enemies":"Snecko","floor":20.0,"turns":5.0},{"damage":45.0,"enemies":"Cultist and Chosen","floor":21.0,"turns":7.0},{"damage":14.0,"enemies":"Snake Plant","floor":28.0,"turns":7.0},{"damage":0.0,"enemies":"Champ","floor":33.0,"turns":13.0},{"damage":9.0,"enemies":"3 Shapes","floor":35.0,"turns":6.0},{"damage":1.0,"enemies":"3 Darklings","floor":36.0,"turns":6.0},{"damage":0.0,"enemies":"Transient","floor":42.0,"turns":6.0},{"damage":0.0,"enemies":"Reptomancer","floor":47.0,"turns":8.0},{"damage":0.0,"enemies":"Maw","floor":48.0,"turns":6.0},{"damage":27.0,"enemies":"Time Eater","floor":50.0,"turns":8.0},{"damage":14.0,"enemies":"Awakened One","floor":51.0,"turns":12.0},{"damage":45.0,"enemies":"Shield and Spear","floor":55.0,"turns":8.0},{"damage":37,"enemies":"The Heart","floor":56,"turns":10}],"seed_played":"8654831234098815404","potions_obtained":[{"floor":1.0,"key":"SpeedPotion"},{"floor":11.0,"key":"PowerPotion"},{"floor":14.0,"key":"Regen Potion"},{"floor":19.0,"key":"Swift Potion"},{"floor":21.0,"key":"Fruit Juice"},{"floor":42.0,"key":"SpeedPotion"}],"is_trial":false,"path_per_floor":["M","$","?","?","M","R","M","R","T","M","M","M","R","E","R","B",null,"M","M","M","M","$","R","?","R","T","R","M","?","$","$","R","B",null,"M","M","?","?","?","R","$","M","T","T","R","$","E","M","R","B","B",null,"R","$","E","B",null],"character_chosen":"DEFECT","items_purchased":["Defragment","Glacier","Happy Flower","Bag of Preparation"],"campfire_rested":0,"item_purchase_floors":[22,30,30,41],"current_hp_per_floor":[57,57,36,36,29,29,29,29,29,26,23,26,26,26,26,34,62,69,70,71,50,50,50,50,50,50,50,55,55,55,55,55,62,70,68,73,60,60,50,50,50,64,64,64,64,64,71,73,73,53,39,65,65,65,39,14],"gold":84,"neow_bonus":"UPGRADE_CARD","is_prod":false,"is_daily":false,"chose_seed":false,"campfire_upgraded":7,"win_rate":0,"timestamp":1550762829,"path_taken":["M","$","?","?","M","R","?","R","T","M","M","M","R","E","R","BOSS","M","M","?","?","$","R","?","R","T","R","M","?","?","$","R","BOSS","M","?","?","?","?","R","$","M","T","?","R","$","E","M","R","BOSS","BOSS","R","$","E","BOSS"],"build_version":"2019-01-23","purchased_purges":5,"victory":true,"max_hp_per_floor":[71,71,71,71,71,71,71,71,71,71,71,71,71,71,71,71,71,71,71,71,76,76,76,76,76,76,73,73,73,73,73,73,73,73,73,73,73,73,73,73,73,73,73,73,73,73,73,73,73,73,73,73,73,73,73,73],"card_choices":[{"not_picked":["Hello World","Ball Lightning"],"picked":"Defragment","floor":1.0},{"not_picked":["Stack","Cold Snap"],"picked":"Glacier","floor":5.0},{"not_picked":["Redo","Ball Lightning"],"picked":"Darkness","floor":7.0},{"not_picked":["Stack","Hologram","Conserve Battery"],"picked":"Self Repair","floor":10.0},{"not_picked":["Lockon","Reprogram","Turbo"],"picked":"Skim","floor":11.0},{"not_picked":["Gash","Leap","Steam"],"picked":"Cold Snap","floor":12.0},{"not_picked":["Darkness","Hologram","Genetic Algorithm"],"picked":"Reboot","floor":14.0},{"not_picked":["Hyperbeam","Meteor Strike","Thunder Strike"],"picked":"Rainbow","floor":16.0},{"not_picked":["Turbo","Streamline","White Noise"],"picked":"Coolheaded+1","floor":18.0},{"not_picked":["Streamline+1","Turbo","Stack+1","Conserve Battery+1"],"picked":"SKIP","floor":19.0},{"not_picked":["BootSequence","Steam","Rebound"],"picked":"Turbo","floor":20.0},{"not_picked":["Conserve Battery","Compile Driver","Ball Lightning"],"picked":"Chill","floor":21.0},{"not_picked":["Loop","Scrape","Static Discharge"],"picked":"Skim+1","floor":28.0},{"not_picked":["Meteor Strike","Machine Learning","Electrodynamics"],"picked":"Echo Form","floor":33.0},{"not_picked":["Gash","Cold Snap+1","Sweeping Beam"],"picked":"BootSequence","floor":35.0},{"not_picked":["Compile Driver","Go for the Eyes","Glacier"],"picked":"Turbo+1","floor":36.0},{"not_picked":["Secret Weapon","Blind","Trip"],"picked":"Madness","floor":39.0},{"not_picked":["Secret Weapon","Magnetism","Flash of Steel"],"picked":"Enlightenment","floor":39.0},{"not_picked":["Secret Technique","Panacea","Good Instincts"],"picked":"Purity","floor":39.0},{"not_picked":["Cold Snap","Go for the Eyes","Sunder+1"],"picked":"Turbo+1","floor":42.0},{"not_picked":["Fusion","Redo","Turbo"],"picked":"White Noise","floor":47.0},{"not_picked":["Streamline","FTL","Steam"],"picked":"Meteor Strike","floor":48.0},{"not_picked":["Self Repair","Rip and Tear+1","Steam Power","Ball Lightning"],"picked":"SKIP","floor":55.0}],"player_experience":3018331,"relics_obtained":[{"floor":9.0,"key":"Question Card"},{"floor":14.0,"key":"Meat on the Bone"},{"floor":26.0,"key":"Peace Pipe"},{"floor":47.0,"key":"Dream Catcher"},{"floor":55.0,"key":"Oddly Smooth Stone"}],"event_choices":[{"damage_healed":0.0,"max_hp_gain":0.0,"max_hp_loss":0.0,"gold_gain":0.0,"event_name":"Shining Light","player_choice":"Entered Light","floor":3.0,"gold_loss":0.0,"damage_taken":21.0,"cards_upgraded":["Defend_B","Defend_B"]},{"damage_healed":0.0,"max_hp_gain":0.0,"max_hp_loss":0.0,"gold_gain":0.0,"event_name":"FaceTrader","player_choice":"Trade","floor":4.0,"gold_loss":0.0,"damage_taken":0.0,"relics_obtained":["SsserpentHead"]},{"damage_healed":0.0,"max_hp_gain":0.0,"max_hp_loss":0.0,"gold_gain":0.0,"event_name":"The Library","player_choice":"Read","floor":24.0,"gold_loss":0.0,"damage_taken":0.0,"cards_obtained":["Creative AI"]},{"cards_removed":["Strike_B"],"damage_healed":0.0,"max_hp_gain":0.0,"max_hp_loss":0.0,"gold_gain":0.0,"event_name":"Back to Basics","player_choice":"Elegance","floor":29.0,"gold_loss":0.0,"damage_taken":0.0},{"damage_healed":0.0,"max_hp_gain":0.0,"max_hp_loss":0.0,"gold_gain":0.0,"event_name":"Winding Halls","player_choice":"Embrace Madness","floor":37.0,"gold_loss":0.0,"damage_taken":13.0,"cards_obtained":["Madness","Madness"]},{"damage_healed":0.0,"max_hp_gain":0.0,"max_hp_loss":0.0,"gold_gain":0.0,"event_name":"Tomb of Lord Red Mask","player_choice":"Ignored","floor":38.0,"gold_loss":0.0,"damage_taken":0.0},{"damage_healed":0.0,"max_hp_gain":0.0,"max_hp_loss":0.0,"gold_gain":0.0,"event_name":"SensoryStone","player_choice":"Memory 3","floor":39.0,"gold_loss":0.0,"damage_taken":10.0}],"is_beta":false,"boss_relics":[{"not_picked":["FrozenCore","Empty Cage"],"picked":"Cursed Key"},{"not_picked":["Astrolabe","Tiny House"],"picked":"Runic Pyramid"}],"items_purged_floors":[2,22,30,41,46],"is_endless":false,"potions_floor_spawned":[1,11,14,16,19,20,21,42,47],"ascension_level":20}