{"gold_per_floor":[211,211,229,25,40,40,57,57,57,57,68,68],"floor_reached":12,"playtime":222,"items_purged":[],"score":140,"play_id":"3d2329d6-aa0e-4fd8-b408-015d0cb8c642","local_time":"20190222214333","is_ascension_mode":true,"campfire_choices":[{"data":"Beam Cell","floor":6,"key":"SMITH"},{"data":"Loop","floor":8,"key":"SMITH"},{"data":"Zap","floor":10,"key":"SMITH"}],"neow_cost":"NONE","seed_source_timestamp":438690222107635,"circlet_count":0,"master_deck":["AscendersBane","Strike_B","Strike_B","Strike_B","Strike_B","Defend_B","Defend_B","Defend_B","Defend_B","Zap+1","Dualcast","Beam Cell+1","Loop+1","Blizzard","Compile Driver","Stack","Double Energy","Turbo"],"relics":["Cracked Core","Incense Burner"],"potions_floor_usage":[],"damage_taken":[{"damage":3,"enemies":"Small Slimes","floor":1,"turns":4},{"damage":0,"enemies":"Cultist","floor":3,"turns":3},{"damage":12,"enemies":"Jaw Worm","floor":5,"turns":4},{"damage":14,"enemies":"Blue Slaver","floor":7,"turns":3},{"damage":18,"enemies":"Exordium Wildlife","floor":11,"turns":5},{"damage":0,"enemies":"2 Fungi Beasts","floor":12,"turns":2}],"seed_played":"-2740708966392401335","potions_obtained":[{"floor":3,"key":"Weak Potion"},{"floor":7,"key":"Dexterity Potion"}],"is_trial":false,"path_per_floor":["M","?","M","$","M","R","M","R","T","R","M","M"],"character_chosen":"DEFECT","items_purchased":["Blizzard","Compile Driver","Stack"],"campfire_rested":0,"item_purchase_floors":[4,4,4],"current_hp_per_floor":[61,61,61,61,49,49,35,35,35,35,17,17],"gold":68,"neow_bonus":"HUNDRED_GOLD","is_prod":false,"is_daily":false,"chose_seed":false,"campfire_upgraded":3,"win_rate":0,"timestamp":1550843013,"path_taken":["M","?","M","$","M","R","M","R","T","R","M","M"],"build_version":"2019-01-23","purchased_purges":0,"victory":false,"max_hp_per_floor":[71,71,71,71,71,71,71,71,71,71,71,71],"card_choices":[{"not_picked":["Steam","Leap"],"picked":"Beam Cell","floor":1},{"not_picked":["Fusion","Undo"],"picked":"Loop","floor":3},{"not_picked":["Barrage","Force Field","Stack"],"picked":"SKIP","floor":5},{"not_picked":["Stack","Go for the Eyes"],"picked":"Double Energy","floor":7},{"not_picked":["Redo","Sweeping Beam"],"picked":"Turbo","floor":11}],"player_experience":913872,"relics_obtained":[{"floor":9,"key":"Incense Burner"}],"event_choices":[{"damage_healed":0,"gold_gain":0,"player_choice":"Ignored","damage_taken":0,"max_hp_gain":0,"max_hp_loss":0,"event_name":"Liars Game","floor":2,"gold_loss":0}],"is_beta":false,"boss_relics":[],"items_purged_floors":[],"is_endless":false,"potions_floor_spawned":[3,7,11],"killed_by":"2 Fungi Beasts","ascension_level":20}