{"gold_per_floor":[362,378,429,429,429,429,448,448,448,465,465,352,352,364,364,462,462,477,495,495,495,495,495,358,378,432,443,443,443,161,173,173,273,273,285,135,135,149,149,149,161,161,161,175,191,205,205,216,216,216],"floor_reached":51,"playtime":1697,"items_purged":["Shame","Strike_G","Defend_G","Defend_G"],"score":714,"play_id":"447b762f-b8a7-4035-88e5-d572ba7e895d","local_time":"20181020160415","is_ascension_mode":false,"campfire_choices":[{"data":"Deadly Poison","floor":6.0,"key":"SMITH"},{"data":"Leg Sweep","floor":8.0,"key":"SMITH"},{"data":"Survivor","floor":11.0,"key":"SMITH"},{"data":"Noxious Fumes","floor":15.0,"key":"SMITH"},{"data":"Night Terror","floor":23.0,"key":"SMITH"},{"data":"Footwork","floor":29.0,"key":"SMITH"},{"data":"Noxious Fumes","floor":32.0,"key":"SMITH"},{"data":"Wraith Form v2","floor":40,"key":"SMITH"},{"data":"Secret Technique","floor":42,"key":"SMITH"},{"data":"Backflip","floor":47,"key":"SMITH"},{"data":"Malaise","floor":49,"key":"SMITH"}],"neow_cost":"CURSE","seed_source_timestamp":19536022924958,"circlet_count":0,"master_deck":["Defend_G","Defend_G","Defend_G","Strike_G+1","Survivor+1","Neutralize+1","Infinite Blades","Deadly Poison+1","Leg Sweep+1","Footwork+1","Noxious Fumes+1","Night Terror+1","Backflip","Quick Slash","Acrobatics","Noxious Fumes+1","Backflip+1","Venomology","Wraith Form v2+1","Bouncing Flask+1","Calculated Gamble+1","Secret Technique+1","Backflip","Malaise+1"],"special_seed":0,"relics":["Ring of the Snake","Lantern","Anchor","Coffee Dripper","Happy Flower","Orichalcum","Nilry\u0027s Codex","Oddly Smooth Stone","Orrery","Letter Opener"],"potions_floor_usage":[38,41,44,50,50,50],"damage_taken":[{"damage":3.0,"enemies":"Cultist","floor":1.0,"turns":5.0},{"damage":0.0,"enemies":"2 Louse","floor":2.0,"turns":3.0},{"damage":1.0,"enemies":"Small Slimes","floor":7.0,"turns":2.0},{"damage":0.0,"enemies":"3 Louse","floor":10.0,"turns":3.0},{"damage":0.0,"enemies":"Large Slime","floor":14.0,"turns":8.0},{"damage":26.0,"enemies":"Hexaghost","floor":16.0,"turns":9.0},{"damage":0.0,"enemies":"Shell Parasite","floor":18.0,"turns":6.0},{"damage":0.0,"enemies":"Chosen","floor":19.0,"turns":5.0},{"damage":0.0,"enemies":"Snake Plant","floor":25.0,"turns":4.0},{"damage":1.0,"enemies":"3 Cultists","floor":27.0,"turns":5.0},{"damage":5.0,"enemies":"Centurion and Healer","floor":31.0,"turns":6.0},{"damage":8.0,"enemies":"Automaton","floor":33.0,"turns":9.0},{"damage":0,"enemies":"Orb Walker","floor":35,"turns":5},{"damage":1,"enemies":"3 Darklings","floor":38,"turns":5},{"damage":0,"enemies":"Jaw Worm Horde","floor":41,"turns":6},{"damage":0,"enemies":"Writhing Mass","floor":44,"turns":5},{"damage":0,"enemies":"Transient","floor":45,"turns":5},{"damage":0,"enemies":"4 Shapes","floor":46,"turns":4},{"damage":0,"enemies":"Maw","floor":48,"turns":7},{"damage":0,"enemies":"Time Eater","floor":50,"turns":9}],"seed_played":"6158071787148881092","potions_obtained":[{"floor":2.0,"key":"GamblersBrew"},{"floor":10.0,"key":"AttackPotion"},{"floor":19.0,"key":"AttackPotion"}],"is_trial":false,"path_per_floor":["M","M","T","?","?","R","M","R","T","M","R","$","?","M","R","B",null,"M","M","?","?","?","R","$","M","T","M","?","R","$","M","R","B",null,"M","$","?","M","?","R","M","R","T","M","M","M","R","M","R","B"],"character_chosen":"THE_SILENT","items_purchased":["Footwork","Noxious Fumes","Oddly Smooth Stone"],"campfire_rested":0,"item_purchase_floors":[12,24,30],"current_hp_per_floor":[67,67,67,72,57,57,56,56,56,56,56,56,56,56,56,30,75,75,75,75,68,68,68,68,68,68,67,51,51,51,46,46,38,75,75,75,75,74,74,74,74,74,74,74,74,74,74,74,74,74],"gold":216,"neow_bonus":"TWO_FIFTY_GOLD","is_prod":false,"is_daily":false,"chose_seed":false,"campfire_upgraded":11,"win_rate":0,"timestamp":1540022655,"path_taken":["M","M","?","?","?","R","M","R","T","M","R","$","?","?","R","BOSS","M","M","?","?","?","R","?","M","T","?","?","R","$","M","R","BOSS","M","?","?","M","?","R","M","R","T","M","M","M","R","M","R","BOSS"],"build_version":"2018-10-18","purchased_purges":4,"victory":true,"max_hp_per_floor":[70,70,70,75,75,75,75,75,75,75,75,75,75,75,75,75,75,75,75,75,75,75,75,75,75,75,75,75,75,75,75,75,75,75,75,75,75,75,75,75,75,75,75,75,75,75,75,75,75,75],"card_choices":[{"not_picked":["Backflip","Bane"],"picked":"Infinite Blades","floor":1.0},{"not_picked":["Flying Knee","Quick Slash"],"picked":"Deadly Poison","floor":2.0},{"not_picked":["PiercingWail","Prepared"],"picked":"Leg Sweep","floor":7.0},{"not_picked":["Dagger Spray","Deflect","Blade Dance"],"picked":"SKIP","floor":10.0},{"not_picked":["Escape Plan","Sucker Punch"],"picked":"Noxious Fumes","floor":14.0},{"not_picked":["Burst","Doppelganger"],"picked":"Night Terror","floor":16.0},{"not_picked":["Flying Knee","Underhanded Strike","Reflex"],"picked":"SKIP","floor":18.0},{"not_picked":["Poisoned Stab","Dash"],"picked":"Backflip","floor":19.0},{"not_picked":["Accuracy","Dagger Spray"],"picked":"Backflip","floor":25.0},{"not_picked":["Dagger Throw","Acrobatics","Dagger Spray"],"picked":"SKIP","floor":27.0},{"not_picked":["Bane","Doppelganger","Eviscerate+1"],"picked":"SKIP","floor":31.0},{"not_picked":["Bullet Time","Envenom"],"picked":"Venomology","floor":33.0},{"not_picked":["Prepared+1","Dodge and Roll"],"picked":"Wraith Form v2","floor":34},{"not_picked":["Dagger Throw","Skewer+1"],"picked":"Bouncing Flask+1","floor":34},{"not_picked":["Deflect","Bouncing Flask"],"picked":"Calculated Gamble+1","floor":34},{"not_picked":["Deadly Poison","PiercingWail","Sucker Punch"],"picked":"SKIP","floor":35},{"not_picked":["Blind","Mind Blast"],"picked":"Secret Technique","floor":37},{"not_picked":["Dagger Throw","Prepared+1","Bane"],"picked":"SKIP","floor":38},{"not_picked":["Blade Dance+1","Predator+1"],"picked":"Backflip","floor":41},{"not_picked":["Prepared+1","Predator","Skewer+1"],"picked":"SKIP","floor":44},{"not_picked":["Dagger Throw+1","Acrobatics","Dash"],"picked":"SKIP","floor":45},{"not_picked":["Quick Slash","Bane+1","Choke+1"],"picked":"SKIP","floor":46},{"not_picked":["Prepared","Caltrops"],"picked":"Malaise","floor":48}],"player_experience":404742,"relics_obtained":[{"floor":3.0,"key":"Lantern"},{"floor":9.0,"key":"Anchor"},{"floor":26.0,"key":"Orichalcum"},{"floor":28.0,"key":"Nilry\u0027s Codex"},{"floor":43,"key":"Letter Opener"}],"event_choices":[{"damage_healed":0.0,"max_hp_gain":5.0,"max_hp_loss":0.0,"gold_gain":0.0,"event_name":"Big Fish","player_choice":"Donut","floor":4.0,"gold_loss":0.0,"damage_taken":0.0},{"damage_healed":0.0,"max_hp_gain":0.0,"max_hp_loss":0.0,"gold_gain":0.0,"event_name":"Shining Light","player_choice":"Entered Light","floor":5.0,"gold_loss":0.0,"damage_taken":15.0,"cards_upgraded":["Strike_G","Neutralize"]},{"cards_removed":["Strike_G"],"damage_healed":0.0,"max_hp_gain":0.0,"max_hp_loss":0.0,"gold_gain":0.0,"event_name":"Bonfire Elementals","player_choice":"Offered Basic","floor":13.0,"gold_loss":0.0,"damage_taken":0.0},{"damage_healed":0.0,"max_hp_gain":0.0,"max_hp_loss":0.0,"gold_gain":0.0,"event_name":"The Mausoleum","player_choice":"Opened","floor":20.0,"gold_loss":0.0,"damage_taken":0.0,"relics_obtained":["Happy Flower"]},{"damage_healed":0.0,"max_hp_gain":0.0,"max_hp_loss":0.0,"gold_gain":0.0,"event_name":"Wheel of Change","player_choice":"Damaged","floor":21.0,"gold_loss":0.0,"damage_taken":7.0},{"damage_healed":0.0,"max_hp_gain":0.0,"max_hp_loss":0.0,"gold_gain":0.0,"cards_transformed":["Strike_G","Strike_G"],"event_name":"Drug Dealer","player_choice":"Became Test Subject","floor":22.0,"gold_loss":0.0,"damage_taken":0.0,"cards_obtained":["Quick Slash","Acrobatics"]},{"damage_healed":0.0,"max_hp_gain":0.0,"max_hp_loss":0.0,"gold_gain":0.0,"event_name":"Cursed Tome","player_choice":"Obtained Book","floor":28.0,"gold_loss":0.0,"damage_taken":16.0},{"damage_healed":0,"gold_gain":0,"player_choice":"Memory 1","damage_taken":0,"max_hp_gain":0,"max_hp_loss":0,"event_name":"SensoryStone","floor":37,"gold_loss":0},{"damage_healed":0,"gold_gain":0,"player_choice":"Ignored","damage_taken":0,"max_hp_gain":0,"max_hp_loss":0,"event_name":"Mysterious Sphere","floor":39,"gold_loss":0}],"is_beta":false,"boss_relics":[{"not_picked":["Velvet Choker","Busted Crown"],"picked":"Coffee Dripper"},{"not_picked":["Eternal Feather","Ring of the Serpent"],"picked":"Orrery"}],"items_purged_floors":[12,24,30,36],"is_endless":false,"potions_floor_spawned":[2,10,19,31,41,44],"ascension_level":0}