{"gold_per_floor":[13,13,36,53,70,70,103,35,35,61,61,77,89,101,101,176,176,192,226,37,52,71,71,398,398,398,398],"floor_reached":27,"playtime":925,"items_purged":[],"score":513,"play_id":"29740bd5-b2f3-411c-954b-3ffc5c04205a","local_time":"20190405210616","is_ascension_mode":true,"campfire_choices":[{"data":"Zap","floor":6,"key":"SMITH"},{"data":"Consume","floor":11,"key":"SMITH"},{"data":"Dualcast","floor":15,"key":"SMITH"},{"data":"Apotheosis","floor":23,"key":"SMITH"},{"data":"Buffer","floor":25,"key":"SMITH"}],"neow_cost":"NO_GOLD","seed_source_timestamp":23127466094064,"circlet_count":0,"master_deck":["AscendersBane","Strike_B","Strike_B","Strike_B","Strike_B","Defend_B","Defend_B","Defend_B","Defend_B","Zap+1","Dualcast+1","Electrodynamics","Coolheaded","Hello World","Consume+1","Rainbow","Buffer+1","Capacitor","Coolheaded+1","Apotheosis+1"],"relics":["Cracked Core","Regal Pillow","Blood Vial","Bronze Scales","Calipers","Ice Cream","Coffee Dripper","Red Mask","Old Coin","Sundial"],"potions_floor_usage":[7,12,16,24,27],"damage_taken":[{"damage":0,"enemies":"Jaw Worm","floor":1,"turns":3},{"damage":1,"enemies":"Cultist","floor":4,"turns":3},{"damage":0,"enemies":"Small Slimes","floor":5,"turns":3},{"damage":15,"enemies":"Lagavulin","floor":7,"turns":12},{"damage":20,"enemies":"3 Sentries","floor":10,"turns":3},{"damage":10,"enemies":"Exordium Thugs","floor":12,"turns":4},{"damage":9,"enemies":"Exordium Wildlife","floor":13,"turns":2},{"damage":6,"enemies":"3 Louse","floor":14,"turns":3},{"damage":0,"enemies":"Slime Boss","floor":16,"turns":7},{"damage":16,"enemies":"Shell Parasite","floor":18,"turns":5},{"damage":12,"enemies":"Masked Bandits","floor":19,"turns":2},{"damage":12,"enemies":"2 Thieves","floor":21,"turns":3},{"damage":6,"enemies":"Chosen and Byrds","floor":22,"turns":5},{"damage":19,"enemies":"Gremlin Leader","floor":24,"turns":5},{"damage":2,"enemies":"Slavers","floor":27,"turns":2}],"seed_played":"8032568212113965186","potions_obtained":[{"floor":1,"key":"Explosive Potion"},{"floor":5,"key":"SpeedPotion"},{"floor":10,"key":"GamblersBrew"},{"floor":12,"key":"AttackPotion"},{"floor":18,"key":"Dexterity Potion"},{"floor":24,"key":"LiquidBronze"}],"is_trial":false,"path_per_floor":["M","?","T","M","M","R","E","$","T","E","R","M","M","M","R","B",null,"M","?","$","M","M","R","E","R","T","E"],"character_chosen":"DEFECT","items_purchased":["Consume","Apotheosis"],"campfire_rested":0,"item_purchase_floors":[8,20],"current_hp_per_floor":[64,59,59,60,62,62,49,49,49,31,31,23,16,12,12,14,57,43,33,33,23,19,19,2,2,2,2],"gold":398,"neow_bonus":"THREE_RARE_CARDS","is_prod":false,"is_daily":false,"chose_seed":true,"campfire_upgraded":5,"win_rate":0,"timestamp":1554469576,"path_taken":["M","?","?","?","M","R","E","$","T","E","R","M","M","?","R","BOSS","M","?","$","M","M","R","E","R","T","E"],"build_version":"2019-01-23","purchased_purges":0,"victory":false,"max_hp_per_floor":[71,71,71,71,71,71,71,71,71,71,71,71,71,71,71,71,71,71,71,71,71,71,71,71,71,71,71],"card_choices":[{"not_picked":["Meteor Strike","Echo Form"],"picked":"Electrodynamics","floor":0},{"not_picked":["Doom and Gloom","Steam Power","Go for the Eyes"],"picked":"SKIP","floor":1},{"not_picked":["Beam Cell","Lockon"],"picked":"Coolheaded","floor":4},{"not_picked":["Conserve Battery","Steam"],"picked":"Hello World","floor":5},{"not_picked":["Barrage","Storm","Go for the Eyes"],"picked":"SKIP","floor":7},{"not_picked":["Storm","Streamline"],"picked":"Rainbow","floor":10},{"not_picked":["Streamline","Tempest","Steam"],"picked":"SKIP","floor":12},{"not_picked":["Melter","Redo","Chaos"],"picked":"SKIP","floor":13},{"not_picked":["Redo","Stack","FTL"],"picked":"SKIP","floor":14},{"not_picked":["All For One","Rainbow"],"picked":"Buffer","floor":16},{"not_picked":["Redo","Compile Driver"],"picked":"Capacitor","floor":18},{"not_picked":["Stack+1","Sweeping Beam"],"picked":"Coolheaded+1","floor":19},{"not_picked":["Conserve Battery","Beam Cell+1","Redo"],"picked":"SKIP","floor":21},{"not_picked":["Barrage","Ball Lightning","Aggregate"],"picked":"SKIP","floor":22},{"not_picked":["Stack","Barrage+1","Rebound"],"picked":"SKIP","floor":24}],"player_experience":4080848,"relics_obtained":[{"floor":3,"key":"Blood Vial"},{"floor":7,"key":"Bronze Scales"},{"floor":9,"key":"Calipers"},{"floor":10,"key":"Ice Cream"},{"floor":19,"key":"Red Mask"},{"floor":24,"key":"Old Coin"},{"floor":26,"key":"Sundial"}],"event_choices":[{"damage_healed":0,"gold_gain":0,"player_choice":"Success","damage_taken":5,"relics_obtained":["Regal Pillow"],"max_hp_gain":0,"max_hp_loss":0,"event_name":"Scrap Ooze","floor":2,"gold_loss":0},{"damage_healed":0,"gold_gain":0,"player_choice":"Fought Bandits","damage_taken":0,"max_hp_gain":0,"max_hp_loss":0,"event_name":"Masked Bandits","floor":19,"gold_loss":0}],"is_beta":false,"boss_relics":[{"not_picked":["FrozenCore","Velvet Choker"],"picked":"Coffee Dripper"}],"items_purged_floors":[],"is_endless":false,"potions_floor_spawned":[1,5,10,12,18,24],"killed_by":"Slavers","ascension_level":15}