{"gold_per_floor":[116,41,91,104,104,138,156,186,186,197,218,218,7,7,7,84,84,94,94,105,105],"floor_reached":21,"playtime":541,"items_purged":["Strike_B"],"score":424,"play_id":"9a3132a6-eb88-4299-9df9-363088ae9dc6","local_time":"20181120170924","is_ascension_mode":true,"campfire_choices":[{"data":"Streamline","floor":12.0,"key":"SMITH"},{"data":"Zap","floor":15.0,"key":"SMITH"}],"neow_cost":"NONE","seed_source_timestamp":1750287111762831,"circlet_count":0,"master_deck":["AscendersBane","Strike_B+1","Strike_B+1","Defend_B","Defend_B","Defend_B","Defend_B","Zap+1","Dualcast","Streamline+1","Creative AI","Recycle+1","Fission+1"],"special_seed":0,"relics":["Cracked Core","NeowsBlessing","Letter Opener","Toxic Egg 2","Singing Bowl","Odd Mushroom","Lee\u0027s Waffle","Fusion Hammer"],"potions_floor_usage":[],"damage_taken":[{"damage":0.0,"enemies":"Cultist","floor":1.0,"turns":1.0},{"damage":0.0,"enemies":"Small Slimes","floor":4.0,"turns":1.0},{"damage":0.0,"enemies":"Gremlin Nob","floor":6.0,"turns":1.0},{"damage":0.0,"enemies":"Jaw Worm","floor":7.0,"turns":3.0},{"damage":49.0,"enemies":"3 Sentries","floor":8.0,"turns":7.0},{"damage":7.0,"enemies":"2 Fungi Beasts","floor":10.0,"turns":3.0},{"damage":16.0,"enemies":"The Mushroom Lair","floor":11.0,"turns":4.0},{"damage":46.0,"enemies":"Slime Boss","floor":16.0,"turns":8.0},{"damage":16,"enemies":"3 Byrds","floor":18,"turns":4},{"damage":44,"enemies":"Shell Parasite","floor":20,"turns":6},{"damage":0,"enemies":"Centurion and Healer","floor":21,"turns":2}],"seed_played":"-1765630934158074544","potions_obtained":[{"floor":6.0,"key":"Regen Potion"},{"floor":8.0,"key":"Dexterity Potion"},{"floor":10.0,"key":"SpeedPotion"}],"is_trial":false,"path_per_floor":["M","$","?","M","?","E","M","E","T","M","?","R","$","?","R","B",null,"M","?","M","M"],"character_chosen":"DEFECT","items_purchased":["Lee\u0027s Waffle"],"campfire_rested":0,"item_purchase_floors":[13],"current_hp_per_floor":[64,64,57,57,62,62,62,28,28,21,5,5,83,58,58,12,65,51,51,9,9],"gold":105,"neow_bonus":"THREE_ENEMY_KILL","is_prod":false,"is_daily":false,"chose_seed":false,"campfire_upgraded":2,"win_rate":0,"timestamp":1542704964,"path_taken":["M","?","?","?","?","E","M","E","T","M","?","R","$","?","R","BOSS","M","?","M","?"],"build_version":"2018-11-15","purchased_purges":1,"victory":false,"max_hp_per_floor":[71,71,71,71,76,76,76,76,76,76,76,76,83,83,83,83,83,85,85,87,87],"card_choices":[{"not_picked":["Hologram","Go for the Eyes"],"picked":"Streamline","floor":1.0},{"not_picked":["Beam Cell","Reprogram","Auto Shields"],"picked":"SKIP","floor":4.0},{"not_picked":["Conserve Battery","Melter","Turbo"],"picked":"SKIP","floor":6.0},{"not_picked":["Beam Cell","Biased Cognition","Stack"],"picked":"SKIP","floor":7.0},{"not_picked":["Steam","Compile Driver","Barrage"],"picked":"SKIP","floor":8.0},{"not_picked":["Barrage","Aggregate+1"],"picked":"Creative AI","floor":10.0},{"not_picked":["Rip and Tear","Heatsinks"],"picked":"Recycle+1","floor":11.0},{"not_picked":["Machine Learning","Rainbow+1"],"picked":"Fission+1","floor":16.0},{"not_picked":["Scrape","Leap+1","Redo+1"],"picked":"Singing Bowl","floor":18},{"not_picked":["Double Energy+1","Barrage","BootSequence+1"],"picked":"Singing Bowl","floor":20}],"player_experience":582801,"relics_obtained":[{"floor":6.0,"key":"Letter Opener"},{"floor":8.0,"key":"Toxic Egg 2"},{"floor":9.0,"key":"Singing Bowl"},{"floor":11.0,"key":"Odd Mushroom"}],"event_choices":[{"damage_healed":0.0,"max_hp_gain":0.0,"max_hp_loss":0.0,"gold_gain":50.0,"event_name":"FaceTrader","player_choice":"Touch","floor":3.0,"gold_loss":0.0,"damage_taken":7.0},{"damage_healed":0.0,"max_hp_gain":5.0,"max_hp_loss":0.0,"gold_gain":0.0,"event_name":"Big Fish","player_choice":"Donut","floor":5.0,"gold_loss":0.0,"damage_taken":0.0},{"damage_healed":0.0,"max_hp_gain":0.0,"max_hp_loss":0.0,"gold_gain":0.0,"event_name":"Mushrooms","player_choice":"Fought Mushrooms","floor":11.0,"gold_loss":0.0,"damage_taken":0.0},{"damage_healed":0.0,"max_hp_gain":0.0,"max_hp_loss":0.0,"gold_gain":0.0,"event_name":"Shining Light","player_choice":"Entered Light","floor":14.0,"gold_loss":0.0,"damage_taken":25.0,"cards_upgraded":["Strike_B","Strike_B"]},{"cards_removed":["Strike_B"],"damage_healed":0,"gold_gain":0,"player_choice":"Offered Basic","damage_taken":0,"max_hp_gain":0,"max_hp_loss":0,"event_name":"Bonfire Elementals","floor":19,"gold_loss":0}],"is_beta":true,"boss_relics":[{"not_picked":["Astrolabe","Coffee Dripper"],"picked":"Fusion Hammer"}],"items_purged_floors":[2],"is_endless":false,"potions_floor_spawned":[6,8,10,16,20],"killed_by":"Centurion and Healer","ascension_level":20}