{"gold_per_floor":[114,133,147,167,177,177,205,205,205,205,205,222,241,254,254,359,359,377,266,266,284,199,199,227,227,250,260,289,189,203,213,213,213],"floor_reached":33,"playtime":3307,"items_purged":["Strike_R","Strike_R"],"score":356,"play_id":"72ec00aa-9a04-4909-8689-67c580abc39f","local_time":"20190711021102","is_ascension_mode":true,"campfire_choices":[{"data":"Shockwave","floor":6,"key":"SMITH"},{"data":"Demon Form","floor":8,"key":"SMITH"},{"data":"Dropkick","floor":11,"key":"SMITH"},{"floor":15,"key":"REST"},{"data":"Hemokinesis","floor":23,"key":"SMITH"},{"data":"Rampage","floor":25,"key":"SMITH"},{"floor":32,"key":"REST"}],"neow_cost":"NONE","seed_source_timestamp":137473930303,"circlet_count":0,"master_deck":["Strike_R","Strike_R","Strike_R","Defend_R","Defend_R","Defend_R","Bash","Shockwave+1","Dropkick+1","Ghostly Armor","Shrug It Off","Demon Form+1","Rampage+1","Shrug It Off","Shrug It Off","Cleave","Searing Blow","Ghostly Armor","Hemokinesis+1","Seeing Red","Immolate","Infernal Blade","Shrug It Off+1"],"relics":["Burning Blood","Potion Belt","Red Skull","Mark of Pain","Strawberry","Gremlin Horn","Centennial Puzzle","Bottled Flame"],"potions_floor_usage":[28,28],"damage_taken":[{"damage":16,"enemies":"Jaw Worm","floor":1,"turns":5},{"damage":6,"enemies":"2 Louse","floor":2,"turns":3},{"damage":5,"enemies":"Small Slimes","floor":3,"turns":4},{"damage":7,"enemies":"Looter","floor":4,"turns":4},{"damage":13,"enemies":"Exordium Thugs","floor":5,"turns":7},{"damage":35,"enemies":"Lagavulin","floor":7,"turns":9},{"damage":4,"enemies":"2 Fungi Beasts","floor":12,"turns":4},{"damage":6,"enemies":"Red Slaver","floor":13,"turns":3},{"damage":0,"enemies":"Large Slime","floor":14,"turns":7},{"damage":26,"enemies":"Hexaghost","floor":16,"turns":7},{"damage":8,"enemies":"Shell Parasite","floor":18,"turns":7},{"damage":22,"enemies":"2 Thieves","floor":21,"turns":4},{"damage":28,"enemies":"Slavers","floor":24,"turns":6},{"damage":29,"enemies":"Snake Plant","floor":27,"turns":4},{"damage":4,"enemies":"Gremlin Leader","floor":28,"turns":4},{"damage":2,"enemies":"Sentry and Sphere","floor":30,"turns":4},{"damage":0,"enemies":"3 Cultists","floor":31,"turns":2},{"damage":88,"enemies":"Champ","floor":33,"turns":10}],"seed_played":"7998850807570150402","potions_obtained":[{"floor":1,"key":"Ancient Potion"},{"floor":4,"key":"Strength Potion"},{"floor":7,"key":"SkillPotion"},{"floor":12,"key":"Fire Potion"},{"floor":14,"key":"GamblersBrew"},{"floor":16,"key":"EssenceOfSteel"},{"floor":24,"key":"Energy Potion"},{"floor":30,"key":"Swift Potion"}],"is_trial":false,"path_per_floor":["M","M","M","M","M","R","E","R","T","?","R","M","M","M","R","B",null,"M","$","?","M","?","R","E","R","T","M","E","$","M","M","R","B"],"character_chosen":"IRONCLAD","items_purchased":["Searing Blow"],"campfire_rested":2,"item_purchase_floors":[19],"current_hp_per_floor":[78,78,79,78,71,71,42,42,42,35,35,37,37,43,69,49,88,86,86,86,70,77,77,55,55,55,32,34,34,38,44,72,0],"gold":213,"neow_bonus":"TEN_PERCENT_HP_BONUS","is_prod":false,"is_daily":false,"chose_seed":false,"campfire_upgraded":5,"win_rate":0,"timestamp":1562829062,"path_taken":["M","M","M","M","M","R","E","R","T","?","R","M","M","M","R","BOSS","M","$","?","M","?","R","E","R","T","M","E","$","M","M","R","BOSS"],"build_version":"2019-07-05","purchased_purges":2,"victory":false,"max_hp_per_floor":[88,88,88,88,88,88,88,88,88,88,88,88,88,88,88,88,88,88,88,88,88,95,95,95,95,95,95,95,95,95,95,95,95],"card_choices":[{"not_picked":["Armaments","Headbutt"],"picked":"Shockwave","floor":1},{"not_picked":["Sword Boomerang","Warcry","Combust"],"picked":"SKIP","floor":2},{"not_picked":["Wild Strike","Anger"],"picked":"Dropkick","floor":3},{"not_picked":["Burning Pact","Body Slam"],"picked":"Ghostly Armor","floor":4},{"not_picked":["True Grit","Power Through"],"picked":"Shrug It Off","floor":5},{"not_picked":["Second Wind","Wild Strike"],"picked":"Demon Form","floor":7},{"not_picked":["Thunderclap","Reckless Charge"],"picked":"Rampage","floor":12},{"not_picked":["Wild Strike","Warcry"],"picked":"Shrug It Off","floor":13},{"not_picked":["Corruption","Flex"],"picked":"Shrug It Off","floor":14},{"not_picked":["Sever Soul+1","Blood for Blood+1"],"picked":"Cleave","floor":18},{"not_picked":["Power Through","Perfected Strike+1"],"picked":"Hemokinesis","floor":21},{"not_picked":["Power Through","Wild Strike","Corruption+1"],"picked":"SKIP","floor":24},{"not_picked":["Clothesline","Heavy Blade+1"],"picked":"Seeing Red","floor":27},{"not_picked":["Feel No Pain","Pummel+1"],"picked":"Immolate","floor":28},{"not_picked":["Flex","Rupture+1"],"picked":"Infernal Blade","floor":30},{"not_picked":["Flex+1","Body Slam+1"],"picked":"Shrug It Off+1","floor":31}],"player_experience":111973,"relics_obtained":[{"floor":7,"key":"Potion Belt"},{"floor":9,"key":"Red Skull"},{"floor":24,"key":"Gremlin Horn"},{"floor":26,"key":"Centennial Puzzle"},{"floor":28,"key":"Bottled Flame"}],"event_choices":[{"cards_removed":["Defend_R"],"damage_healed":0,"gold_gain":0,"player_choice":"Card Removal","damage_taken":7,"max_hp_gain":0,"max_hp_loss":0,"event_name":"Golden Wing","floor":10,"gold_loss":0},{"damage_healed":0,"gold_gain":0,"player_choice":"Read","damage_taken":0,"max_hp_gain":0,"max_hp_loss":0,"event_name":"The Library","floor":20,"gold_loss":0,"cards_obtained":["Ghostly Armor"]},{"damage_healed":0,"gold_gain":0,"player_choice":"Obtained Relic","damage_taken":0,"relics_obtained":["Strawberry"],"max_hp_gain":0,"max_hp_loss":0,"event_name":"Addict","floor":22,"gold_loss":85}],"is_beta":false,"boss_relics":[{"not_picked":["Velvet Choker","Coffee Dripper"],"picked":"Mark of Pain"}],"items_purged_floors":[19,29],"is_endless":false,"potions_floor_spawned":[1,4,7,12,14,16,24,27,30],"killed_by":"Champ","ascension_level":1}