{"gold_per_floor":[112,112,136,152,227,227,247,247,247,247,270,290,304,320,320,445,445,464,464,479,479,494,494,419,435,435,435,435,534,222,235,235,337,337,348,364,174,190,203,203],"floor_reached":40,"playtime":2291,"items_purged":["Strike_R","Strike_R","Strike_R"],"score":814,"play_id":"c954867f-8f41-4f13-9748-79631c5343a8","local_time":"20181010132457","is_ascension_mode":true,"campfire_choices":[{"data":"Bash","floor":6,"key":"SMITH"},{"data":"Barricade","floor":10,"key":"SMITH"},{"data":"True Grit","floor":15,"key":"SMITH"},{"data":"True Grit","floor":23,"key":"SMITH"},{"data":"Flame Barrier","floor":27,"key":"SMITH"},{"data":"Rampage","floor":32,"key":"SMITH"}],"neow_cost":"NONE","seed_source_timestamp":16581089070197,"circlet_count":0,"master_deck":["Strike_R","Defend_R","Defend_R","Defend_R","Bash+1","AscendersBane","Barricade+1","True Grit+1","Flame Barrier+1","True Grit+1","Evolve","Impervious","Ghostly","Ghostly","Ghostly","Ghostly","Ghostly","Ghostly Armor","Rampage+1","Ghostly Armor","Body Slam"],"relics":["Black Blood","Bloody Idol","Unceasing Top","Mark of Pain","Calipers","Sundial","Membership Card","ClockworkSouvenir"],"potions_floor_usage":[3,13,16,25,25,40],"damage_taken":[{"damage":3,"enemies":"2 Louse","floor":1,"turns":3},{"damage":2,"enemies":"Jaw Worm","floor":3,"turns":3},{"damage":5,"enemies":"Small Slimes","floor":4,"turns":3},{"damage":13,"enemies":"Red Slaver","floor":7,"turns":3},{"damage":16,"enemies":"2 Fungi Beasts","floor":11,"turns":4},{"damage":17,"enemies":"Looter","floor":12,"turns":3},{"damage":9,"enemies":"Red Slaver","floor":13,"turns":4},{"damage":4,"enemies":"2 Fungi Beasts","floor":14,"turns":5},{"damage":0,"enemies":"Slime Boss","floor":16,"turns":60},{"damage":6,"enemies":"Shell Parasite","floor":18,"turns":16},{"damage":0,"enemies":"Spheric Guardian","floor":20,"turns":18},{"damage":6,"enemies":"Snake Plant","floor":22,"turns":7},{"damage":0,"enemies":"Shelled Parasite and Fungi","floor":25,"turns":19},{"damage":0,"enemies":"Snecko","floor":31,"turns":9},{"damage":0,"enemies":"Automaton","floor":33,"turns":16},{"damage":6,"enemies":"Orb Walker","floor":35,"turns":8},{"damage":20,"enemies":"3 Darklings","floor":36,"turns":12},{"damage":13,"enemies":"Spire Growth","floor":38,"turns":8},{"damage":0,"enemies":"Transient","floor":39,"turns":5},{"damage":64,"enemies":"Giant Head","floor":40,"turns":10}],"seed_played":"-3137664003397316286","potions_obtained":[{"floor":1,"key":"Poison Potion"},{"floor":3,"key":"SkillPotion"},{"floor":4,"key":"Ancient Potion"},{"floor":14,"key":"SpeedPotion"},{"floor":20,"key":"SpeedPotion"},{"floor":25,"key":"LiquidBronze"}],"is_trial":false,"path_per_floor":["M","?","M","M","?","R","M","?","T","R","M","M","M","M","R","B",null,"M","?","M","?","M","R","$","M","T","R","T","?","$","M","R","B",null,"M","M","$","M","M"],"character_chosen":"IRONCLAD","items_purchased":["Membership Card","Rampage","Dexterity Potion","Body Slam","ClockworkSouvenir"],"campfire_rested":0,"item_purchase_floors":[30,30,30,37,37],"current_hp_per_floor":[75,74,74,74,63,63,56,49,49,49,39,28,25,27,27,33,64,64,64,74,37,37,37,37,37,37,37,37,37,37,37,37,37,37,37,32,32,34,37,0],"gold":203,"neow_bonus":"REMOVE_CARD","is_prod":false,"is_daily":false,"chose_seed":false,"campfire_upgraded":6,"win_rate":0,"timestamp":1539149097,"path_taken":["M","?","M","?","?","R","M","?","T","R","?","M","M","?","R","BOSS","M","?","M","?","?","R","$","M","T","R","?","?","$","?","R","BOSS","M","M","$","M","M","E"],"build_version":"2018-10-04v2","purchased_purges":3,"victory":false,"max_hp_per_floor":[80,74,74,74,74,74,74,74,74,74,74,74,74,74,74,74,74,74,74,74,37,37,37,37,37,37,37,37,37,37,37,37,37,37,37,37,37,37,37,37],"card_choices":[{"not_picked":["Carnage","Thunderclap","Clothesline"],"picked":"SKIP","floor":1},{"not_picked":["Shrug It Off","Thunderclap","Second Wind"],"picked":"SKIP","floor":3},{"not_picked":["Havoc","Flex","Flame Barrier"],"picked":"SKIP","floor":4},{"not_picked":["Reckless Charge","Flex"],"picked":"Barricade","floor":7},{"not_picked":["Disarm","Battle Trance"],"picked":"True Grit","floor":11},{"not_picked":["Carnage","Twin Strike"],"picked":"Flame Barrier","floor":12},{"not_picked":["Clash","Pummel"],"picked":"True Grit","floor":13},{"not_picked":["Heavy Blade","Anger"],"picked":"Evolve","floor":14},{"not_picked":["Dark Embrace","Juggernaut"],"picked":"Impervious","floor":16},{"not_picked":["Twin Strike+1","Headbutt","Burning Pact"],"picked":"SKIP","floor":18},{"not_picked":["Rupture","Twin Strike","Headbutt"],"picked":"SKIP","floor":20},{"not_picked":["Rampage+1","Spot Weakness"],"picked":"Ghostly Armor","floor":22},{"not_picked":["Flex","Carnage","Hemokinesis+1"],"picked":"SKIP","floor":25},{"not_picked":["Havoc","Whirlwind","Searing Blow"],"picked":"SKIP","floor":31},{"not_picked":["Sentinel+1","Headbutt","Infernal Blade+1"],"picked":"SKIP","floor":35},{"not_picked":["Shockwave+1","Clothesline"],"picked":"Ghostly Armor","floor":36},{"not_picked":["Wild Strike+1","Searing Blow","Dropkick+1"],"picked":"SKIP","floor":38},{"not_picked":["Armaments+1","Dropkick+1","Intimidate"],"picked":"SKIP","floor":39}],"player_experience":83049,"relics_obtained":[{"floor":9,"key":"Unceasing Top"},{"floor":26,"key":"Calipers"},{"floor":28,"key":"Sundial"}],"event_choices":[{"event_name":"Golden Idol","player_choice":"Lose Max HP","floor":2,"damage_taken":0},{"event_name":"World of Goop","player_choice":"Gather Gold","floor":5,"damage_taken":0},{"event_name":"Golden Wing","player_choice":"Card Removal","floor":8,"damage_taken":0},{"event_name":"Forgotten Altar","player_choice":"Gave Idol","floor":19,"damage_taken":0},{"event_name":"Ghosts","player_choice":"Became a Ghost","floor":21,"damage_taken":0},{"event_name":"Nest","player_choice":"Stole From Cult","floor":29,"damage_taken":0}],"is_beta":false,"boss_relics":[{"not_picked":["Runic Pyramid","Runic Dome"],"picked":"Mark of Pain"},{"not_picked":["Calling Bell","Philosopher\u0027s Stone"],"picked":"Black Blood"}],"items_purged_floors":[24,30,37],"is_endless":false,"potions_floor_spawned":[1,3,4,14,20,25,31,36,38],"killed_by":"Giant Head","ascension_level":11}