{"gold_per_floor":[118,118,17,17,27,27,53,53,77,103,103,128,128,153,153,226,226,246,264,264,264,179,179,211,211,258,288,288,288,288,21,21,93,93,105,120,120,20,20,85,85,137,137,137,170,2,37,63,63,83,83,83,83,83,134,134],"floor_reached":56,"playtime":7147,"items_purged":["Regret","Slice","Strike_G+1"],"score":2369,"play_id":"df227caa-2f06-4fc2-b41d-8725c6f626c9","local_time":"20190704201614","is_ascension_mode":true,"campfire_choices":[{"data":"Neutralize","floor":6.0,"key":"SMITH"},{"data":"Sucker Punch","floor":8.0,"key":"SMITH"},{"floor":11.0,"key":"REST"},{"data":"Backflip","floor":15.0,"key":"SMITH"},{"data":"Reflex","floor":23.0,"key":"SMITH"},{"floor":25.0,"key":"REST"},{"floor":28.0,"key":"REST"},{"data":"Burst","floor":30.0,"key":"SMITH"},{"data":"Well Laid Plans","floor":32.0,"key":"SMITH"},{"floor":41.0,"key":"REST"},{"floor":44.0,"key":"REST"},{"floor":49.0,"key":"RECALL"},{"data":"Adrenaline","floor":53.0,"key":"SMITH"}],"neow_cost":"NONE","seed_source_timestamp":0,"circlet_count":0,"master_deck":["AscendersBane","Strike_G+1","Strike_G+1","Defend_G+1","Defend_G+1","Defend_G+1","Defend_G+1","Survivor","Neutralize+1","Quick Slash","Sucker Punch+1","Predator","Dagger Spray","Adrenaline+1","Backflip+1","Venomology","Reflex+1","Well Laid Plans","Well Laid Plans+1","Bouncing Flask","Doppelganger","Burst+1","Magnetism","Leg Sweep","Burst","Footwork","Master of Strategy","Impatience","Night Terror","Calculated Gamble","Well Laid Plans","Backflip+1","Doppelganger+1"],"special_seed":0,"relics":["Ring of the Snake","NeowsBlessing","Juzu Bracelet","Pen Nib","Oddly Smooth Stone","Vajra","Mango","HoveringKite","Nloth\u0027s Gift","Anchor","WingedGreaves","Blood Vial","Molten Egg 2","Black Star","Tiny Chest","Bronze Scales","Omamori","Dead Branch","Pantograph","Meat on the Bone","Toxic Egg 2","Bottled Lightning","FossilizedHelix","Paper Crane","Sundial","Centennial Puzzle"],"potions_floor_usage":[56,56,56],"damage_taken":[{"damage":0.0,"enemies":"Jaw Worm","floor":1.0,"turns":1.0},{"damage":0.0,"enemies":"Small Slimes","floor":5.0,"turns":1.0},{"damage":0.0,"enemies":"Gremlin Nob","floor":7.0,"turns":1.0},{"damage":15.0,"enemies":"3 Sentries","floor":10.0,"turns":6.0},{"damage":6.0,"enemies":"Gremlin Nob","floor":12.0,"turns":3.0},{"damage":22.0,"enemies":"3 Sentries","floor":14.0,"turns":6.0},{"damage":15.0,"enemies":"The Guardian","floor":16.0,"turns":13.0},{"damage":0.0,"enemies":"Chosen","floor":18.0,"turns":3.0},{"damage":18.0,"enemies":"3 Byrds","floor":19.0,"turns":5.0},{"damage":33.0,"enemies":"Gremlin Leader","floor":24.0,"turns":5.0},{"damage":28.0,"enemies":"Book of Stabbing","floor":27.0,"turns":4.0},{"damage":12.0,"enemies":"Champ","floor":33.0,"turns":13.0},{"damage":1.0,"enemies":"Orb Walker","floor":35.0,"turns":4.0},{"damage":0.0,"enemies":"3 Darklings","floor":36.0,"turns":4.0},{"damage":33.0,"enemies":"Giant Head","floor":40.0,"turns":12.0},{"damage":7.0,"enemies":"Nemesis","floor":42.0,"turns":11.0},{"damage":11.0,"enemies":"Giant Head","floor":45.0,"turns":11.0},{"damage":74.0,"enemies":"Reptomancer","floor":47.0,"turns":8.0},{"damage":0.0,"enemies":"Nemesis","floor":48.0,"turns":11.0},{"damage":0.0,"enemies":"Time Eater","floor":50.0,"turns":20.0},{"damage":10.0,"enemies":"Donu and Deca","floor":51.0,"turns":18.0},{"damage":17,"enemies":"Shield and Spear","floor":55,"turns":8},{"damage":104,"enemies":"The Heart","floor":56,"turns":14}],"seed_played":"32379579632373677","potions_obtained":[{"floor":1.0,"key":"LiquidBronze"},{"floor":16.0,"key":"Dexterity Potion"},{"floor":18.0,"key":"Explosive Potion"},{"floor":27.0,"key":"Ancient Potion"},{"floor":35.0,"key":"Strength Potion"}],"is_trial":false,"path_per_floor":["M","?","$","?","M","R","E","R","T","E","R","E","?","E","R","B",null,"M","M","?","?","?","R","E","R","T","E","R","?","R","$","R","B",null,"M","M","?","$","?","E","R","E","T","R","E","$","E","E","R","B","B",null,"R","$","E","B"],"character_chosen":"THE_SILENT","items_purchased":["Slice","Magnetism","Leg Sweep","Well Laid Plans"],"campfire_rested":5,"item_purchase_floors":[3,31,31,46],"current_hp_per_floor":[59,59,59,52,52,52,52,52,52,37,56,57,57,49,49,34,74,74,56,56,56,56,56,23,49,49,23,49,49,49,49,49,54,79,80,82,82,82,72,41,67,62,62,87,76,76,16,45,45,72,77,85,85,85,70,0],"gold":134,"neow_bonus":"THREE_ENEMY_KILL","is_prod":false,"is_daily":false,"chose_seed":false,"campfire_upgraded":7,"win_rate":0,"timestamp":1562264174,"path_taken":["M","?","$","?","M","R","E","R","T","E","R","E","?","E","R","BOSS","M","M","?","?","?","R","E","R","T","E","R","?","R","$","R","BOSS","M","M","?","$","?","E","R","E","T","R","E","$","E","E","R","BOSS","BOSS","R","$","E","BOSS"],"build_version":"2019-07-01","purchased_purges":3,"victory":false,"max_hp_per_floor":[66,66,66,66,66,66,66,66,66,66,66,73,73,87,87,87,87,87,87,87,87,87,87,87,87,87,87,87,87,87,87,87,87,87,87,87,87,87,87,87,87,87,87,87,87,87,87,87,87,87,87,87,87,87,87,87],"card_choices":[{"not_picked":["Sucker Punch","Dagger Spray"],"picked":"Quick Slash","floor":1.0},{"not_picked":["Blade Dance","Expertise"],"picked":"Sucker Punch","floor":5.0},{"not_picked":["Poisoned Stab","Escape Plan"],"picked":"Predator","floor":7.0},{"not_picked":["Cloak And Dagger","Concentrate"],"picked":"Dagger Spray","floor":10.0},{"not_picked":["Cloak And Dagger","Flying Knee"],"picked":"Adrenaline","floor":12.0},{"not_picked":["Underhanded Strike","Finisher"],"picked":"Backflip","floor":14.0},{"not_picked":["Glass Knife","Doppelganger"],"picked":"Venomology","floor":16.0},{"not_picked":["Eviscerate","PiercingWail"],"picked":"Reflex","floor":18.0},{"not_picked":["Outmaneuver","Setup"],"picked":"Well Laid Plans","floor":19.0},{"not_picked":["Underhanded Strike","Sucker Punch"],"picked":"Doppelganger","floor":24.0},{"not_picked":["Unload","Die Die Die"],"picked":"Burst","floor":27.0},{"not_picked":["Phantasmal Killer","Envenom"],"picked":"Burst","floor":33.0},{"not_picked":["Deadly Poison","Deflect"],"picked":"Footwork","floor":35.0},{"not_picked":["Bane+1","Skewer+1","Dodge and Roll+1"],"picked":"SKIP","floor":36.0},{"not_picked":["Trip","Blind"],"picked":"Master of Strategy","floor":39.0},{"not_picked":["Bandage Up","Dark Shackles"],"picked":"Impatience","floor":39.0},{"not_picked":["Venomology","Storm of Steel","Grand Finale+1"],"picked":"SKIP","floor":40.0},{"not_picked":["Underhanded Strike+1","Concentrate"],"picked":"Night Terror","floor":42.0},{"not_picked":["Deadly Poison","Predator+1"],"picked":"Calculated Gamble","floor":45.0},{"not_picked":["Dagger Throw+1","Storm of Steel","Predator+1"],"picked":"SKIP","floor":47.0},{"not_picked":["Tools of the Trade","Burst+1"],"picked":"Backflip+1","floor":48.0},{"not_picked":["Acrobatics+1","Distraction+1"],"picked":"Doppelganger+1","floor":55}],"player_experience":669945,"relics_obtained":[{"floor":7.0,"key":"Pen Nib"},{"floor":9.0,"key":"Oddly Smooth Stone"},{"floor":10.0,"key":"Vajra"},{"floor":12.0,"key":"Strawberry"},{"floor":14.0,"key":"Mango"},{"floor":24.0,"key":"WingedGreaves"},{"floor":26.0,"key":"Blood Vial"},{"floor":27.0,"key":"Molten Egg 2"},{"floor":40.0,"key":"Tiny Chest"},{"floor":40.0,"key":"Bronze Scales"},{"floor":42.0,"key":"Omamori"},{"floor":42.0,"key":"Dead Branch"},{"floor":45.0,"key":"Pantograph"},{"floor":45.0,"key":"Meat on the Bone"},{"floor":47.0,"key":"Toxic Egg 2"},{"floor":47.0,"key":"Bottled Lightning"},{"floor":48.0,"key":"FossilizedHelix"},{"floor":48.0,"key":"Paper Crane"},{"floor":55,"key":"Sundial"},{"floor":55,"key":"Centennial Puzzle"}],"event_choices":[{"damage_healed":0.0,"max_hp_gain":0.0,"max_hp_loss":0.0,"gold_gain":0.0,"event_name":"Big Fish","player_choice":"Box","floor":2.0,"gold_loss":0.0,"damage_taken":0.0,"relics_obtained":["Juzu Bracelet"],"cards_obtained":["Regret"]},{"cards_removed":["Defend_G"],"damage_healed":0.0,"max_hp_gain":0.0,"max_hp_loss":0.0,"gold_gain":0.0,"event_name":"Golden Wing","player_choice":"Card Removal","floor":4.0,"gold_loss":0.0,"damage_taken":7.0},{"damage_healed":0.0,"max_hp_gain":0.0,"max_hp_loss":0.0,"gold_gain":0.0,"event_name":"Liars Game","player_choice":"Ignored","floor":13.0,"gold_loss":0.0,"damage_taken":0.0},{"damage_healed":0.0,"max_hp_gain":0.0,"max_hp_loss":0.0,"gold_gain":0.0,"event_name":"N\u0027loth","player_choice":"Traded Relic","floor":20.0,"relics_lost":["Strawberry"],"gold_loss":0.0,"damage_taken":0.0,"relics_obtained":["Nloth\u0027s Gift"]},{"damage_healed":0.0,"max_hp_gain":0.0,"max_hp_loss":0.0,"gold_gain":0.0,"cards_transformed":["Strike_G","Strike_G"],"event_name":"Drug Dealer","player_choice":"Became Test Subject","floor":21.0,"gold_loss":0.0,"damage_taken":0.0,"cards_obtained":["Well Laid Plans","Bouncing Flask"]},{"damage_healed":0.0,"max_hp_gain":0.0,"max_hp_loss":0.0,"gold_gain":0.0,"event_name":"Addict","player_choice":"Obtained Relic","floor":22.0,"gold_loss":85.0,"damage_taken":0.0,"relics_obtained":["Anchor"]},{"damage_healed":0.0,"max_hp_gain":0.0,"max_hp_loss":0.0,"gold_gain":0.0,"event_name":"Back to Basics","player_choice":"Simplicity","floor":29.0,"gold_loss":0.0,"damage_taken":0.0,"cards_upgraded":["Strike_G","Strike_G","Strike_G","Defend_G","Defend_G","Defend_G","Defend_G"]},{"damage_healed":0.0,"max_hp_gain":0.0,"max_hp_loss":0.0,"gold_gain":0.0,"event_name":"Lab","player_choice":"Got Potions","floor":37.0,"gold_loss":0.0,"damage_taken":0.0},{"damage_healed":0.0,"max_hp_gain":0.0,"max_hp_loss":0.0,"gold_gain":0.0,"event_name":"SensoryStone","player_choice":"Memory 3","floor":39.0,"gold_loss":0.0,"damage_taken":10.0}],"is_beta":false,"boss_relics":[{"not_picked":["Ectoplasm","Orrery"],"picked":"HoveringKite"},{"not_picked":["Velvet Choker","Eternal Feather"],"picked":"Black Star"}],"items_purged_floors":[3,38,46],"is_endless":false,"potions_floor_spawned":[1,16,18,27,35],"killed_by":"The Heart","ascension_level":20}