{"path_per_floor":["M","?","$","?","M","R","?","R","T","R","M","R","E","?","R","B",null,"M","M","?"],"character_chosen":"THE_SILENT","items_purchased":["Deadly Poison","Dagger Throw"],"gold_per_floor":[110,80,3,3,16,16,46,46,46,46,63,63,98,98,98,194,194,210,228,228],"floor_reached":21,"campfire_rested":1,"playtime":1922,"current_hp_per_floor":[70,70,70,70,59,59,46,46,46,46,46,46,36,36,59,29,77,54,37,23],"items_purged":[],"gold":228,"score":175,"play_id":"2679bf60-7e5c-4acf-8d92-d391ea8f4e55","is_prod":false,"is_daily":false,"is_ascension_mode":false,"campfire_upgraded":4,"path_taken":["M","?","$","?","M","R","?","R","T","R","M","R","E","?","R","BOSS","M","M","?","M"],"build_version":"2018-02-22-PROD2","purchased_purges":0,"victory":false,"master_deck":["Defend_G","Defend_G","Defend_G","Defend_G","Strike_G","Strike_G","Strike_G","Strike_G","Strike_G+1","Survivor","Neutralize+1","Outmaneuver+1","Choke+1","Deadly Poison+1","Dagger Throw","Dagger Spray+1","Bane","Reflex","Burst","Doppelganger","Phantasmal Killer","Outmaneuver","Dodge and Roll","Quick Slash","Distraction","Dagger Throw","Eviscerate+1"],"max_hp_per_floor":[70,70,70,77,77,77,77,77,77,77,77,77,77,77,77,77,77,77,77,82],"relics":["Ring of the Snake","Strawberry","Odd Mushroom","Oddly Smooth Stone","Whetstone","Orrery"],"card_choices":[{"not_picked":["Deadly Poison","Prepared"],"picked":"Outmaneuver"},{"not_picked":["Flechettes","Acrobatics"],"picked":"Choke"},{"not_picked":["Eviscerate","Backstab"],"picked":"Dagger Spray"},{"not_picked":["Slice","Leg Sweep"],"picked":"Bane"},{"not_picked":["Quick Slash","Sucker Punch"],"picked":"Reflex"},{"not_picked":["PiercingWail","Backflip"],"picked":"Burst"},{"not_picked":["Doppelganger","Night Terror"],"picked":"Phantasmal Killer"},{"not_picked":["Well Laid Plans","Dagger Throw"],"picked":"Outmaneuver"},{"not_picked":["PiercingWail","Flying Knee"],"picked":"Dodge and Roll"},{"not_picked":["Terror","Choke"],"picked":"Quick Slash"},{"not_picked":["Backflip","Bane"],"picked":"Distraction"},{"not_picked":["Sucker Punch","Blade Dance"],"picked":"Dagger Throw"},{"not_picked":["PiercingWail","Bane"],"picked":"Eviscerate"}],"player_experience":15663,"potions_floor_usage":[19],"damage_taken":[{"damage":0,"enemies":"Small Slimes","floor":1,"turns":7},{"damage":11,"enemies":"Cultist","floor":5,"turns":5},{"damage":13,"enemies":"The Mushroom Lair","floor":7,"turns":3},{"damage":0,"enemies":"Jaw Worm","floor":11,"turns":3},{"damage":10,"enemies":"Lagavulin","floor":13,"turns":5},{"damage":30,"enemies":"The Guardian","floor":16,"turns":8},{"damage":23,"enemies":"Spheric Guardian","floor":18,"turns":7},{"damage":17,"enemies":"3 Byrds","floor":19,"turns":5},{"damage":25,"enemies":"Cultist and Chosen","floor":21,"turns":4}],"event_choices":[{"event_name":"The Woman in Blue","player_choice":"Bought 2 Potions","floor":2,"damage_taken":0},{"event_name":"Scrap Ooze","player_choice":"success","floor":4,"damage_taken":7},{"event_name":"Mushrooms","player_choice":"Fought Mushrooms","floor":7,"damage_taken":0},{"event_name":"Transmorgrifier","player_choice":"Transform","floor":14,"damage_taken":0},{"event_name":"Forgotten Altar","player_choice":"Shed Blood","floor":20,"damage_taken":0}],"boss_relics":[{"not_picked":["Cursed Key","Runic Dome"],"picked":"Orrery"}],"potions_floor_spawned":[1,18],"seed_played":"5541289023949964982","killed_by":"Cultist and Chosen","ascension_level":0,"is_trial":false}