{"gold_per_floor":[118,132,147,164,89,89,105,105,129,129,144,144,177,77,77,173,173,186,186,201,231,248,248,259,259,259,273,273,148,163,180,180,283,283,299,314,164,264,89,89,120,120,120,133,83,83,97,109,109,109],"floor_reached":51,"playtime":1757,"items_purged":["Strike_R","Strike_R","Strike_R","Strike_R","Strike_R","Bash"],"score":931,"play_id":"fd6f5a19-3244-47f3-9c84-cd77f097fe5d","local_time":"20190808204956","is_ascension_mode":false,"campfire_choices":[{"data":"Fiend Fire","floor":6.0,"key":"SMITH"},{"data":"Rupture","floor":8.0,"key":"SMITH"},{"data":"Offering","floor":12.0,"key":"SMITH"},{"data":"Evolve","floor":15.0,"key":"SMITH"},{"data":"Power Through","floor":23.0,"key":"SMITH"},{"floor":25.0,"key":"REST"},{"data":"Offering","floor":28.0,"key":"SMITH"},{"data":"Body Slam","floor":32.0,"key":"SMITH"},{"data":"Battle Trance","floor":40.0,"key":"SMITH"},{"data":"Second Wind","floor":42.0,"key":"SMITH"},{"data":"Defend_R","floor":46.0,"key":"SMITH"},{"floor":49,"key":"REST"}],"neow_cost":"TEN_PERCENT_HP_LOSS","seed_source_timestamp":7369162038713,"circlet_count":0,"master_deck":["Defend_R","Defend_R","Defend_R","Defend_R+1","Fiend Fire+1","Combust+1","Rupture+1","Offering+1","Evolve+1","Offering+1","Power Through+1","Second Wind+1","Rampage+1","Body Slam+1","Battle Trance+1","Burning Pact+1"],"special_seed":0,"relics":["Burning Blood","Pen Nib","Bag of Preparation","Cursed Key","Red Mask","Sozu","Smiling Mask"],"potions_floor_usage":[],"damage_taken":[{"damage":0.0,"enemies":"Small Slimes","floor":1.0,"turns":3.0},{"damage":0.0,"enemies":"Cultist","floor":2.0,"turns":2.0},{"damage":2.0,"enemies":"2 Louse","floor":3.0,"turns":3.0},{"damage":13.0,"enemies":"2 Fungi Beasts","floor":4.0,"turns":3.0},{"damage":8.0,"enemies":"Exordium Thugs","floor":7.0,"turns":4.0},{"damage":0.0,"enemies":"Red Slaver","floor":11.0,"turns":1.0},{"damage":15.0,"enemies":"3 Sentries","floor":13.0,"turns":6.0},{"damage":6.0,"enemies":"Slime Boss","floor":16.0,"turns":2.0},{"damage":10.0,"enemies":"2 Thieves","floor":18.0,"turns":4.0},{"damage":12.0,"enemies":"Spheric Guardian","floor":20.0,"turns":2.0},{"damage":30.0,"enemies":"Masked Bandits","floor":21.0,"turns":4.0},{"damage":6.0,"enemies":"Snake Plant","floor":22.0,"turns":2.0},{"damage":14.0,"enemies":"Cultist and Chosen","floor":24.0,"turns":8.0},{"damage":7.0,"enemies":"Snecko","floor":27.0,"turns":2.0},{"damage":7.0,"enemies":"Snake Plant","floor":30.0,"turns":2.0},{"damage":17.0,"enemies":"3 Cultists","floor":31.0,"turns":4.0},{"damage":14.0,"enemies":"Collector","floor":33.0,"turns":3.0},{"damage":6.0,"enemies":"Orb Walker","floor":35.0,"turns":2.0},{"damage":8.0,"enemies":"3 Shapes","floor":36.0,"turns":3.0},{"damage":6.0,"enemies":"Nemesis","floor":41.0,"turns":1.0},{"damage":11.0,"enemies":"Transient","floor":44.0,"turns":5.0},{"damage":6,"enemies":"Spire Growth","floor":47,"turns":2},{"damage":14,"enemies":"Maw","floor":48,"turns":3},{"damage":5,"enemies":"Donu and Deca","floor":50,"turns":6}],"seed_played":"1840451487231515728","potions_obtained":[{"floor":1.0,"key":"EntropicBrew"},{"floor":2.0,"key":"Fire Potion"},{"floor":4.0,"key":"Weak Potion"},{"floor":20.0,"key":"GamblersBrew"}],"is_trial":false,"path_per_floor":["M","M","M","M","$","R","M","R","T","?","M","R","E","$","R","B",null,"M","?","M","?","M","R","M","R","T","M","R","$","M","M","R","B",null,"M","M","$","?","$","R","E","R","T","M","$","R","M","M","R","B",null],"character_chosen":"IRONCLAD","items_purchased":[],"campfire_rested":2,"item_purchase_floors":[],"current_hp_per_floor":[72,72,72,65,65,65,63,63,63,63,69,69,60,60,60,60,72,68,68,62,38,38,38,30,51,51,50,50,50,49,38,38,30,72,72,70,70,70,70,70,70,70,70,65,65,65,65,57,72,72],"gold":109,"neow_bonus":"THREE_RARE_CARDS","is_prod":false,"is_daily":false,"chose_seed":false,"campfire_upgraded":10,"win_rate":0,"timestamp":1565268596,"path_taken":["M","M","M","M","$","R","M","R","T","?","M","R","E","?","R","BOSS","M","?","M","?","M","R","M","R","T","M","R","$","M","?","R","BOSS","M","M","$","?","?","R","E","R","T","M","$","R","M","M","R","BOSS"],"build_version":"2019-07-17","purchased_purges":6,"victory":true,"max_hp_per_floor":[72,72,72,72,72,72,72,72,72,72,72,72,72,72,72,72,72,72,72,72,72,72,72,72,72,72,72,72,72,72,72,72,72,72,72,72,72,72,72,72,72,72,72,72,72,72,72,72,72,72],"card_choices":[{"not_picked":["Dark Embrace","Barricade"],"picked":"Fiend Fire","floor":0.0},{"not_picked":["Blood for Blood","Thunderclap"],"picked":"Combust","floor":1.0},{"not_picked":["Uppercut","Perfected Strike"],"picked":"Rupture","floor":2.0},{"not_picked":["Cleave","Flex","Entrench"],"picked":"SKIP","floor":3.0},{"not_picked":["True Grit","Body Slam","Havoc"],"picked":"SKIP","floor":4.0},{"not_picked":["Clothesline","Havoc","Sever Soul"],"picked":"SKIP","floor":7.0},{"not_picked":["Reckless Charge","Twin Strike"],"picked":"Offering","floor":11.0},{"not_picked":["Warcry","Corruption"],"picked":"Evolve","floor":13.0},{"not_picked":["Impervious","Bludgeon"],"picked":"Offering","floor":16.0},{"not_picked":["Cleave","Headbutt"],"picked":"Power Through","floor":18.0},{"not_picked":["Warcry","Flex"],"picked":"Second Wind","floor":20.0},{"not_picked":["Shockwave","Metallicize","Pommel Strike+1"],"picked":"SKIP","floor":22.0},{"not_picked":["Heavy Blade","Reckless Charge","Shrug It Off"],"picked":"SKIP","floor":24.0},{"not_picked":["Perfected Strike","Battle Trance"],"picked":"Rampage+1","floor":27.0},{"not_picked":["Dual Wield+1","Sever Soul+1","Clash"],"picked":"SKIP","floor":30.0},{"not_picked":["Twin Strike","Cleave"],"picked":"Body Slam","floor":31.0},{"not_picked":["Flex+1","Wild Strike","Cleave+1"],"picked":"SKIP","floor":35.0},{"not_picked":["Disarm+1","Reckless Charge+1"],"picked":"Battle Trance","floor":36.0},{"not_picked":["Rampage+1","Pummel+1","Dropkick+1"],"picked":"SKIP","floor":41.0},{"not_picked":["Reckless Charge+1","Dropkick+1"],"picked":"Burning Pact+1","floor":44.0},{"not_picked":["Flex","Sword Boomerang+1","Rampage"],"picked":"SKIP","floor":47},{"not_picked":["Thunderclap","Iron Wave","Second Wind"],"picked":"SKIP","floor":48}],"player_experience":5887338,"relics_obtained":[{"floor":9.0,"key":"Pen Nib"},{"floor":13.0,"key":"Bag of Preparation"},{"floor":21.0,"key":"Red Mask"},{"floor":41.0,"key":"Smiling Mask"}],"event_choices":[{"damage_healed":0.0,"max_hp_gain":0.0,"max_hp_loss":0.0,"gold_gain":0.0,"event_name":"Upgrade Shrine","player_choice":"Upgraded","floor":10.0,"gold_loss":0.0,"damage_taken":0.0,"cards_upgraded":["Combust"]},{"damage_healed":0.0,"max_hp_gain":0.0,"max_hp_loss":0.0,"gold_gain":0.0,"event_name":"Vampires","player_choice":"Ignored","floor":19.0,"gold_loss":0.0,"damage_taken":0.0},{"damage_healed":0.0,"max_hp_gain":0.0,"max_hp_loss":0.0,"gold_gain":0.0,"event_name":"Masked Bandits","player_choice":"Fought Bandits","floor":21.0,"gold_loss":0.0,"damage_taken":0.0},{"damage_healed":0.0,"max_hp_gain":0.0,"max_hp_loss":0.0,"gold_gain":100.0,"event_name":"Golden Shrine","player_choice":"Pray","floor":38.0,"gold_loss":0.0,"damage_taken":0.0}],"is_beta":false,"boss_relics":[{"not_picked":["Black Blood","Empty Cage"],"picked":"Cursed Key"},{"not_picked":["Calling Bell","Tiny House"],"picked":"Sozu"}],"items_purged_floors":[5,14,29,37,39,45],"is_endless":false,"potions_floor_spawned":[1,2,4,20,21,24,30,31,35,44],"ascension_level":0}