{"gold_per_floor":[112,62,76,151,165,165,182,182,182,182,212,137,137,37,37,132,132,149,149,167,167],"floor_reached":21,"playtime":333,"items_purged":["Defend_R","Defend_R+1"],"score":177,"play_id":"00d38169-b7e6-4695-a9cd-38aafbd763f6","local_time":"20181013222802","is_ascension_mode":false,"campfire_choices":[{"data":"Perfected Strike","floor":6,"key":"SMITH"},{"data":"Bash","floor":8,"key":"SMITH"},{"data":"Strike_R","floor":13,"key":"SMITH"},{"data":"Strike_R","floor":15,"key":"SMITH"}],"neow_cost":"NONE","seed_source_timestamp":48833188987523,"circlet_count":0,"master_deck":["Strike_R+1","Strike_R+1","Strike_R","Strike_R","Strike_R+1","Bash+1","Perfected Strike+1"],"special_seed":0,"relics":["Burning Blood","Paper Frog","Gambling Chip","Cursed Key"],"potions_floor_usage":[16],"damage_taken":[{"damage":3,"enemies":"Small Slimes","floor":1,"turns":4},{"damage":5,"enemies":"Jaw Worm","floor":3,"turns":5},{"damage":1,"enemies":"Cultist","floor":5,"turns":3},{"damage":7,"enemies":"Blue Slaver","floor":7,"turns":2},{"damage":14,"enemies":"Gremlin Nob","floor":11,"turns":3},{"damage":54,"enemies":"Hexaghost","floor":16,"turns":6},{"damage":10,"enemies":"Chosen","floor":18,"turns":2},{"damage":12,"enemies":"3 Byrds","floor":20,"turns":4},{"damage":0,"enemies":"Shelled Parasite and Fungi","floor":21,"turns":1}],"seed_played":"6666423442913104089","potions_obtained":[{"floor":3,"key":"Dexterity Potion"},{"floor":7,"key":"Ancient Potion"},{"floor":11,"key":"Regen Potion"},{"floor":20,"key":"Regen Potion"}],"is_trial":false,"path_per_floor":["M","?","M","?","M","R","M","R","T","?","E","$","R","$","R","B",null,"M","$","M"],"character_chosen":"IRONCLAD","items_purchased":[],"campfire_rested":0,"item_purchase_floors":[],"current_hp_per_floor":[80,80,80,69,74,74,73,73,73,57,49,49,49,49,49,13,80,76,76,70,70],"gold":167,"neow_bonus":"REMOVE_CARD","is_prod":false,"is_daily":false,"chose_seed":false,"campfire_upgraded":4,"win_rate":0,"timestamp":1539440882,"path_taken":["M","?","M","?","M","R","?","R","T","?","E","$","R","$","R","BOSS","M","$","M","M"],"build_version":"2018-10-11","purchased_purges":2,"victory":false,"max_hp_per_floor":[80,80,80,80,80,80,80,80,80,80,80,80,80,80,80,80,80,80,80,80,80],"card_choices":[{"not_picked":["True Grit","Whirlwind","Flex"],"picked":"SKIP","floor":1},{"not_picked":["Headbutt","Wild Strike","Body Slam"],"picked":"SKIP","floor":3},{"not_picked":["Dual Wield","Clothesline"],"picked":"Perfected Strike","floor":5},{"not_picked":["Cleave","Burning Pact","Whirlwind"],"picked":"SKIP","floor":7},{"not_picked":["Headbutt","Uppercut","Feed"],"picked":"SKIP","floor":11},{"not_picked":["Sword Boomerang","Spot Weakness","Anger"],"picked":"SKIP","floor":18},{"not_picked":["Seeing Red","Twin Strike+1","Disarm"],"picked":"SKIP","floor":20}],"player_experience":177625,"relics_obtained":[{"floor":9,"key":"Paper Frog"},{"floor":11,"key":"Gambling Chip"}],"event_choices":[{"event_name":"The Cleric","player_choice":"Card Removal","floor":2,"damage_taken":0},{"event_name":"World of Goop","player_choice":"Gather Gold","floor":4,"damage_taken":0},{"event_name":"Shining Light","player_choice":"Entered Light","floor":10,"damage_taken":0}],"is_beta":false,"boss_relics":[{"not_picked":["Orrery","Coffee Dripper"],"picked":"Cursed Key"}],"items_purged_floors":[12,14],"is_endless":false,"potions_floor_spawned":[3,7,11,20],"killed_by":"Shelled Parasite and Fungi","ascension_level":0}