{"gold_per_floor":[116,38,38,188,113,140,153,153,178,190,127,153,177,189,201,286,298,322,234,253,287,302,302,314,331,356,369,387,387,387,405,405,405],"floor_reached":33,"playtime":997,"items_purged":["Doubt","Defend_G"],"score":598,"play_id":"239a897a-b82a-4f29-9565-ce0dff3f8491","local_time":"20181224143242","is_ascension_mode":true,"campfire_choices":[{"data":"Catalyst","floor":8.0,"key":"SMITH"},{"data":"Bouncing Flask","floor":10.0,"key":"SMITH"},{"data":"Well Laid Plans","floor":15.0,"key":"SMITH"},{"data":"Footwork","floor":23.0,"key":"SMITH"},{"data":"Corpse Explosion","floor":29.0,"key":"SMITH"},{"data":"Neutralize","floor":32.0,"key":"SMITH"}],"neow_cost":"NONE","seed_source_timestamp":19352287040734,"circlet_count":0,"master_deck":["AscendersBane","Defend_G","Defend_G","Defend_G","Defend_G","Survivor","Neutralize+1","Bouncing Flask+1","Noxious Fumes","Bullet Time","Catalyst+1","Well Laid Plans+1","Corpse Explosion+1","Reflex+1","Quick Slash+1","Catalyst+1","Footwork+1","Backflip","Prepared","Noxious Fumes","Noxious Fumes+1","Footwork+1"],"special_seed":0,"relics":["Ring of the Snake","NeowsBlessing","PreservedInsect","MawBank","Astrolabe","Red Mask","Potion Belt"],"potions_floor_usage":[],"damage_taken":[{"damage":0.0,"enemies":"Small Slimes","floor":1.0,"turns":1.0},{"damage":0.0,"enemies":"3 Sentries","floor":6.0,"turns":2.0},{"damage":0.0,"enemies":"2 Louse","floor":7.0,"turns":1.0},{"damage":0.0,"enemies":"Jaw Worm","floor":12.0,"turns":3.0},{"damage":9.0,"enemies":"Exordium Thugs","floor":13.0,"turns":4.0},{"damage":33.0,"enemies":"Slime Boss","floor":16.0,"turns":9.0},{"damage":1.0,"enemies":"3 Byrds","floor":18.0,"turns":2.0},{"damage":0.0,"enemies":"Spheric Guardian","floor":20.0,"turns":2.0},{"damage":28.0,"enemies":"Masked Bandits","floor":21.0,"turns":3.0},{"damage":11.0,"enemies":"Shelled Parasite and Fungi","floor":22.0,"turns":3.0},{"damage":8.0,"enemies":"Centurion and Healer","floor":24.0,"turns":5.0},{"damage":0.0,"enemies":"Snake Plant","floor":25.0,"turns":3.0},{"damage":0.0,"enemies":"Snecko","floor":27.0,"turns":3.0},{"damage":0.0,"enemies":"Cultist and Chosen","floor":28.0,"turns":3.0},{"damage":0.0,"enemies":"Chosen and Byrds","floor":31.0,"turns":3.0},{"damage":7,"enemies":"Automaton","floor":33,"turns":2}],"seed_played":"-8035524683187234560","potions_obtained":[{"floor":1.0,"key":"Energy Potion"},{"floor":12.0,"key":"FearPotion"},{"floor":20.0,"key":"Energy Potion"},{"floor":24.0,"key":"Fire Potion"},{"floor":25.0,"key":"Explosive Potion"},{"floor":31.0,"key":"Energy Potion"}],"is_trial":false,"path_per_floor":["M","$","?","?","$","E","M","R","T","R","?","M","M","$","R","B",null,"M","$","M","?","M","R","M","M","T","M","M","R","?","M","R","B"],"character_chosen":"THE_SILENT","items_purchased":["Noxious Fumes"],"campfire_rested":0,"item_purchase_floors":[2],"current_hp_per_floor":[59,59,59,59,59,59,59,59,59,59,59,59,50,50,50,17,54,53,53,53,25,14,14,6,6,6,6,6,6,6,6,6,0],"gold":405,"neow_bonus":"THREE_ENEMY_KILL","is_prod":false,"is_daily":false,"chose_seed":false,"campfire_upgraded":6,"win_rate":0,"timestamp":1545633162,"path_taken":["M","$","?","?","$","E","M","R","T","R","?","?","M","?","R","BOSS","M","$","M","?","M","R","M","M","T","M","M","R","?","M","R","BOSS"],"build_version":"2018-12-20","purchased_purges":2,"victory":false,"max_hp_per_floor":[66,66,66,66,66,66,66,66,66,66,66,66,66,66,66,66,66,66,66,66,66,66,66,66,66,66,66,66,66,66,66,66,66],"card_choices":[{"not_picked":["Finisher","Crippling Poison"],"picked":"Bouncing Flask","floor":1.0},{"not_picked":["Sucker Punch","Terror"],"picked":"Catalyst","floor":6.0},{"not_picked":["Quick Slash","Dagger Spray","Dash"],"picked":"SKIP","floor":7.0},{"not_picked":["Deflect","Skewer"],"picked":"Well Laid Plans","floor":12.0},{"not_picked":["Sucker Punch","Quick Slash","Slice"],"picked":"SKIP","floor":13.0},{"not_picked":["Tools of the Trade","Wraith Form v2"],"picked":"Corpse Explosion","floor":16.0},{"not_picked":["Slice","Dodge and Roll"],"picked":"Footwork","floor":18.0},{"not_picked":["Predator","Quick Slash","Dagger Throw"],"picked":"SKIP","floor":20.0},{"not_picked":["Deflect","Dodge and Roll"],"picked":"Backflip","floor":22.0},{"not_picked":["Tactician+1","Predator"],"picked":"Prepared","floor":24.0},{"not_picked":["Cloak And Dagger+1","Underhanded Strike+1"],"picked":"Noxious Fumes","floor":25.0},{"not_picked":["Heel Hook","Backstab","Blade Dance"],"picked":"SKIP","floor":27.0},{"not_picked":["Outmaneuver","Flechettes+1"],"picked":"Noxious Fumes+1","floor":28.0},{"not_picked":["PiercingWail","Bouncing Flask","Endless Agony"],"picked":"SKIP","floor":31.0}],"player_experience":1469910,"relics_obtained":[{"floor":6.0,"key":"PreservedInsect"},{"floor":9.0,"key":"MawBank"},{"floor":21.0,"key":"Red Mask"},{"floor":26.0,"key":"Potion Belt"}],"event_choices":[{"damage_healed":0.0,"max_hp_gain":0.0,"max_hp_loss":0.0,"gold_gain":0.0,"cards_transformed":["Strike_G"],"event_name":"Living Wall","player_choice":"Change","floor":3.0,"gold_loss":0.0,"damage_taken":0.0,"cards_obtained":["Bullet Time"]},{"damage_healed":0.0,"max_hp_gain":0.0,"max_hp_loss":0.0,"gold_gain":150.0,"event_name":"Liars Game","player_choice":"AGREE","floor":4.0,"gold_loss":0.0,"damage_taken":0.0,"cards_obtained":["Doubt"]},{"cards_removed":["Strike_G"],"damage_healed":0.0,"max_hp_gain":0.0,"max_hp_loss":0.0,"gold_gain":0.0,"event_name":"The Cleric","player_choice":"Card Removal","floor":11.0,"gold_loss":75.0,"damage_taken":0.0},{"damage_healed":0.0,"max_hp_gain":0.0,"max_hp_loss":0.0,"gold_gain":0.0,"event_name":"Masked Bandits","player_choice":"Fought Bandits","floor":21.0,"gold_loss":0.0,"damage_taken":0.0},{"damage_healed":0.0,"max_hp_gain":0.0,"max_hp_loss":0.0,"gold_gain":0.0,"event_name":"Duplicator","player_choice":"Copied","floor":30.0,"gold_loss":0.0,"damage_taken":0.0,"cards_obtained":["Footwork"]}],"is_beta":false,"boss_relics":[{"not_picked":["Ring of the Serpent","Lizard Tail"],"picked":"Astrolabe"}],"items_purged_floors":[5,19],"is_endless":false,"potions_floor_spawned":[1,12,13,20,21,24,25,31],"killed_by":"Automaton","ascension_level":20}