{"gold_per_floor":[118,130,55,130,30,30,60,60,60,80,13,13,13,33,33,133,133,148,138,0,0,0,18,18,18,18,18,18,31,57,68,68,169,169,183,183,183,194,207,207,82,82,151,151,31,31,42,57,57,57],"floor_reached":51,"playtime":2459,"items_purged":["Strike_B","Strike_B","Defend_B","Defend_B"],"score":778,"play_id":"5b849e8f-6f20-4e4b-a6b3-8bbb64b5029d","local_time":"20190614155151","is_ascension_mode":false,"campfire_choices":[{"data":"Dualcast","floor":6.0,"key":"SMITH"},{"data":"Zap","floor":8.0,"key":"SMITH"},{"data":"Capacitor","floor":13.0,"key":"SMITH"},{"data":"Rainbow","floor":15.0,"key":"SMITH"},{"data":"Fission","floor":24.0,"key":"SMITH"},{"data":"Redo","floor":28.0,"key":"SMITH"},{"floor":32,"key":"REST"},{"data":"Skim","floor":40,"key":"SMITH"},{"data":"Hologram","floor":42,"key":"SMITH"},{"data":"Capacitor","floor":44,"key":"SMITH"},{"data":"Undo","floor":49,"key":"SMITH"}],"neow_cost":"TEN_PERCENT_HP_LOSS","seed_source_timestamp":17548263451543,"circlet_count":0,"master_deck":["Defend_B","Defend_B","Zap+1","Dualcast+1","Rainbow+1","Hologram+1","Undo+1","Capacitor+1","Capacitor+1","Redo+1","Fission+1","Coolheaded+1","Skim+1","Turbo+1","Double Energy+1","Heatsinks+1","Compile Driver+1","Multi-Cast+1","White Noise+1","Chaos+1"],"special_seed":0,"relics":["Cracked Core","Orichalcum","FossilizedHelix","Runic Pyramid","Toxic Egg 2","Prayer Wheel","Nuclear Battery","The Courier","Bag of Preparation"],"potions_floor_usage":[29,30],"damage_taken":[{"damage":0.0,"enemies":"2 Louse","floor":1.0,"turns":2.0},{"damage":1.0,"enemies":"Small Slimes","floor":2.0,"turns":3.0},{"damage":0.0,"enemies":"Jaw Worm","floor":10.0,"turns":2.0},{"damage":0.0,"enemies":"Red Slaver","floor":14.0,"turns":5.0},{"damage":0.0,"enemies":"Slime Boss","floor":16.0,"turns":9.0},{"damage":0.0,"enemies":"Spheric Guardian","floor":18.0,"turns":7.0},{"damage":3.0,"enemies":"2 Thieves","floor":19.0,"turns":5.0},{"damage":0.0,"enemies":"Cultist and Chosen","floor":23.0,"turns":9.0},{"damage":0,"enemies":"Chosen and Byrds","floor":29,"turns":5},{"damage":51,"enemies":"Slavers","floor":30,"turns":8},{"damage":0,"enemies":"Centurion and Healer","floor":31,"turns":5},{"damage":0,"enemies":"Collector","floor":33,"turns":7},{"damage":0,"enemies":"3 Shapes","floor":35,"turns":4},{"damage":0,"enemies":"3 Darklings","floor":38,"turns":2},{"damage":0,"enemies":"4 Shapes","floor":39,"turns":3},{"damage":0,"enemies":"Jaw Worm Horde","floor":47,"turns":3},{"damage":0,"enemies":"Spire Growth","floor":48,"turns":2},{"damage":11,"enemies":"Time Eater","floor":50,"turns":7}],"seed_played":"-2404700396733262132","potions_obtained":[{"floor":2.0,"key":"Regen Potion"},{"floor":16.0,"key":"Swift Potion"},{"floor":18.0,"key":"Ancient Potion"},{"floor":23.0,"key":"SteroidPotion"},{"floor":30,"key":"SteroidPotion"},{"floor":35,"key":"SpeedPotion"}],"is_trial":false,"path_per_floor":["M","M","$","?","$","R","?","R","T","M","$","$","R","M","R","B",null,"M","M","?","?","?","M","R","$","T","?","R","M","E","M","R","B",null,"M","?","?","M","M","R","$","R","T","R","$","?","M","M","R","B",null],"character_chosen":"DEFECT","items_purchased":["Capacitor"],"campfire_rested":1,"item_purchase_floors":[11],"current_hp_per_floor":[68,67,67,56,56,56,56,56,56,56,56,56,56,56,56,56,68,68,68,68,56,56,56,56,56,56,56,56,56,5,5,26,26,73,73,73,69,69,69,69,69,69,69,69,69,69,69,69,69,58],"gold":57,"neow_bonus":"THREE_RARE_CARDS","is_prod":false,"is_daily":false,"chose_seed":false,"campfire_upgraded":10,"win_rate":0,"timestamp":1560498711,"path_taken":["M","M","$","?","$","R","?","R","T","?","?","$","R","M","R","BOSS","M","M","?","?","?","M","R","$","T","?","R","M","E","M","R","BOSS","M","?","?","M","M","R","$","R","T","R","$","?","M","M","R","BOSS"],"build_version":"2019-01-23","purchased_purges":4,"victory":true,"max_hp_per_floor":[68,68,68,68,68,68,68,68,68,68,68,68,68,68,68,68,68,68,68,68,73,73,73,73,73,73,73,73,73,73,73,73,73,73,73,73,69,69,69,69,69,69,69,69,69,69,69,69,69,69],"card_choices":[{"not_picked":["All For One","Machine Learning"],"picked":"Rainbow","floor":0.0},{"not_picked":["Compile Driver","Beam Cell"],"picked":"Hologram","floor":1.0},{"not_picked":["Go for the Eyes","Beam Cell"],"picked":"Undo","floor":2.0},{"not_picked":["Steam","Blizzard"],"picked":"Capacitor","floor":10.0},{"not_picked":["Coolheaded","Go for the Eyes"],"picked":"Redo","floor":14.0},{"not_picked":["Core Surge","Echo Form"],"picked":"Fission","floor":16.0},{"not_picked":["Hologram+1","Redo"],"picked":"Coolheaded+1","floor":18.0},{"not_picked":["Cold Snap+1","Fusion","Force Field"],"picked":"SKIP","floor":19.0},{"not_picked":["Ball Lightning","Gash+1"],"picked":"Turbo+1","floor":23.0},{"not_picked":["Gash+1","Reinforced Body+1","Cold Snap+1"],"picked":"SKIP","floor":29},{"not_picked":["Stack+1","Capacitor"],"picked":"Double Energy+1","floor":30},{"not_picked":["FTL","Sweeping Beam"],"picked":"Heatsinks+1","floor":31},{"not_picked":["Go for the Eyes","Cold Snap"],"picked":"Compile Driver+1","floor":31},{"not_picked":["Thunder Strike","Fission+1"],"picked":"Multi-Cast+1","floor":33},{"not_picked":["Stack+1","Storm+1"],"picked":"White Noise+1","floor":35},{"not_picked":["Gash","Rebound","Leap+1"],"picked":"SKIP","floor":35},{"not_picked":["Melter+1","Force Field+1","Rebound"],"picked":"SKIP","floor":38},{"not_picked":["Go for the Eyes+1","Turbo+1","Stack+1"],"picked":"SKIP","floor":38},{"not_picked":["Capacitor","Scrape+1"],"picked":"Chaos+1","floor":39},{"not_picked":["Coolheaded+1","Gash+1","Ball Lightning"],"picked":"SKIP","floor":39},{"not_picked":["Aggregate+1","Steam+1","Heatsinks"],"picked":"SKIP","floor":47},{"not_picked":["Sunder","Coolheaded+1","Stack+1"],"picked":"SKIP","floor":47},{"not_picked":["Hello World","Conserve Battery+1","Rebound"],"picked":"SKIP","floor":48},{"not_picked":["Gash","Streamline+1","Barrage"],"picked":"SKIP","floor":48}],"player_experience":5195828,"relics_obtained":[{"floor":9.0,"key":"FossilizedHelix"},{"floor":26.0,"key":"Toxic Egg 2"},{"floor":30,"key":"Prayer Wheel"},{"floor":43,"key":"The Courier"},{"floor":46,"key":"Bag of Preparation"}],"event_choices":[{"damage_healed":0.0,"max_hp_gain":0.0,"max_hp_loss":0.0,"gold_gain":75.0,"event_name":"World of Goop","player_choice":"Gather Gold","floor":4.0,"gold_loss":0.0,"damage_taken":11.0},{"damage_healed":0.0,"max_hp_gain":0.0,"max_hp_loss":0.0,"gold_gain":30.0,"event_name":"Dead Adventurer","player_choice":"Searched \u00272\u0027 times","floor":7.0,"gold_loss":0.0,"damage_taken":0.0,"relics_obtained":["Orichalcum"]},{"damage_healed":0.0,"max_hp_gain":0.0,"max_hp_loss":0.0,"gold_gain":0.0,"event_name":"Masked Bandits","player_choice":"Paid Fearfully","floor":20.0,"gold_loss":138.0,"damage_taken":0.0},{"damage_healed":0.0,"max_hp_gain":5.0,"max_hp_loss":0.0,"gold_gain":0.0,"event_name":"Forgotten Altar","player_choice":"Shed Blood","floor":21.0,"gold_loss":0.0,"damage_taken":17.0},{"damage_healed":0.0,"max_hp_gain":0.0,"max_hp_loss":0.0,"gold_gain":0.0,"event_name":"The Library","player_choice":"Read","floor":22.0,"gold_loss":0.0,"damage_taken":0.0,"cards_obtained":["Skim"]},{"cards_removed":["Strike_B"],"damage_healed":0.0,"max_hp_gain":0.0,"max_hp_loss":0.0,"gold_gain":0.0,"event_name":"Back to Basics","player_choice":"Elegance","floor":27.0,"gold_loss":0.0,"damage_taken":0.0},{"cards_removed":["Strike_B"],"damage_healed":0,"gold_gain":0,"player_choice":"Removed Attack","damage_taken":0,"max_hp_gain":0,"max_hp_loss":0,"event_name":"Falling","floor":36,"gold_loss":0},{"damage_healed":0,"gold_gain":0,"player_choice":"Max HP","damage_taken":0,"max_hp_gain":0,"max_hp_loss":4,"event_name":"Winding Halls","floor":37,"gold_loss":0},{"damage_healed":0,"gold_gain":0,"player_choice":"Relic","damage_taken":0,"max_hp_gain":0,"max_hp_loss":0,"event_name":"Wheel of Change","floor":46,"gold_loss":0}],"is_beta":false,"boss_relics":[{"not_picked":["Ectoplasm","Cursed Key"],"picked":"Runic Pyramid"},{"not_picked":["Tiny House","Eternal Feather"],"picked":"Nuclear Battery"}],"items_purged_floors":[3,5,41,45],"is_endless":false,"potions_floor_spawned":[2,16,18,23,30,35,39],"ascension_level":0}