{"gold_per_floor":[113,113,129,17,17,42,55,72,146,176,176,176,39,62,62,62],"floor_reached":16,"playtime":429,"items_purged":["Strike_G","Strike_G"],"score":270,"play_id":"da80e66c-7e53-49a9-b107-6b2226119293","local_time":"20181122221351","is_ascension_mode":true,"campfire_choices":[{"data":"Neutralize","floor":11,"key":"SMITH"},{"data":"Glass Knife","floor":15,"key":"SMITH"}],"neow_cost":"NONE","seed_source_timestamp":3262162183771,"circlet_count":0,"master_deck":["AscendersBane","Defend_G","Defend_G","Defend_G","Defend_G+1","Defend_G","Strike_G","Strike_G","Survivor","Neutralize+1","Acrobatics+1","Heel Hook","Footwork","Glass Knife+1","Heel Hook+1","Well Laid Plans"],"relics":["Ring of the Snake","NeowsBlessing","Prayer Wheel","Molten Egg 2","War Paint","Golden Idol"],"potions_floor_usage":[10,10,10,10],"damage_taken":[{"damage":0,"enemies":"Jaw Worm","floor":1,"turns":1},{"damage":0,"enemies":"Cultist","floor":3,"turns":1},{"damage":0,"enemies":"Lagavulin","floor":6,"turns":1},{"damage":0,"enemies":"Small Slimes","floor":7,"turns":5},{"damage":1,"enemies":"Red Slaver","floor":8,"turns":8},{"damage":9,"enemies":"Gremlin Nob","floor":10,"turns":4},{"damage":17,"enemies":"Large Slime","floor":14,"turns":9},{"damage":52,"enemies":"Slime Boss","floor":16,"turns":9}],"seed_played":"3085023434568029372","potions_obtained":[{"floor":3,"key":"EntropicBrew"},{"floor":7,"key":"FairyPotion"},{"floor":8,"key":"SteroidPotion"}],"is_trial":false,"path_per_floor":["M","?","M","$","?","E","M","M","T","E","R","?","$","M","R","B"],"character_chosen":"THE_SILENT","items_purchased":["Heel Hook","Heel Hook+1"],"campfire_rested":0,"item_purchase_floors":[4,13],"current_hp_per_floor":[59,59,59,59,66,66,66,65,65,56,56,56,56,39,39,0],"gold":62,"neow_bonus":"THREE_ENEMY_KILL","is_prod":false,"is_daily":false,"chose_seed":false,"campfire_upgraded":2,"win_rate":0,"timestamp":1542896031,"path_taken":["M","?","?","$","?","E","?","M","T","E","R","?","$","M","R","BOSS"],"build_version":"2018-11-15","purchased_purges":2,"victory":false,"max_hp_per_floor":[66,66,66,66,66,66,66,66,66,66,66,60,60,60,60,60],"card_choices":[{"not_picked":["Slice","Underhanded Strike","Sucker Punch"],"picked":"SKIP","floor":1},{"not_picked":["PiercingWail","Slice"],"picked":"Acrobatics","floor":3},{"not_picked":["Bouncing Flask","Blade Dance","Finisher"],"picked":"SKIP","floor":6},{"not_picked":["Slice","Outmaneuver"],"picked":"Footwork","floor":7},{"not_picked":["Outmaneuver","Backstab","Endless Agony"],"picked":"SKIP","floor":7},{"not_picked":["Crippling Poison","Catalyst"],"picked":"Glass Knife","floor":8},{"not_picked":["Acrobatics","Accuracy","Quick Slash"],"picked":"SKIP","floor":8},{"not_picked":["Deadly Poison","Dagger Spray+1","Leg Sweep"],"picked":"SKIP","floor":10},{"not_picked":["Sucker Punch+1","Bane+1"],"picked":"Well Laid Plans","floor":14},{"not_picked":["Flying Knee+1","Slice+1","Deadly Poison"],"picked":"SKIP","floor":14}],"player_experience":1140339,"relics_obtained":[{"floor":6,"key":"Prayer Wheel"},{"floor":9,"key":"Molten Egg 2"},{"floor":10,"key":"War Paint"}],"event_choices":[{"cards_removed":["Strike_G"],"damage_healed":0,"gold_gain":0,"player_choice":"Offered Basic","damage_taken":0,"max_hp_gain":0,"max_hp_loss":0,"event_name":"Bonfire Elementals","floor":2,"gold_loss":0},{"damage_healed":7,"gold_gain":0,"player_choice":"Full Heal","damage_taken":0,"max_hp_gain":0,"max_hp_loss":0,"event_name":"Wheel of Change","floor":5,"gold_loss":0},{"damage_healed":0,"gold_gain":0,"player_choice":"Lose Max HP","damage_taken":0,"relics_obtained":["Golden Idol"],"max_hp_gain":0,"max_hp_loss":6,"event_name":"Golden Idol","floor":12,"gold_loss":0}],"is_beta":true,"boss_relics":[],"items_purged_floors":[4,13],"is_endless":false,"potions_floor_spawned":[3,7,8],"killed_by":"Slime Boss","ascension_level":20}