{"gold_per_floor":[212,226,226,240,315,315,156,166,220,250,250,250],"floor_reached":12,"playtime":359,"items_purged":["Strike_G"],"score":137,"play_id":"033a5f72-5fe7-4ec8-bfa0-0fcfa7f26420","local_time":"20190214225522","is_ascension_mode":true,"campfire_choices":[{"data":"Neutralize","floor":6,"key":"SMITH"},{"data":"Terror","floor":11,"key":"SMITH"}],"neow_cost":"NONE","seed_source_timestamp":186538310917271,"circlet_count":0,"master_deck":["AscendersBane","Defend_G","Defend_G","Defend_G","Defend_G","Defend_G","Strike_G","Strike_G","Strike_G","Strike_G","Survivor","Neutralize+1","Dash","Footwork","Pain","Backflip","Calculated Gamble","Deadly Poison","Terror+1"],"relics":["Ring of the Snake","WarpedTongs","Tiny Chest","Happy Flower"],"potions_floor_usage":[10,12],"damage_taken":[{"damage":11,"enemies":"Small Slimes","floor":1,"turns":7},{"damage":0,"enemies":"Cultist","floor":2,"turns":5},{"damage":4,"enemies":"Jaw Worm","floor":4,"turns":4},{"damage":5,"enemies":"Blue Slaver","floor":8,"turns":5},{"damage":26,"enemies":"3 Sentries","floor":10,"turns":14},{"damage":20,"enemies":"Gremlin Nob","floor":12,"turns":2}],"seed_played":"5676571607978444703","potions_obtained":[{"floor":4,"key":"Regen Potion"},{"floor":10,"key":"FearPotion"}],"is_trial":false,"path_per_floor":["M","M","?","M","?","R","$","M","T","E","R","E"],"character_chosen":"THE_SILENT","items_purchased":["Calculated Gamble","Deadly Poison"],"campfire_rested":0,"item_purchase_floors":[7,7],"current_hp_per_floor":[48,48,48,44,33,33,33,28,28,17,17,0],"gold":250,"neow_bonus":"HUNDRED_GOLD","is_prod":false,"is_daily":false,"chose_seed":false,"campfire_upgraded":2,"win_rate":0,"timestamp":1550156122,"path_taken":["M","M","?","?","?","R","$","M","T","E","R","E"],"build_version":"2019-01-23","purchased_purges":1,"victory":false,"max_hp_per_floor":[66,66,66,66,66,66,66,66,66,66,66,66],"card_choices":[{"not_picked":["Dagger Spray","Distraction"],"picked":"Dash","floor":1},{"not_picked":["Heel Hook","Deadly Poison"],"picked":"Footwork","floor":2},{"not_picked":["Acrobatics","PiercingWail"],"picked":"Backflip","floor":4},{"not_picked":["Underhanded Strike","Poisoned Stab"],"picked":"Terror","floor":8},{"not_picked":["Outmaneuver","Envenom","Finisher"],"picked":"SKIP","floor":10}],"player_experience":754527,"relics_obtained":[{"floor":9,"key":"Tiny Chest"},{"floor":10,"key":"Happy Flower"}],"event_choices":[{"damage_healed":0,"gold_gain":0,"player_choice":"Rummage","damage_taken":0,"relics_obtained":["WarpedTongs"],"max_hp_gain":0,"max_hp_loss":0,"event_name":"Accursed Blacksmith","floor":3,"gold_loss":0,"cards_obtained":["Pain"]},{"damage_healed":0,"gold_gain":75,"player_choice":"Gather Gold","damage_taken":11,"max_hp_gain":0,"max_hp_loss":0,"event_name":"World of Goop","floor":5,"gold_loss":0}],"is_beta":false,"boss_relics":[],"items_purged_floors":[7],"is_endless":false,"potions_floor_spawned":[4,10],"killed_by":"Gremlin Nob","ascension_level":15}