{"gold_per_floor":[113,123,48,48,68,68,96,96,96,114,133,133,165,182,182,254,254,264,264,281,281,181,216,216,227,227,227,244,244,244,119,119,191,191,201,201,201,201,201,232,232,246,314,328,328,346,346,346,346,346,346,346,346,2,28,28],"floor_reached":57,"playtime":2234,"items_purged":["Strike_B","Strike_B","Defend_B","Zap"],"score":2816,"play_id":"9d6322c4-f72e-4dfa-b673-9edd56fbbd2c","local_time":"20190423010047","is_ascension_mode":true,"campfire_choices":[{"data":"Defragment","floor":8.0,"key":"SMITH"},{"data":"Dualcast","floor":12.0,"key":"SMITH"},{"data":"Coolheaded","floor":15.0,"key":"SMITH"},{"data":"Turbo","floor":24.0,"key":"SMITH"},{"data":"Heatsinks","floor":27.0,"key":"SMITH"},{"data":"Multi-Cast","floor":30.0,"key":"SMITH"},{"data":"Double Energy","floor":32.0,"key":"SMITH"},{"floor":41.0,"key":"RECALL"},{"data":"Rainbow","floor":49.0,"key":"SMITH"},{"data":"Turbo","floor":53.0,"key":"SMITH"}],"neow_cost":"NONE","seed_source_timestamp":29405844726371,"circlet_count":0,"master_deck":["AscendersBane","Dualcast+1","Defragment+1","Coolheaded+1","White Noise","Electrodynamics","Reinforced Body","Glacier","Heatsinks+1","Turbo+1","Buffer","Double Energy+1","Force Field","Rainbow+1","Multi-Cast+1","Turbo+1","Biased Cognition","Defragment+1","Conserve Battery+1","Coolheaded+1","AscendersBane","Capacitor"],"special_seed":0,"relics":["Cracked Core","NeowsBlessing","Ornamental Fan","Potion Belt","Art of War","DataDisk","Runic Pyramid","Strawberry","Calipers","Symbiotic Virus","Astrolabe","Oddly Smooth Stone","Bronze Scales"],"potions_floor_usage":[56,56,56,56,56,56,56,56,56,56,56,56,56,56,56],"damage_taken":[{"damage":0.0,"enemies":"Small Slimes","floor":1.0,"turns":1.0},{"damage":0.0,"enemies":"2 Louse","floor":2.0,"turns":1.0},{"damage":0.0,"enemies":"Jaw Worm","floor":5.0,"turns":1.0},{"damage":40.0,"enemies":"Gremlin Nob","floor":7.0,"turns":4.0},{"damage":0.0,"enemies":"Large Slime","floor":10.0,"turns":3.0},{"damage":3.0,"enemies":"Blue Slaver","floor":11.0,"turns":4.0},{"damage":0.0,"enemies":"Lagavulin","floor":13.0,"turns":8.0},{"damage":2.0,"enemies":"Exordium Wildlife","floor":14.0,"turns":4.0},{"damage":1.0,"enemies":"Slime Boss","floor":16.0,"turns":6.0},{"damage":0.0,"enemies":"Spheric Guardian","floor":18.0,"turns":4.0},{"damage":0.0,"enemies":"Chosen","floor":20.0,"turns":5.0},{"damage":0.0,"enemies":"Gremlin Leader","floor":23.0,"turns":8.0},{"damage":14.0,"enemies":"Snake Plant","floor":25.0,"turns":3.0},{"damage":0.0,"enemies":"Sentry and Sphere","floor":28.0,"turns":3.0},{"damage":0.0,"enemies":"Automaton","floor":33.0,"turns":3.0},{"damage":0.0,"enemies":"Orb Walker","floor":35.0,"turns":3.0},{"damage":1.0,"enemies":"Reptomancer","floor":40.0,"turns":4.0},{"damage":0.0,"enemies":"3 Darklings","floor":42.0,"turns":2.0},{"damage":0.0,"enemies":"Sphere and 2 Shapes","floor":44.0,"turns":4.0},{"damage":0.0,"enemies":"Transient","floor":46.0,"turns":6.0},{"damage":20.0,"enemies":"Awakened One","floor":50.0,"turns":10.0},{"damage":12.0,"enemies":"Donu and Deca","floor":51.0,"turns":3.0},{"damage":0.0,"enemies":"Shield and Spear","floor":55.0,"turns":3.0},{"damage":12,"enemies":"The Heart","floor":56,"turns":8}],"seed_played":"59731970027270469","potions_obtained":[{"floor":2.0,"key":"Energy Potion"},{"floor":10.0,"key":"Ancient Potion"},{"floor":11.0,"key":"Strength Potion"},{"floor":16.0,"key":"FearPotion"},{"floor":18.0,"key":"Poison Potion"},{"floor":25.0,"key":"Energy Potion"},{"floor":44.0,"key":"SkillPotion"},{"floor":46.0,"key":"Swift Potion"}],"is_trial":false,"path_per_floor":["M","M","$","?","M","?","E","R","T","M","M","R","E","M","R","B",null,"M","?","M","?","$","E","R","M","T","R","M","T","R","$","R","B",null,"M","?","?","?","?","E","R","M","T","M","$","M","?","$","R","B","B",null,"R","$","E","B",null],"character_chosen":"DEFECT","items_purchased":["Capacitor","EntropicBrew"],"campfire_rested":0,"item_purchase_floors":[54,54],"current_hp_per_floor":[64,64,64,64,64,53,13,13,13,13,10,10,10,8,8,7,55,55,55,55,55,55,62,62,48,48,48,48,48,48,48,48,48,71,71,71,71,71,71,70,70,70,70,70,70,70,70,70,70,50,38,65,65,65,65,68],"gold":28,"neow_bonus":"THREE_ENEMY_KILL","is_prod":false,"is_daily":false,"chose_seed":false,"campfire_upgraded":9,"win_rate":0,"timestamp":1555952447,"path_taken":["M","M","$","?","M","?","E","R","T","M","M","R","E","?","R","BOSS","M","?","M","?","?","E","R","M","T","R","M","?","R","$","R","BOSS","M","?","?","?","?","E","R","M","T","?","?","M","?","$","R","BOSS","BOSS","R","$","E","BOSS"],"build_version":"2019-01-23","purchased_purges":4,"victory":true,"max_hp_per_floor":[71,71,71,71,71,71,71,71,71,71,71,71,71,71,71,71,71,71,71,71,71,71,78,78,78,78,78,78,78,78,78,78,78,78,78,78,78,78,78,78,78,78,78,78,78,78,74,74,74,74,74,74,74,74,74,74],"card_choices":[{"not_picked":["Compile Driver","Blizzard"],"picked":"Defragment","floor":1.0},{"not_picked":["Steam Power","Rebound"],"picked":"Coolheaded","floor":2.0},{"not_picked":["Stack","Barrage"],"picked":"White Noise","floor":5.0},{"not_picked":["Turbo","Sweeping Beam"],"picked":"Electrodynamics","floor":7.0},{"not_picked":["Steam","Scrape"],"picked":"Reinforced Body","floor":10.0},{"not_picked":["Skim","Sweeping Beam"],"picked":"Glacier","floor":11.0},{"not_picked":["Self Repair","Multi-Cast"],"picked":"Heatsinks","floor":13.0},{"not_picked":["Beam Cell","Cold Snap"],"picked":"Turbo","floor":14.0},{"not_picked":["Rainbow","Amplify"],"picked":"Buffer","floor":16.0},{"not_picked":["Gash","Doom and Gloom"],"picked":"Double Energy","floor":18.0},{"not_picked":["Doom and Gloom+1","Auto Shields","Leap"],"picked":"SKIP","floor":20.0},{"not_picked":["Steam","Turbo"],"picked":"Multi-Cast","floor":23.0},{"not_picked":["Doom and Gloom","Barrage"],"picked":"Turbo","floor":25.0},{"not_picked":["Coolheaded","Auto Shields","Force Field"],"picked":"SKIP","floor":28.0},{"not_picked":["Buffer","Amplify"],"picked":"Biased Cognition","floor":33.0},{"not_picked":["Conserve Battery","Barrage+1"],"picked":"Coolheaded+1","floor":35.0},{"not_picked":["Consume+1","Barrage+1","Steam+1"],"picked":"SKIP","floor":40.0},{"not_picked":["Steam","Turbo","Coolheaded"],"picked":"SKIP","floor":42.0},{"not_picked":["Sweeping Beam+1","FTL","Tempest"],"picked":"SKIP","floor":44.0},{"not_picked":["Cold Snap","Static Discharge","Streamline"],"picked":"SKIP","floor":46.0},{"not_picked":["Thunder Strike","Coolheaded","Cold Snap"],"picked":"SKIP","floor":55.0}],"player_experience":4439578,"relics_obtained":[{"floor":7.0,"key":"Potion Belt"},{"floor":9.0,"key":"Art of War"},{"floor":13.0,"key":"DataDisk"},{"floor":23.0,"key":"Strawberry"},{"floor":26.0,"key":"Calipers"},{"floor":29.0,"key":"Symbiotic Virus"},{"floor":40.0,"key":"Oddly Smooth Stone"},{"floor":55.0,"key":"Bronze Scales"}],"event_choices":[{"damage_healed":0.0,"max_hp_gain":0.0,"max_hp_loss":0.0,"gold_gain":0.0,"event_name":"Liars Game","player_choice":"Ignored","floor":4.0,"gold_loss":0.0,"damage_taken":0.0},{"damage_healed":0.0,"max_hp_gain":0.0,"max_hp_loss":0.0,"gold_gain":0.0,"event_name":"Scrap Ooze","player_choice":"Success","floor":6.0,"gold_loss":0.0,"damage_taken":11.0,"relics_obtained":["Ornamental Fan"]},{"damage_healed":0.0,"max_hp_gain":0.0,"max_hp_loss":0.0,"gold_gain":0.0,"cards_transformed":["Strike_B","Strike_B"],"event_name":"Drug Dealer","player_choice":"Became Test Subject","floor":19.0,"gold_loss":0.0,"damage_taken":0.0,"cards_obtained":["Force Field","Rainbow"]},{"damage_healed":0.0,"max_hp_gain":0.0,"max_hp_loss":0.0,"gold_gain":0.0,"event_name":"The Mausoleum","player_choice":"Ignored","floor":21.0,"gold_loss":0.0,"damage_taken":0.0},{"cards_removed":["FTL"],"damage_healed":0.0,"max_hp_gain":0.0,"max_hp_loss":0.0,"gold_gain":0.0,"event_name":"Falling","player_choice":"Removed Attack","floor":36.0,"gold_loss":0.0,"damage_taken":0.0},{"damage_healed":0.0,"max_hp_gain":0.0,"max_hp_loss":0.0,"gold_gain":0.0,"event_name":"SensoryStone","player_choice":"Memory 1","floor":37.0,"gold_loss":0.0,"damage_taken":0.0},{"damage_healed":0.0,"max_hp_gain":0.0,"max_hp_loss":0.0,"gold_gain":0.0,"event_name":"Tomb of Lord Red Mask","player_choice":"Ignored","floor":38.0,"gold_loss":0.0,"damage_taken":0.0},{"damage_healed":0.0,"max_hp_gain":0.0,"max_hp_loss":0.0,"gold_gain":0.0,"event_name":"Duplicator","player_choice":"Copied","floor":39.0,"gold_loss":0.0,"damage_taken":0.0,"cards_obtained":["AscendersBane"]},{"damage_healed":0.0,"max_hp_gain":0.0,"max_hp_loss":4.0,"gold_gain":0.0,"event_name":"Winding Halls","player_choice":"Max HP","floor":47.0,"gold_loss":0.0,"damage_taken":0.0}],"is_beta":false,"boss_relics":[{"not_picked":["Black Star","Inserter"],"picked":"Runic Pyramid"},{"not_picked":["Cursed Key","Philosopher\u0027s Stone"],"picked":"Astrolabe"}],"items_purged_floors":[3,22,31,54],"is_endless":false,"potions_floor_spawned":[2,10,11,16,18,25,28,44,46],"ascension_level":20}