{"gold_per_floor":[112,112,37,53,53,53,53,77,142,156,166,126,126,26,26,26],"floor_reached":16,"playtime":283,"items_purged":["Strike_G"],"score":277,"play_id":"5697c445-2b3f-4bfc-9197-dbed00b0e1d5","local_time":"20190130161631","is_ascension_mode":true,"campfire_choices":[{"data":"Reflex","floor":6,"key":"SMITH"},{"data":"Acrobatics","floor":13,"key":"SMITH"},{"data":"Neutralize","floor":15,"key":"SMITH"}],"neow_cost":"NONE","seed_source_timestamp":16735334383127,"circlet_count":0,"master_deck":["AscendersBane","Defend_G","Defend_G+1","Defend_G","Defend_G","Defend_G","Strike_G+1","Strike_G","Survivor","Neutralize+1","Reflex+1","Infinite Blades","Acrobatics+1"],"special_seed":0,"relics":["Ring of the Snake","AscMod:CursedFlame","AscMod:MegaStarOfAscension","AscMod:CursedBank","NeowsBlessing","Orichalcum","Gremlin Horn"],"potions_floor_usage":[],"damage_taken":[{"damage":0.0,"enemies":"Small Slimes","floor":1.0,"turns":1.0},{"damage":0,"enemies":"2 Louse","floor":4,"turns":1},{"damage":0,"enemies":"3 Sentries","floor":8,"turns":2},{"damage":0,"enemies":"Jaw Worm","floor":10,"turns":7},{"damage":3,"enemies":"Red Slaver","floor":11,"turns":6},{"damage":3,"enemies":"Looter","floor":12,"turns":4},{"damage":0,"enemies":"Hexaghost","floor":16,"turns":1}],"seed_played":"-5506654899480237642","potions_obtained":[{"floor":1.0,"key":"PowerPotion"},{"floor":10,"key":"SteroidPotion"}],"is_trial":false,"path_per_floor":["M","?","?","M","?","R","$","E","T","M","M","M","R","$","R","B"],"character_chosen":"THE_SILENT","items_purchased":[],"campfire_rested":0,"item_purchase_floors":[],"current_hp_per_floor":[59,59,59,59,39,39,39,39,39,39,36,33,33,33,33,33],"gold":26,"neow_bonus":"THREE_ENEMY_KILL","is_prod":false,"is_daily":false,"chose_seed":false,"campfire_upgraded":3,"win_rate":0,"timestamp":1548836191,"path_taken":["M","?","?","M","?","R","$","E","T","M","?","M","R","?","R","BOSS"],"build_version":"2019-01-23","purchased_purges":1,"victory":false,"max_hp_per_floor":[66,66,66,66,66,66,66,66,66,66,66,66,66,66,66,66],"card_choices":[{"not_picked":["Cloak And Dagger","Distraction"],"picked":"Reflex","floor":1.0},{"not_picked":["Dagger Throw","Finisher","Underhanded Strike"],"picked":"SKIP","floor":4},{"not_picked":["Dagger Spray","Finisher","Endless Agony"],"picked":"SKIP","floor":8},{"not_picked":["Dagger Spray","Setup"],"picked":"Infinite Blades","floor":10},{"not_picked":["Dash","Predator","Choke"],"picked":"SKIP","floor":11},{"not_picked":["Flying Knee","Deflect"],"picked":"Acrobatics","floor":12}],"player_experience":2407901,"relics_obtained":[{"floor":8,"key":"Orichalcum"},{"floor":9,"key":"Gremlin Horn"}],"event_choices":[{"cards_removed":["Strike_G"],"damage_healed":0,"gold_gain":0,"player_choice":"Forget","damage_taken":0,"max_hp_gain":0,"max_hp_loss":0,"event_name":"Living Wall","floor":2,"gold_loss":0},{"cards_removed":["Strike_G"],"damage_healed":0,"gold_gain":0,"player_choice":"Card Removal","damage_taken":0,"max_hp_gain":0,"max_hp_loss":0,"event_name":"The Cleric","floor":3,"gold_loss":75},{"damage_healed":0,"gold_gain":0,"player_choice":"Entered Light","damage_taken":20,"max_hp_gain":0,"max_hp_loss":0,"event_name":"Shining Light","floor":5,"gold_loss":0,"cards_upgraded":["Defend_G","Strike_G"]}],"is_beta":false,"boss_relics":[],"items_purged_floors":[14],"is_endless":false,"potions_floor_spawned":[1,10],"killed_by":"Hexaghost","ascension_level":25}