{"gold_per_floor":[115,115,40,40,40,40,53,80,80,80,80,4,4,24,24,24],"floor_reached":16,"playtime":158,"items_purged":["Strike_G"],"score":242,"play_id":"1cc5c6dd-5d12-42b8-b4e0-0c6c72ca9a2f","local_time":"20190127154207","is_ascension_mode":true,"campfire_choices":[{"data":"Neutralize","floor":6,"key":"SMITH"},{"data":"Acrobatics","floor":10,"key":"SMITH"},{"data":"Flechettes","floor":15,"key":"SMITH"}],"neow_cost":"NONE","seed_source_timestamp":8094720725865,"circlet_count":0,"master_deck":["AscendersBane","Defend_G","Defend_G","Defend_G","Defend_G+1","Strike_G+1","Strike_G","Strike_G","Strike_G","Survivor","Neutralize+1","Acrobatics+1","Flechettes+1","Night Terror"],"relics":["Ring of the Snake","NeowsBlessing","PreservedInsect","Gambling Chip"],"potions_floor_usage":[2],"damage_taken":[{"damage":0,"enemies":"Small Slimes","floor":1,"turns":1},{"damage":0,"enemies":"Cultist","floor":7,"turns":1},{"damage":0,"enemies":"3 Sentries","floor":8,"turns":1},{"damage":0,"enemies":"2 Louse","floor":14,"turns":2},{"damage":0,"enemies":"Slime Boss","floor":16,"turns":1}],"seed_played":"6212010565494281643","potions_obtained":[{"floor":2,"key":"SkillPotion"},{"floor":2,"key":"Fruit Juice"},{"floor":8,"key":"Block Potion"}],"is_trial":false,"path_per_floor":["M","?","$","?","$","R","M","E","T","R","?","$","?","M","R","B"],"character_chosen":"THE_SILENT","items_purchased":["Flechettes"],"campfire_rested":0,"item_purchase_floors":[12],"current_hp_per_floor":[59,64,64,57,57,57,57,57,57,57,36,36,36,36,36,36],"gold":24,"neow_bonus":"THREE_ENEMY_KILL","is_prod":false,"is_daily":false,"chose_seed":false,"campfire_upgraded":3,"win_rate":0,"timestamp":1548574927,"path_taken":["M","?","?","?","$","R","M","E","T","R","?","$","?","?","R","BOSS"],"build_version":"2019-01-23","purchased_purges":1,"victory":false,"max_hp_per_floor":[66,71,71,71,71,71,71,71,71,71,71,71,71,71,71,71],"card_choices":[{"not_picked":["Slice","PiercingWail"],"picked":"Acrobatics","floor":1},{"not_picked":["Prepared","Backstab","Setup"],"picked":"SKIP","floor":7},{"not_picked":["Dagger Throw","Outmaneuver","Setup"],"picked":"SKIP","floor":8},{"not_picked":["Deflect","Blur","Dodge and Roll"],"picked":"SKIP","floor":14}],"player_experience":2321085,"relics_obtained":[{"floor":8,"key":"PreservedInsect"},{"floor":9,"key":"Gambling Chip"}],"event_choices":[{"damage_healed":0,"gold_gain":0,"player_choice":"Got Potions","damage_taken":0,"max_hp_gain":0,"max_hp_loss":0,"event_name":"Lab","floor":2,"gold_loss":0},{"cards_removed":["Defend_G"],"damage_healed":0,"gold_gain":0,"player_choice":"Card Removal","damage_taken":7,"max_hp_gain":0,"max_hp_loss":0,"event_name":"Golden Wing","floor":4,"gold_loss":0},{"damage_healed":0,"gold_gain":0,"player_choice":"Entered Light","damage_taken":21,"max_hp_gain":0,"max_hp_loss":0,"event_name":"Shining Light","floor":11,"gold_loss":0,"cards_upgraded":["Defend_G","Strike_G"]},{"damage_healed":0,"gold_gain":0,"player_choice":"1 cards matched","damage_taken":0,"max_hp_gain":0,"max_hp_loss":0,"event_name":"Match and Keep!","floor":13,"gold_loss":0,"cards_obtained":["Night Terror"]}],"is_beta":false,"boss_relics":[],"items_purged_floors":[3],"is_endless":false,"potions_floor_spawned":[8],"killed_by":"Slime Boss","ascension_level":20}