{"path_per_floor":["M","M","$","M","M","R","E","$","T","R","?","M","M","M","R","B",null,"M","?","M","?","M"],"character_chosen":"DEFECT","items_purchased":["Defragment"],"gold_per_floor":[110,122,51,71,86,86,121,46,126,126,89,107,122,134,134,231,231,247,397,414,440,451,451],"floor_reached":23,"campfire_rested":1,"playtime":1147,"item_purchase_floors":[3],"current_hp_per_floor":[75,74,74,73,58,58,46,46,46,46,46,44,44,44,66,66,75,69,69,47,35,30,0],"items_purged":["Defend_B"],"gold":451,"score":245,"play_id":"3e09a4b4-e380-4e3c-8cba-875c93681cfa","local_time":"20180608005017","is_prod":false,"is_daily":false,"chose_seed":false,"is_ascension_mode":false,"campfire_upgraded":2,"win_rate":0.0,"timestamp":1528444217,"campfire_choices":[{"data":"Chill","floor":6,"key":"SMITH"},{"data":"Zap","floor":10,"key":"SMITH"},{"floor":15,"key":"REST"}],"path_taken":["M","M","$","M","M","R","E","?","T","R","?","?","M","M","R","BOSS","M","?","?","?","M","E"],"build_version":"2018-06-07","seed_source_timestamp":1384188219174382,"purchased_purges":1,"victory":false,"master_deck":["Strike_B","Strike_B","Strike_B","Strike_B","Defend_B","Defend_B","Defend_B","Zap+1","Dualcast","Biased Cognition","Chill+1","Leap","Defragment","Sweeping Beam","Cold Snap","Genetic Algorithm","Loop","Beam Cell","Loop","Fission","Beam Cell+1","Redo+1"],"max_hp_per_floor":[75,75,75,75,75,75,75,75,75,75,75,75,75,75,75,75,75,75,75,75,75,75,75],"relics":["Cracked Core","Mummified Hand","Tiny Chest","Inserter","Red Mask"],"card_choices":[{"not_picked":["Leap","Stack"],"picked":"Chill","floor":1},{"not_picked":["Auto Shields","Stack"],"picked":"Leap","floor":2},{"not_picked":["Cold Snap","Conserve Battery"],"picked":"Sweeping Beam","floor":4},{"not_picked":["Hologram","Sweeping Beam"],"picked":"Cold Snap","floor":5},{"not_picked":["Aggregate","Reprogram"],"picked":"Genetic Algorithm","floor":7},{"not_picked":["BootSequence","Stack"],"picked":"Loop","floor":12},{"not_picked":["Hologram","Conserve Battery"],"picked":"Beam Cell","floor":13},{"not_picked":["Buffer","Cold Snap"],"picked":"Loop","floor":14},{"not_picked":["Buffer","Creative AI"],"picked":"Fission","floor":16},{"not_picked":["Doom and Gloom","Hologram"],"picked":"Beam Cell+1","floor":18},{"not_picked":["Reprogram+1","Fusion"],"picked":"Redo+1","floor":20},{"not_picked":["Hologram","Reprogram","Stack"],"picked":"SKIP","floor":22}],"player_experience":144819,"potions_floor_usage":[7,16,16,21,21,23],"damage_taken":[{"damage":0,"enemies":"Cultist","floor":1,"turns":2},{"damage":1,"enemies":"2 Louse","floor":2,"turns":2},{"damage":1,"enemies":"Jaw Worm","floor":4,"turns":4},{"damage":15,"enemies":"Lots of Slimes","floor":5,"turns":3},{"damage":12,"enemies":"Gremlin Nob","floor":7,"turns":4},{"damage":2,"enemies":"Exordium Wildlife","floor":12,"turns":5},{"damage":0,"enemies":"2 Fungi Beasts","floor":13,"turns":3},{"damage":0,"enemies":"Large Slime","floor":14,"turns":5},{"damage":0,"enemies":"Slime Boss","floor":16,"turns":8},{"damage":6,"enemies":"Shell Parasite","floor":18,"turns":5},{"damage":22,"enemies":"3 Byrds","floor":20,"turns":5},{"damage":12,"floor":21,"turns":6},{"damage":5,"enemies":"Snecko","floor":22,"turns":5},{"damage":31,"enemies":"Book of Stabbing","floor":23,"turns":5}],"relics_obtained":[{"floor":7,"key":"Mummified Hand"},{"floor":9,"key":"Tiny Chest"},{"floor":21,"key":"Red Mask"}],"event_choices":[{"event_name":"World of Goop","player_choice":"Left","floor":11,"damage_taken":0},{"event_name":"Nest","player_choice":"Stole From Cult","floor":19,"damage_taken":0},{"event_name":"Masked Bandits","player_choice":"Fought over 414 gold","floor":21,"damage_taken":0}],"boss_relics":[{"not_picked":["Velvet Choker","Sozu"],"picked":"Inserter"}],"items_purged_floors":[8],"potions_floor_spawned":[1,5,13,14,16,20,22],"seed_played":"-7266947102604939805","killed_by":"Book of Stabbing","ascension_level":0,"potions_obtained":[{"floor":1,"key":"AttackPotion"},{"floor":5,"key":"SpeedPotion"},{"floor":13,"key":"Fire Potion"},{"floor":14,"key":"EssenceOfSteel"},{"floor":16,"key":"Energy Potion"},{"floor":20,"key":"Fire Potion"},{"floor":22,"key":"EssenceOfSteel"}],"is_trial":false}