{"gold_per_floor":[217,217,227,16,16,16,51,105,105,50,50,86,86,124,124,124],"floor_reached":16,"playtime":416,"items_purged":[],"score":200,"play_id":"d6441581-be89-4a67-9e56-eea3c4716bb7","local_time":"20181117164234","is_ascension_mode":true,"campfire_choices":[{"data":"HandOfGreed","floor":6.0,"key":"SMITH"},{"data":"Zap","floor":11,"key":"SMITH"},{"floor":13,"key":"REST"},{"data":"Melter","floor":15,"key":"SMITH"}],"neow_cost":"NONE","seed_source_timestamp":247613672687265,"circlet_count":0,"master_deck":["AscendersBane","Strike_B","Strike_B","Strike_B","Defend_B","Defend_B","Defend_B","Defend_B","Zap+1","Dualcast","Melter+1","Compile Driver","HandOfGreed+1","Conserve Battery","Genetic Algorithm","Steam"],"special_seed":0,"relics":["Cracked Core","Unceasing Top","FossilizedHelix"],"potions_floor_usage":[12],"damage_taken":[{"damage":11.0,"enemies":"Small Slimes","floor":1.0,"turns":4.0},{"damage":1.0,"enemies":"Cultist","floor":3.0,"turns":4.0},{"damage":14.0,"enemies":"Jaw Worm","floor":7.0,"turns":5.0},{"damage":49.0,"enemies":"Gremlin Nob","floor":8.0,"turns":4.0},{"damage":0,"enemies":"Exordium Thugs","floor":12,"turns":3},{"damage":0,"enemies":"Blue Slaver","floor":14,"turns":3},{"damage":23,"enemies":"Slime Boss","floor":16,"turns":6}],"seed_played":"1185253428577773676","potions_obtained":[{"floor":1.0,"key":"SkillPotion"},{"floor":3.0,"key":"Regen Potion"}],"is_trial":false,"path_per_floor":["M","?","M","$","?","R","M","E","T","$","R","M","R","M","R","B"],"character_chosen":"DEFECT","items_purchased":["HandOfGreed","Explosive Potion"],"campfire_rested":1,"item_purchase_floors":[4,10],"current_hp_per_floor":[53,53,52,52,52,52,50,1,1,1,1,1,22,22,22,0],"gold":124,"neow_bonus":"HUNDRED_GOLD","is_prod":false,"is_daily":false,"chose_seed":false,"campfire_upgraded":3,"win_rate":0,"timestamp":1542490954,"path_taken":["M","?","?","$","?","R","M","E","T","?","R","M","R","M","R","BOSS"],"build_version":"2018-11-15","purchased_purges":0,"victory":false,"max_hp_per_floor":[71,71,71,71,71,71,71,71,71,71,71,71,71,71,71,71],"card_choices":[{"not_picked":["Static Discharge","Gash"],"picked":"Melter","floor":1.0},{"not_picked":["Stack","Hello World"],"picked":"Compile Driver","floor":3.0},{"not_picked":["Leap","Hologram"],"picked":"Conserve Battery","floor":7.0},{"not_picked":["Force Field","Blizzard","Rebound"],"picked":"SKIP","floor":8.0},{"not_picked":["Double Energy","Coolheaded"],"picked":"Genetic Algorithm","floor":12},{"not_picked":["Stack","Beam Cell"],"picked":"Steam","floor":14}],"player_experience":878319,"relics_obtained":[{"floor":8.0,"key":"Unceasing Top"},{"floor":9.0,"key":"FossilizedHelix"}],"event_choices":[{"cards_removed":["Strike_B"],"damage_healed":0.0,"max_hp_gain":0.0,"max_hp_loss":0.0,"gold_gain":0.0,"event_name":"Bonfire Elementals","player_choice":"Offered Basic","floor":2.0,"gold_loss":0.0,"damage_taken":0.0},{"damage_healed":0.0,"max_hp_gain":0.0,"max_hp_loss":0.0,"gold_gain":0.0,"event_name":"Liars Game","player_choice":"Ignored","floor":5.0,"gold_loss":0.0,"damage_taken":0.0}],"is_beta":true,"boss_relics":[],"items_purged_floors":[],"is_endless":false,"potions_floor_spawned":[1,3],"killed_by":"Slime Boss","ascension_level":20}