{"gold_per_floor":[17,37,37,312,322,322,334,73,73,92,107,132,132,175,175,269,269,294,134,134,152,152],"floor_reached":22,"playtime":542,"items_purged":["Regret","Regret"],"score":542,"play_id":"42bb82f5-a08b-4036-ad65-9b8d5c8f4957","local_time":"20190301203640","is_ascension_mode":true,"campfire_choices":[{"data":"Zap","floor":6.0,"key":"SMITH"},{"floor":15.0,"key":"REST"}],"neow_cost":"NO_GOLD","seed_source_timestamp":603188107831836,"circlet_count":0,"master_deck":["AscendersBane","Strike_B","Strike_B","Strike_B","Strike_B","Defend_B","Defend_B","Defend_B","Defend_B","Zap+1","Dualcast","Ball Lightning","Melter","Capacitor","Ball Lightning","Gash","Gash","Consume","Electrodynamics","Leap","Electrodynamics","Coolheaded"],"special_seed":0,"relics":["Cracked Core","Du-Vu Doll","Pear","Membership Card","DataDisk","Happy Flower","Golden Idol","Ornamental Fan","Sozu","ClockworkSouvenir"],"potions_floor_usage":[],"damage_taken":[{"damage":7.0,"enemies":"Jaw Worm","floor":1.0,"turns":3.0},{"damage":1.0,"enemies":"2 Louse","floor":2.0,"turns":3.0},{"damage":0.0,"enemies":"Cultist","floor":5.0,"turns":2.0},{"damage":24.0,"enemies":"3 Louse","floor":7.0,"turns":3.0},{"damage":10.0,"enemies":"Red Slaver","floor":10.0,"turns":3.0},{"damage":0.0,"enemies":"Exordium Wildlife","floor":11.0,"turns":2.0},{"damage":0.0,"enemies":"3 Sentries","floor":12.0,"turns":4.0},{"damage":26.0,"enemies":"Lagavulin","floor":14.0,"turns":4.0},{"damage":2.0,"enemies":"Slime Boss","floor":16.0,"turns":6.0},{"damage":15.0,"enemies":"2 Thieves","floor":18.0,"turns":3.0},{"damage":0,"enemies":"Chosen","floor":21,"turns":3},{"damage":25,"enemies":"3 Cultists","floor":22,"turns":5}],"seed_played":"6413024097833686268","potions_obtained":[{"floor":1.0,"key":"Fruit Juice"},{"floor":2.0,"key":"Block Potion"},{"floor":7.0,"key":"SteroidPotion"}],"is_trial":false,"path_per_floor":["M","M","?","?","M","R","M","$","T","M","M","E","?","E","R","B",null,"M","$","?","M","M"],"character_chosen":"DEFECT","items_purchased":["Membership Card","ClockworkSouvenir"],"campfire_rested":1,"item_purchase_floors":[8,19],"current_hp_per_floor":[57,56,66,66,66,66,47,47,47,37,37,37,37,11,34,32,67,52,52,52,52,27],"gold":152,"neow_bonus":"ONE_RARE_RELIC","is_prod":false,"is_daily":false,"chose_seed":false,"campfire_upgraded":1,"win_rate":0,"timestamp":1551490600,"path_taken":["M","M","?","?","?","R","M","$","T","M","M","E","?","E","R","BOSS","M","$","?","M","M"],"build_version":"2019-02-06","purchased_purges":2,"victory":false,"max_hp_per_floor":[71,71,81,81,81,81,86,86,86,86,86,86,78,78,78,78,78,78,78,78,78,78],"card_choices":[{"not_picked":["Blizzard","Auto Shields"],"picked":"Ball Lightning","floor":1.0},{"not_picked":["Coolheaded","Chaos"],"picked":"Melter","floor":2.0},{"not_picked":["Chaos","Rebound"],"picked":"Capacitor","floor":5.0},{"not_picked":["Hello World","Compile Driver"],"picked":"Ball Lightning","floor":7.0},{"not_picked":["Barrage","Multi-Cast"],"picked":"Gash","floor":10.0},{"not_picked":["Capacitor","Hologram"],"picked":"Gash","floor":11.0},{"not_picked":["Double Energy","Capacitor","Turbo"],"picked":"SKIP","floor":12.0},{"not_picked":["Conserve Battery","Leap"],"picked":"Consume","floor":14.0},{"not_picked":["Buffer","Hyperbeam"],"picked":"Electrodynamics","floor":16.0},{"not_picked":["Stack","Scrape"],"picked":"Leap","floor":18.0},{"not_picked":["Conserve Battery","Steam"],"picked":"Coolheaded","floor":21}],"player_experience":1025307,"relics_obtained":[{"floor":9.0,"key":"DataDisk"},{"floor":12.0,"key":"Happy Flower"},{"floor":14.0,"key":"Ornamental Fan"}],"event_choices":[{"damage_healed":0.0,"max_hp_gain":0.0,"max_hp_loss":0.0,"gold_gain":0.0,"event_name":"Big Fish","player_choice":"Box","floor":3.0,"gold_loss":0.0,"damage_taken":0.0,"relics_obtained":["Pear"],"cards_obtained":["Regret"]},{"damage_healed":0.0,"max_hp_gain":0.0,"max_hp_loss":0.0,"gold_gain":275.0,"event_name":"Golden Shrine","player_choice":"Desecrate","floor":4.0,"gold_loss":0.0,"damage_taken":0.0,"cards_obtained":["Regret"]},{"damage_healed":0.0,"max_hp_gain":0.0,"max_hp_loss":8.0,"gold_gain":0.0,"event_name":"Golden Idol","player_choice":"Lose Max HP","floor":13.0,"gold_loss":0.0,"damage_taken":0.0,"relics_obtained":["Golden Idol"]},{"damage_healed":0,"gold_gain":0,"player_choice":"Copied","damage_taken":0,"max_hp_gain":0,"max_hp_loss":0,"event_name":"Duplicator","floor":20,"gold_loss":0,"cards_obtained":["Electrodynamics"]}],"is_beta":true,"boss_relics":[{"not_picked":["Calling Bell","Runic Dome"],"picked":"Sozu"}],"items_purged_floors":[8,19],"is_endless":false,"potions_floor_spawned":[1,2,7,10,21],"killed_by":"3 Cultists","ascension_level":20}