{"gold_per_floor":[117,137,154,174,174,174,206,224,224,224,241,259,1,30,30,101,101,113,113,28,43,62,62,91,102,102,115,140,140,151,183,183,257,257,270,286,304,316,336,336,371,386,386,94,104,204,204,215,215,215],"floor_reached":50,"playtime":2917,"items_purged":["Strike_G"],"score":1229,"play_id":"2bd04517-b0cd-416d-97c7-006cc3e53fb6","local_time":"20190304014823","is_ascension_mode":true,"campfire_choices":[{"data":"Poisoned Stab","floor":6.0,"key":"SMITH"},{"floor":10.0,"key":"REST"},{"data":"Noxious Fumes","floor":15.0,"key":"SMITH"},{"floor":23.0,"key":"REST"},{"floor":29.0,"key":"REST"},{"floor":32.0,"key":"RECALL"},{"floor":40.0,"key":"REST"},{"floor":49.0,"key":"REST"}],"neow_cost":"NONE","seed_source_timestamp":0,"circlet_count":0,"master_deck":["AscendersBane","Defend_G","Defend_G+1","Defend_G","Defend_G+1","Defend_G","Strike_G","Strike_G","Strike_G","Strike_G","Survivor","Neutralize","Dagger Spray","PiercingWail","Dash","Poisoned Stab+1","Malaise","Dodge and Roll","Bouncing Flask","Noxious Fumes+1","Wraith Form v2","Glass Knife","Deflect","PiercingWail","PiercingWail","Catalyst","Night Terror","Night Terror","PiercingWail+1","Well Laid Plans"],"special_seed":0,"relics":["Ring of the Snake","Bag of Preparation","Happy Flower","Art of War","Oddly Smooth Stone","FossilizedHelix","Fusion Hammer","Blood Vial","Smiling Mask","Bottled Flame","Darkstone Periapt","War Paint","Potion Belt","Busted Crown","Vajra","Omamori","Bronze Scales","StoneCalendar"],"potions_floor_usage":[],"damage_taken":[{"damage":3.0,"enemies":"Jaw Worm","floor":1.0,"turns":4.0},{"damage":0.0,"enemies":"Cultist","floor":2.0,"turns":3.0},{"damage":2.0,"enemies":"2 Louse","floor":3.0,"turns":2.0},{"damage":21.0,"enemies":"Large Slime","floor":4.0,"turns":9.0},{"damage":3.0,"enemies":"3 Sentries","floor":7.0,"turns":11.0},{"damage":0.0,"enemies":"Looter","floor":8.0,"turns":3.0},{"damage":0.0,"enemies":"2 Fungi Beasts","floor":11.0,"turns":3.0},{"damage":0.0,"enemies":"Blue Slaver","floor":12.0,"turns":3.0},{"damage":8.0,"enemies":"Lagavulin","floor":14.0,"turns":7.0},{"damage":5.0,"enemies":"The Guardian","floor":16.0,"turns":9.0},{"damage":0.0,"enemies":"Spheric Guardian","floor":18.0,"turns":4.0},{"damage":12.0,"enemies":"2 Thieves","floor":21.0,"turns":5.0},{"damage":9.0,"enemies":"Snake Plant","floor":22.0,"turns":5.0},{"damage":0.0,"enemies":"Gremlin Leader","floor":24.0,"turns":8.0},{"damage":6.0,"enemies":"Chosen and Byrds","floor":25.0,"turns":7.0},{"damage":2.0,"enemies":"Centurion and Healer","floor":27.0,"turns":7.0},{"damage":17.0,"enemies":"Slavers","floor":28.0,"turns":7.0},{"damage":5.0,"enemies":"Snake Plant","floor":30.0,"turns":7.0},{"damage":19.0,"enemies":"Gremlin Leader","floor":31.0,"turns":9.0},{"damage":24.0,"enemies":"Champ","floor":33.0,"turns":8.0},{"damage":9.0,"enemies":"3 Shapes","floor":35.0,"turns":5.0},{"damage":0.0,"enemies":"Orb Walker","floor":36.0,"turns":5.0},{"damage":0.0,"enemies":"4 Shapes","floor":37.0,"turns":3.0},{"damage":0.0,"enemies":"Sphere and 2 Shapes","floor":38.0,"turns":6.0},{"damage":25.0,"enemies":"Spire Growth","floor":39.0,"turns":7.0},{"damage":17.0,"enemies":"Giant Head","floor":41.0,"turns":5.0},{"damage":0.0,"enemies":"4 Shapes","floor":42.0,"turns":11.0},{"damage":0.0,"enemies":"3 Darklings","floor":45.0,"turns":7.0},{"damage":0.0,"enemies":"Mind Bloom Boss Battle","floor":46.0,"turns":6.0},{"damage":13.0,"enemies":"Maw","floor":48.0,"turns":6.0},{"damage":0,"enemies":"Awakened One","floor":50,"turns":1}],"seed_played":"-1073345848017315266","potions_obtained":[{"floor":3.0,"key":"EssenceOfSteel"},{"floor":4.0,"key":"Fire Potion"},{"floor":7.0,"key":"Swift Potion"},{"floor":8.0,"key":"SteroidPotion"},{"floor":12.0,"key":"Explosive Potion"},{"floor":21.0,"key":"GamblersBrew"},{"floor":25.0,"key":"Block Potion"},{"floor":31.0,"key":"LiquidBronze"},{"floor":33.0,"key":"Block Potion"},{"floor":36.0,"key":"Strength Potion"},{"floor":37.0,"key":"Weak Potion"},{"floor":38.0,"key":"Fire Potion"},{"floor":39.0,"key":"LiquidBronze"}],"is_trial":false,"path_per_floor":["M","M","M","M","?","R","E","M","T","R","M","M","$","E","R","B",null,"M","T","?","M","M","R","E","M","T","M","E","R","M","E","R","B",null,"M","M","M","M","M","R","E","M","T","$","M","?","?","M","R","B"],"character_chosen":"THE_SILENT","items_purchased":["Noxious Fumes","Oddly Smooth Stone","Bronze Scales","Well Laid Plans"],"campfire_rested":5,"item_purchase_floors":[13,13,44,44],"current_hp_per_floor":[56,56,54,33,33,33,30,30,30,49,49,49,49,41,41,36,59,59,59,59,49,42,61,63,59,59,59,44,63,60,43,43,21,55,48,50,52,54,31,50,35,37,37,37,39,41,41,30,49,51],"gold":215,"neow_bonus":"RANDOM_COMMON_RELIC","is_prod":false,"is_daily":false,"chose_seed":false,"campfire_upgraded":2,"win_rate":0,"timestamp":1551682103,"path_taken":["M","M","M","M","?","R","E","?","T","R","M","M","$","E","R","BOSS","M","?","?","M","M","R","E","M","T","M","E","R","M","E","R","BOSS","M","M","M","M","M","R","E","M","T","$","M","?","?","M","R","BOSS"],"build_version":"2019-02-06","purchased_purges":1,"victory":false,"max_hp_per_floor":[66,66,66,66,66,66,66,66,66,66,66,66,66,66,66,66,66,66,66,66,66,66,66,66,66,66,66,66,66,66,66,66,66,66,66,66,66,66,66,66,66,66,66,66,66,66,66,66,66,66],"card_choices":[{"not_picked":["Predator","Sucker Punch"],"picked":"Dagger Spray","floor":1.0},{"not_picked":["Deadly Poison","Dagger Throw"],"picked":"PiercingWail","floor":2.0},{"not_picked":["Escape Plan","Bane"],"picked":"Dash","floor":3.0},{"not_picked":["Eviscerate","Underhanded Strike"],"picked":"Poisoned Stab","floor":4.0},{"not_picked":["Noxious Fumes","Dodge and Roll"],"picked":"Malaise","floor":7.0},{"not_picked":["Distraction","Tactician"],"picked":"Dodge and Roll","floor":8.0},{"not_picked":["Prepared","Outmaneuver"],"picked":"Bouncing Flask","floor":11.0},{"not_picked":["Outmaneuver","Infinite Blades","Dodge and Roll"],"picked":"SKIP","floor":12.0},{"not_picked":["Masterful Stab","Storm of Steel"],"picked":"Wraith Form v2","floor":14.0},{"not_picked":["Unload","A Thousand Cuts"],"picked":"Glass Knife","floor":16.0},{"not_picked":["Endless Agony","Sucker Punch"],"picked":"Deflect","floor":18.0},{"not_picked":["All Out Attack","Endless Agony"],"picked":"PiercingWail","floor":21.0},{"not_picked":["Deadly Poison","Infinite Blades","Sucker Punch"],"picked":"SKIP","floor":22.0},{"not_picked":["Flying Knee","Acrobatics","Cloak And Dagger"],"picked":"SKIP","floor":24.0},{"not_picked":["Bane","Underhanded Strike+1","All Out Attack"],"picked":"SKIP","floor":25.0},{"not_picked":["Dagger Spray","Venomology"],"picked":"PiercingWail","floor":27.0},{"not_picked":["Dagger Spray","All Out Attack","Poisoned Stab"],"picked":"SKIP","floor":28.0},{"not_picked":["Cloak And Dagger","Bane"],"picked":"Catalyst","floor":30.0},{"not_picked":["Caltrops+1","Dash"],"picked":"Night Terror","floor":31.0},{"not_picked":["Storm of Steel","Venomology"],"picked":"Night Terror","floor":33.0},{"not_picked":[],"picked":"PiercingWail+1","floor":35.0},{"not_picked":["Tactician"],"picked":"SKIP","floor":36.0},{"not_picked":["Noxious Fumes"],"picked":"SKIP","floor":37.0},{"not_picked":["Crippling Poison"],"picked":"SKIP","floor":38.0},{"not_picked":["Acrobatics"],"picked":"SKIP","floor":39.0},{"not_picked":["Cloak And Dagger+1"],"picked":"SKIP","floor":41.0},{"not_picked":["Prepared"],"picked":"SKIP","floor":42.0},{"not_picked":["Underhanded Strike"],"picked":"SKIP","floor":45.0},{"not_picked":["Concentrate"],"picked":"SKIP","floor":48.0}],"player_experience":1130921,"relics_obtained":[{"floor":7.0,"key":"Art of War"},{"floor":14.0,"key":"FossilizedHelix"},{"floor":19.0,"key":"Blood Vial"},{"floor":24.0,"key":"Bottled Flame"},{"floor":26.0,"key":"Darkstone Periapt"},{"floor":28.0,"key":"War Paint"},{"floor":31.0,"key":"Potion Belt"},{"floor":41.0,"key":"Vajra"},{"floor":43.0,"key":"Omamori"},{"floor":46.0,"key":"StoneCalendar"}],"event_choices":[{"damage_healed":0.0,"max_hp_gain":0.0,"max_hp_loss":0.0,"gold_gain":0.0,"event_name":"WeMeetAgain","player_choice":"Gave Potion","floor":5.0,"gold_loss":0.0,"damage_taken":0.0,"relics_obtained":["Happy Flower"]},{"damage_healed":0.0,"max_hp_gain":0.0,"max_hp_loss":0.0,"gold_gain":0.0,"event_name":"Addict","player_choice":"Obtained Relic","floor":20.0,"gold_loss":85.0,"damage_taken":0.0,"relics_obtained":["Smiling Mask"]},{"damage_healed":0.0,"max_hp_gain":0.0,"max_hp_loss":0.0,"gold_gain":0.0,"event_name":"MindBloom","player_choice":"Fight","floor":46.0,"gold_loss":0.0,"damage_taken":0.0},{"damage_healed":0.0,"max_hp_gain":0.0,"max_hp_loss":0.0,"gold_gain":0.0,"event_name":"SensoryStone","player_choice":"Memory 1","floor":47.0,"gold_loss":0.0,"damage_taken":0.0}],"is_beta":true,"boss_relics":[{"not_picked":["HoveringKite","Empty Cage"],"picked":"Fusion Hammer"},{"not_picked":["Eternal Feather","Astrolabe"],"picked":"Busted Crown"}],"items_purged_floors":[44],"is_endless":false,"potions_floor_spawned":[3,4,7,8,12,21,22,25,31,33,36,37,38,39],"killed_by":"Awakened One","ascension_level":20}