{"gold_per_floor":[109,184,203,216,95,95,95,95,95,122,134,134,144,164,164,164],"floor_reached":16,"playtime":670,"items_purged":[],"score":128,"play_id":"c4bedff2-736a-424e-b864-ea6c901ef51a","local_time":"20190121172201","is_ascension_mode":true,"campfire_choices":[{"data":"Zap","floor":6,"key":"SMITH"},{"data":"Beam Cell","floor":8,"key":"SMITH"},{"data":"Defragment","floor":12,"key":"SMITH"},{"data":"Recycle","floor":15,"key":"SMITH"}],"neow_cost":"NONE","seed_source_timestamp":151033949024,"circlet_count":0,"master_deck":["Strike_B","Strike_B","Strike_B","Strike_B","Defend_B","Defend_B","Defend_B","Defend_B","Zap+1","Dualcast","Beam Cell+1","Recycle+1","Force Field","BootSequence","Heatsinks","Defragment+1","Chill","Undo","Coolheaded","Hologram"],"relics":["Cracked Core","NeowsBlessing","Tiny Chest","The Courier","Prayer Wheel","Thread and Needle"],"potions_floor_usage":[14,16,16,16],"damage_taken":[{"damage":0,"enemies":"2 Louse","floor":1,"turns":1},{"damage":0,"enemies":"Small Slimes","floor":3,"turns":1},{"damage":0,"enemies":"Jaw Worm","floor":4,"turns":1},{"damage":48,"enemies":"Gremlin Nob","floor":10,"turns":5},{"damage":0,"enemies":"Exordium Wildlife","floor":11,"turns":5},{"damage":0,"enemies":"Red Slaver","floor":13,"turns":2},{"damage":0,"enemies":"Blue Slaver","floor":14,"turns":4},{"damage":13,"enemies":"Slime Boss","floor":16,"turns":6}],"seed_played":"8638030857227207885","potions_obtained":[{"floor":3,"key":"EssenceOfSteel"},{"floor":11,"key":"SneckoOil"},{"floor":13,"key":"Block Potion"},{"floor":14,"key":"SkillPotion"}],"is_trial":false,"path_per_floor":["?","?","M"],"character_chosen":"DEFECT","items_purchased":["Tiny Chest"],"campfire_rested":0,"item_purchase_floors":[5],"current_hp_per_floor":[75,64,64,64,64,64,61,61,61,13,13,13,13,13,13,0],"gold":164,"neow_bonus":"THREE_ENEMY_KILL","is_prod":false,"is_daily":false,"chose_seed":false,"campfire_upgraded":4,"win_rate":0,"timestamp":1548109321,"path_taken":["M","?","M","M","$","R","?","R","T","E","?","R","M","M","R","BOSS"],"build_version":"2019-01-20","purchased_purges":0,"victory":false,"max_hp_per_floor":[75,75,75,75,75,75,75,75,75,75,75,75,75,75,75,75],"card_choices":[{"not_picked":["Stack","Steam"],"picked":"Beam Cell","floor":1},{"not_picked":["Defragment","Hologram"],"picked":"Recycle","floor":3},{"not_picked":["Redo","Compile Driver"],"picked":"Force Field","floor":4},{"not_picked":["Streamline","Hologram"],"picked":"BootSequence","floor":10},{"not_picked":["Glacier","Compile Driver"],"picked":"Heatsinks","floor":11},{"not_picked":["Ball Lightning","Stack"],"picked":"Defragment","floor":11},{"not_picked":["Beam Cell","Melter"],"picked":"Chill","floor":13},{"not_picked":["Turbo","Gash"],"picked":"Undo","floor":13},{"not_picked":["Rebound","Steam"],"picked":"Coolheaded","floor":14},{"not_picked":["Streamline","Darkness"],"picked":"Hologram","floor":14}],"player_experience":240927,"relics_obtained":[{"floor":9,"key":"Prayer Wheel"},{"floor":10,"key":"Thread and Needle"}],"event_choices":[{"damage_healed":0,"gold_gain":75,"player_choice":"Gather Gold","damage_taken":11,"max_hp_gain":0,"max_hp_loss":0,"event_name":"World of Goop","floor":2,"gold_loss":0},{"damage_healed":0,"gold_gain":0,"player_choice":"Success","damage_taken":3,"relics_obtained":["The Courier"],"max_hp_gain":0,"max_hp_loss":0,"event_name":"Scrap Ooze","floor":7,"gold_loss":0}],"is_beta":true,"boss_relics":[],"items_purged_floors":[],"is_endless":false,"potions_floor_spawned":[3,11,13,14],"killed_by":"Slime Boss","ascension_level":5}