{"gold_per_floor":[118,218,218,238,254,280,280,313,361,387,404,423,423,453,453,558,558,570,49,66,166,184,215,215,249,272,272,283,317,367,367,367,465,465,479,479,1478,1402,766,766,676,704,704,704,720,750,390,416,416,416,416,416,22,48,48],"floor_reached":56,"playtime":4779,"items_purged":["Normality","Catalyst+1"],"score":1690,"play_id":"46504daa-0446-4871-94fa-75e66e45da09","local_time":"20190320035907","is_ascension_mode":true,"campfire_choices":[{"floor":7.0,"key":"REST"},{"floor":13.0,"key":"REST"},{"data":"Footwork","floor":15.0,"key":"SMITH"},{"data":"Sucker Punch","floor":24.0,"key":"SMITH"},{"data":"After Image","floor":27.0,"key":"SMITH"},{"data":"Well Laid Plans","floor":32.0,"key":"SMITH"},{"data":"Phantasmal Killer","floor":40.0,"key":"SMITH"},{"floor":44.0,"key":"RECALL"},{"data":"After Image","floor":49.0,"key":"SMITH"},{"floor":52.0,"key":"REST"}],"neow_cost":"NONE","seed_source_timestamp":126639105784300,"circlet_count":0,"master_deck":["Survivor","Neutralize","Quick Slash+1","Footwork+1","Backstab+1","Dagger Spray+1","PiercingWail","Blade Dance+1","Caltrops","Footwork","Phantasmal Killer+1","Distraction","After Image+1","Backflip","Glass Knife","Finisher","Poisoned Stab","Backflip","Endless Agony","Sucker Punch+1","Well Laid Plans+1","Dagger Spray+1","Slice+1","Terror+1","Leg Sweep","Finisher+1","RitualDagger","A Thousand Cuts","After Image+1","Swift Strike","Thinking Ahead","Setup+1","Escape Plan+1","Leg Sweep+1","Thinking Ahead","Infinite Blades","Dagger Throw+1"],"special_seed":0,"relics":["Ring of the Snake","Juzu Bracelet","Matryoshka","Pen Nib","Potion Belt","Bronze Scales","Bag of Marbles","Dodecahedron","Pandora\u0027s Box","Ninja Scroll","ClockworkSouvenir","StoneCalendar","Meat on the Bone","Strawberry","Whetstone","PreservedInsect","Lantern","Snake Skull","WristBlade","Darkstone Periapt","Membership Card","War Paint","Vajra","Orichalcum","MawBank","Mummified Hand","Medical Kit","Regal Pillow","Anchor","TwistedFunnel","Mercury Hourglass","Centennial Puzzle"],"potions_floor_usage":[55,55,55],"damage_taken":[{"damage":1.0,"enemies":"2 Louse","floor":1.0,"turns":4.0},{"damage":0.0,"enemies":"Cultist","floor":4.0,"turns":3.0},{"damage":0.0,"enemies":"Small Slimes","floor":5.0,"turns":3.0},{"damage":47.0,"enemies":"Gremlin Nob","floor":6.0,"turns":5.0},{"damage":19.0,"enemies":"3 Sentries","floor":8.0,"turns":10.0},{"damage":18.0,"enemies":"Gremlin Nob","floor":10.0,"turns":3.0},{"damage":0.0,"enemies":"Exordium Thugs","floor":11.0,"turns":4.0},{"damage":1.0,"enemies":"Blue Slaver","floor":12.0,"turns":3.0},{"damage":13.0,"enemies":"The Guardian","floor":16.0,"turns":13.0},{"damage":2.0,"enemies":"3 Byrds","floor":18.0,"turns":2.0},{"damage":0.0,"enemies":"Spheric Guardian","floor":20.0,"turns":2.0},{"damage":2.0,"enemies":"Colosseum Slavers","floor":21.0,"turns":3.0},{"damage":7.0,"enemies":"Colosseum Nobs","floor":21.0,"turns":4.0},{"damage":6.0,"enemies":"Cultist and Chosen","floor":22.0,"turns":3.0},{"damage":0.0,"enemies":"Gremlin Leader","floor":23.0,"turns":4.0},{"damage":11.0,"enemies":"Slavers","floor":25.0,"turns":3.0},{"damage":0.0,"enemies":"Centurion and Healer","floor":28.0,"turns":3.0},{"damage":0.0,"enemies":"Book of Stabbing","floor":29.0,"turns":3.0},{"damage":44.0,"enemies":"Champ","floor":33.0,"turns":9.0},{"damage":0.0,"enemies":"Orb Walker","floor":35.0,"turns":1.0},{"damage":2.0,"enemies":"Giant Head","floor":42.0,"turns":3.0},{"damage":8.0,"enemies":"3 Darklings","floor":45.0,"turns":4.0},{"damage":0.0,"enemies":"Reptomancer","floor":46.0,"turns":2.0},{"damage":39.0,"enemies":"Awakened One","floor":50.0,"turns":7.0},{"damage":0.0,"enemies":"Shield and Spear","floor":54.0,"turns":2.0},{"damage":58,"enemies":"The Heart","floor":55,"turns":7}],"seed_played":"903794755508223045","potions_obtained":[{"floor":1.0,"key":"PowerPotion"},{"floor":6.0,"key":"Poison Potion"},{"floor":8.0,"key":"SpeedPotion"},{"floor":11.0,"key":"Block Potion"},{"floor":20.0,"key":"AttackPotion"},{"floor":22.0,"key":"AttackPotion"},{"floor":25.0,"key":"EssenceOfSteel"},{"floor":28.0,"key":"Explosive Potion"},{"floor":33.0,"key":"Block Potion"},{"floor":42.0,"key":"Dexterity Potion"},{"floor":45.0,"key":"Energy Potion"}],"is_trial":false,"path_per_floor":["M","?","?","M","M","E","R","E","T","E","M","M","R","?","R","B",null,"M","$","M","?","M","E","R","E","T","R","M","E","?","?","R","B",null,"M","?","?","?","$","R","?","E","T","R","M","E","$","T","R","B",null,"R","$","E","B",null],"character_chosen":"THE_SILENT","items_purchased":["Well Laid Plans","Ninja Scroll","ClockworkSouvenir","Membership Card","War Paint","Vajra","After Image","Swift Strike","Thinking Ahead","Mummified Hand","Thinking Ahead","Medical Kit","Anchor","TwistedFunnel","Infinite Blades","Swift Potion","Dexterity Potion","Mercury Hourglass"],"campfire_rested":3,"item_purchase_floors":[19,19,19,39,39,39,39,39,39,47,47,47,53,53,53,53,53,53],"current_hp_per_floor":[69,69,74,74,74,27,49,30,30,12,12,11,33,33,33,20,61,59,59,59,50,44,51,51,52,52,52,52,52,52,46,46,14,65,65,65,65,65,65,65,65,63,63,63,55,55,55,55,55,28,69,82,82,82,36],"gold":48,"neow_bonus":"RANDOM_COMMON_RELIC","is_prod":false,"is_daily":false,"chose_seed":false,"campfire_upgraded":6,"win_rate":0,"timestamp":1553034547,"path_taken":["M","?","?","M","M","E","R","E","T","E","M","M","R","?","R","BOSS","M","$","M","?","M","E","R","E","T","R","M","E","?","?","R","BOSS","M","?","?","?","$","R","?","E","T","R","M","E","$","?","R","BOSS","R","$","E","BOSS"],"build_version":"2019-01-23","purchased_purges":2,"victory":true,"max_hp_per_floor":[70,70,75,75,75,75,75,75,75,75,75,75,75,75,75,75,75,75,75,75,75,75,82,82,82,82,82,82,82,82,82,82,82,82,82,82,82,82,82,82,82,82,82,82,82,82,82,82,82,82,82,82,82,82,82],"card_choices":[{"not_picked":["Calculated Gamble","Slice"],"picked":"Quick Slash","floor":1.0},{"not_picked":["Underhanded Strike","Accuracy"],"picked":"Footwork","floor":4.0},{"not_picked":["Well Laid Plans","Outmaneuver"],"picked":"Backstab","floor":5.0},{"not_picked":["Expertise","Outmaneuver"],"picked":"Dagger Spray","floor":6.0},{"not_picked":["Masterful Stab","Finisher"],"picked":"PiercingWail","floor":8.0},{"not_picked":["Calculated Gamble","Deflect"],"picked":"Blade Dance","floor":10.0},{"not_picked":["Finisher","Flechettes"],"picked":"Caltrops","floor":11.0},{"not_picked":["Tactician","Quick Slash"],"picked":"Footwork","floor":12.0},{"not_picked":["Burst","Corpse Explosion"],"picked":"Phantasmal Killer","floor":16.0},{"not_picked":["Acrobatics","All Out Attack"],"picked":"Sucker Punch","floor":18.0},{"not_picked":["Quick Slash","Sucker Punch"],"picked":"Dagger Spray+1","floor":20.0},{"not_picked":["Blade Dance","Well Laid Plans"],"picked":"Slice+1","floor":22.0},{"not_picked":["Well Laid Plans","Bane"],"picked":"Terror+1","floor":23.0},{"not_picked":["Flechettes+1","Quick Slash"],"picked":"Leg Sweep","floor":25.0},{"not_picked":["Glass Knife","Finisher","Concentrate"],"picked":"SKIP","floor":28.0},{"not_picked":["Glass Knife","Choke"],"picked":"Finisher+1","floor":29.0},{"not_picked":["Phantasmal Killer","Die Die Die"],"picked":"A Thousand Cuts","floor":33.0},{"not_picked":["Deadly Poison","Acrobatics","Flying Knee"],"picked":"SKIP","floor":35.0},{"not_picked":["Bouncing Flask+1","Deadly Poison+1"],"picked":"Setup+1","floor":42.0},{"not_picked":["Leg Sweep","Terror+1"],"picked":"Escape Plan+1","floor":45.0},{"not_picked":["Distraction+1","Flechettes+1"],"picked":"Leg Sweep+1","floor":46.0},{"not_picked":["Noxious Fumes+1","Underhanded Strike"],"picked":"Dagger Throw+1","floor":54.0}],"player_experience":81416,"relics_obtained":[{"floor":6.0,"key":"Matryoshka"},{"floor":8.0,"key":"Pen Nib"},{"floor":9.0,"key":"Potion Belt"},{"floor":9.0,"key":"Bronze Scales"},{"floor":10.0,"key":"Bag of Marbles"},{"floor":21.0,"key":"StoneCalendar"},{"floor":21.0,"key":"Meat on the Bone"},{"floor":23.0,"key":"Strawberry"},{"floor":25.0,"key":"Whetstone"},{"floor":26.0,"key":"PreservedInsect"},{"floor":26.0,"key":"Lantern"},{"floor":29.0,"key":"Snake Skull"},{"floor":42.0,"key":"Orichalcum"},{"floor":46.0,"key":"MawBank"},{"floor":48.0,"key":"Regal Pillow"},{"floor":54.0,"key":"Centennial Puzzle"}],"event_choices":[{"damage_healed":0.0,"max_hp_gain":0.0,"max_hp_loss":0.0,"gold_gain":100.0,"event_name":"Golden Shrine","player_choice":"Pray","floor":2.0,"gold_loss":0.0,"damage_taken":0.0},{"damage_healed":0.0,"max_hp_gain":5.0,"max_hp_loss":0.0,"gold_gain":0.0,"event_name":"Big Fish","player_choice":"Donut","floor":3.0,"gold_loss":0.0,"damage_taken":0.0},{"damage_healed":0.0,"max_hp_gain":0.0,"max_hp_loss":0.0,"gold_gain":30.0,"event_name":"Dead Adventurer","player_choice":"Searched \u00273\u0027 times","floor":14.0,"gold_loss":0.0,"damage_taken":0.0,"relics_obtained":["Dodecahedron"]},{"damage_healed":0.0,"max_hp_gain":0.0,"max_hp_loss":0.0,"gold_gain":0.0,"event_name":"Colosseum","player_choice":"Fight","floor":21.0,"gold_loss":0.0,"damage_taken":0.0},{"damage_healed":0.0,"max_hp_gain":0.0,"max_hp_loss":0.0,"gold_gain":0.0,"event_name":"Colosseum","player_choice":"Fought Nobs","floor":21.0,"gold_loss":0.0,"damage_taken":0.0},{"damage_healed":0.0,"max_hp_gain":0.0,"max_hp_loss":0.0,"gold_gain":100.0,"event_name":"The Joust","player_choice":"Bet on Murderer","floor":30.0,"gold_loss":50.0,"damage_taken":0.0},{"damage_healed":0.0,"max_hp_gain":0.0,"max_hp_loss":0.0,"gold_gain":0.0,"event_name":"Nest","player_choice":"Joined the Cult","floor":31.0,"gold_loss":0.0,"damage_taken":6.0,"cards_obtained":["RitualDagger"]},{"cards_removed":["Flying Knee"],"damage_healed":0.0,"max_hp_gain":0.0,"max_hp_loss":0.0,"gold_gain":0.0,"event_name":"Falling","player_choice":"Removed Attack","floor":36.0,"gold_loss":0.0,"damage_taken":0.0},{"damage_healed":0.0,"max_hp_gain":0.0,"max_hp_loss":0.0,"gold_gain":999.0,"event_name":"MindBloom","player_choice":"Gold","floor":37.0,"gold_loss":0.0,"damage_taken":0.0,"cards_obtained":["Normality","Normality"]},{"damage_healed":0.0,"max_hp_gain":0.0,"max_hp_loss":0.0,"gold_gain":0.0,"event_name":"WeMeetAgain","player_choice":"Paid Gold","floor":38.0,"gold_loss":76.0,"damage_taken":0.0,"relics_obtained":["Darkstone Periapt"]},{"cards_removed":["Normality"],"damage_healed":0.0,"max_hp_gain":0.0,"max_hp_loss":0.0,"gold_gain":0.0,"event_name":"Designer","player_choice":"Upgrade and Remove","floor":41.0,"gold_loss":90.0,"damage_taken":0.0,"cards_upgraded":["Backstab"]}],"is_beta":false,"boss_relics":[{"not_picked":["Empty Cage","Snecko Eye"],"picked":"Pandora\u0027s Box"},{"not_picked":["HoveringKite","Tiny House"],"picked":"WristBlade"}],"items_purged_floors":[39,47],"is_endless":false,"potions_floor_spawned":[1,6,8,11,20,21,22,25,28,33,42,45],"ascension_level":5}