{"gold_per_floor":[109,184,184,196,208,236,236,256,333,368,386,386,386,44,44,146,146,161,161,19,35,54,119,119,119,167,180,1,15,15,33,33,33],"floor_reached":33,"playtime":1312,"items_purged":[],"score":277,"play_id":"005b767f-7f7f-41e2-a3b4-a40c39b83ed8","local_time":"20190207070541","is_ascension_mode":false,"campfire_choices":[{"data":"Rampage","floor":7,"key":"SMITH"},{"floor":13,"key":"REST"},{"data":"Anger","floor":15,"key":"SMITH"},{"floor":24,"key":"REST"},{"data":"Perfected Strike","floor":32,"key":"SMITH"}],"neow_cost":"NONE","seed_source_timestamp":950162771885261,"circlet_count":0,"master_deck":["Strike_R","Strike_R","Strike_R","Strike_R","Strike_R","Defend_R","Defend_R","Defend_R","Bash","Shrug It Off","Rampage+1","Shrug It Off","Anger+1","Reaper","Twin Strike","Bandage Up","Cleave","Perfected Strike+1","Immolate","Anger","Metamorphosis","Power Through+1","Perfected Strike+1"],"relics":["Burning Blood","NeowsBlessing","Torii","Question Card","Bronze Scales","Red Skull","Medical Kit","Lizard Tail","Tiny Chest","MutagenicStrength","Blood Vial"],"potions_floor_usage":[6,6,6,18,21,31,33],"damage_taken":[{"damage":0,"enemies":"2 Louse","floor":1,"turns":1},{"damage":0,"enemies":"Jaw Worm","floor":4,"turns":1},{"damage":0,"enemies":"Cultist","floor":5,"turns":1},{"damage":26,"enemies":"Lagavulin","floor":6,"turns":5},{"damage":10,"enemies":"Gremlin Gang","floor":8,"turns":6},{"damage":25,"enemies":"3 Sentries","floor":10,"turns":10},{"damage":3,"enemies":"Blue Slaver","floor":11,"turns":4},{"damage":35,"enemies":"The Guardian","floor":16,"turns":9},{"damage":29,"enemies":"Chosen","floor":18,"turns":4},{"damage":27,"enemies":"2 Thieves","floor":21,"turns":3},{"damage":10,"enemies":"Snecko","floor":22,"turns":6},{"damage":63,"enemies":"Gremlin Leader","floor":23,"turns":5},{"damage":16,"enemies":"Cultist and Chosen","floor":27,"turns":6},{"damage":24,"enemies":"Chosen and Byrds","floor":29,"turns":5},{"damage":9,"enemies":"Centurion and Healer","floor":31,"turns":8},{"damage":88,"enemies":"Automaton","floor":33,"turns":8}],"seed_played":"-8698467056251117021","potions_obtained":[{"floor":1,"key":"Weak Potion"},{"floor":4,"key":"Ancient Potion"},{"floor":5,"key":"PowerPotion"},{"floor":16,"key":"SteroidPotion"},{"floor":18,"key":"Strength Potion"},{"floor":27,"key":"GamblersBrew"},{"floor":31,"key":"Block Potion"}],"is_trial":false,"path_per_floor":["M","?","?","M","M","E","R","M","T","E","M","?","R","$","R","B",null,"M","?","$","M","M","E","R","?","T","M","$","M","$","M","R","B"],"character_chosen":"IRONCLAD","items_purchased":["Red Skull","Medical Kit","Bandage Up","Cleave","Metamorphosis"],"campfire_rested":2,"item_purchase_floors":[14,14,20,20,28],"current_hp_per_floor":[80,69,69,75,80,60,60,56,56,37,40,32,56,56,56,27,80,57,42,42,43,43,39,64,64,64,60,60,58,58,61,61,0],"gold":33,"neow_bonus":"THREE_ENEMY_KILL","is_prod":false,"is_daily":false,"chose_seed":false,"campfire_upgraded":3,"win_rate":0,"timestamp":1549551941,"path_taken":["M","?","?","M","?","E","R","M","T","E","?","?","R","?","R","BOSS","M","?","$","M","M","E","R","?","T","?","$","M","$","M","R","BOSS"],"build_version":"2019-01-23","purchased_purges":0,"victory":false,"max_hp_per_floor":[80,80,80,80,80,80,80,80,80,80,80,80,80,80,80,80,80,80,85,85,85,85,85,85,85,85,85,85,85,85,85,85,85],"card_choices":[{"not_picked":["Clash","Body Slam"],"picked":"Shrug It Off","floor":1},{"not_picked":["Disarm","Corruption","Havoc"],"picked":"SKIP","floor":4},{"not_picked":["Pommel Strike","Flame Barrier"],"picked":"Rampage","floor":5},{"not_picked":["Immolate","Juggernaut"],"picked":"Shrug It Off","floor":6},{"not_picked":["Iron Wave","Sword Boomerang","Clash"],"picked":"SKIP","floor":8},{"not_picked":["Intimidate","Bloodletting","Armaments","Hemokinesis"],"picked":"SKIP","floor":10},{"not_picked":["Warcry","Iron Wave","Headbutt"],"picked":"Anger","floor":11},{"not_picked":["Demon Form","Offering","Barricade"],"picked":"Reaper","floor":16},{"not_picked":["Bloodletting+1","Clothesline","Pummel"],"picked":"Twin Strike","floor":18},{"not_picked":["Fire Breathing","Shrug It Off+1","Armaments+1","Battle Trance+1"],"picked":"SKIP","floor":21},{"not_picked":["Whirlwind+1","Armaments","Infernal Blade"],"picked":"Perfected Strike+1","floor":22},{"not_picked":["Juggernaut","Havoc+1","True Grit+1"],"picked":"Immolate","floor":23},{"not_picked":["Corruption","Headbutt","Pommel Strike"],"picked":"Anger","floor":27},{"not_picked":["Flex","Reckless Charge","Burning Pact"],"picked":"Power Through+1","floor":29},{"not_picked":["Metallicize","Fire Breathing","Searing Blow"],"picked":"Perfected Strike","floor":31}],"player_experience":246296,"relics_obtained":[{"floor":6,"key":"Torii"},{"floor":9,"key":"Question Card"},{"floor":10,"key":"Bronze Scales"},{"floor":23,"key":"Tiny Chest"},{"floor":26,"key":"Blood Vial"}],"event_choices":[{"damage_healed":0,"gold_gain":75,"player_choice":"Gather Gold","damage_taken":11,"max_hp_gain":0,"max_hp_loss":0,"event_name":"World of Goop","floor":2,"gold_loss":0},{"cards_removed":["Defend_R"],"damage_healed":0,"gold_gain":0,"player_choice":"Purged","damage_taken":0,"max_hp_gain":0,"max_hp_loss":0,"event_name":"Purifier","floor":3,"gold_loss":0},{"damage_healed":0,"gold_gain":0,"player_choice":"Damaged","damage_taken":8,"max_hp_gain":0,"max_hp_loss":0,"event_name":"Wheel of Change","floor":12,"gold_loss":0},{"damage_healed":0,"gold_gain":0,"player_choice":"Shed Blood","damage_taken":20,"max_hp_gain":5,"max_hp_loss":0,"event_name":"Forgotten Altar","floor":19,"gold_loss":0},{"damage_healed":0,"gold_gain":0,"player_choice":"Inject Mutagens","damage_taken":0,"relics_obtained":["MutagenicStrength"],"max_hp_gain":0,"max_hp_loss":0,"event_name":"Drug Dealer","floor":25,"gold_loss":0}],"is_beta":false,"boss_relics":[{"not_picked":["Snecko Eye","Tiny House"],"picked":"Lizard Tail"}],"items_purged_floors":[],"is_endless":false,"potions_floor_spawned":[1,4,5,16,18,27,31],"killed_by":"Automaton","ascension_level":0}