{"path_per_floor":["M","?","?","M","M","R","M","M","T","M","?","E","R","M","R","B",null,"M","?","M","M","$","E","R","?","T","M","R","M","E","M","R"],"character_chosen":"THE_SILENT","items_purchased":["Mango"],"gold_per_floor":[119,119,119,134,153,153,164,177,177,193,193,221,221,235,235,335,335,335,335,335,335,27,27,27,27,27,27,27,27,27,27,27,27],"floor_reached":33,"campfire_rested":3,"playtime":1342,"current_hp_per_floor":[70,73,78,78,78,78,78,72,72,65,65,55,55,55,80,42,85,80,64,64,61,75,49,80,80,80,86,86,78,9,13,44,0],"items_purged":[],"gold":27,"score":341,"play_id":"3ed11b82-021b-436a-9025-35623e448816","local_time":"20180401050544","is_prod":false,"is_daily":false,"is_ascension_mode":false,"campfire_upgraded":3,"timestamp":1522584344,"path_taken":["M","?","?","M","M","R","?","M","T","M","?","E","R","M","R","BOSS","M","?","M","M","?","E","R","?","T","M","R","?","E","M","R","BOSS"],"build_version":"2018-03-29v2","purchased_purges":0,"victory":false,"master_deck":["Defend_G","Defend_G","Defend_G","Defend_G","Defend_G","Strike_G","Strike_G","Strike_G","Strike_G","Strike_G","Survivor","Neutralize+1","Backstab+1","Deflect","Finisher","Quick Slash+1","Deflect","Cloak And Dagger+1","Footwork","Flying Knee","Adrenaline","Backstab+1","Prepared+1","Infinite Blades+1","Infinite Blades","Flying Knee","Flying Knee","Concentrate+1","Deflect"],"max_hp_per_floor":[70,80,85,85,85,85,85,85,85,85,85,85,85,85,85,85,85,85,90,90,90,104,104,104,104,104,104,104,104,104,104,104,104],"relics":["Ring of the Snake","Pear","Peace Pipe","Bag of Marbles","Ectoplasm","Mango","Snake Skull","Bird Faced Urn","Vajra"],"card_choices":[{"not_picked":["Acrobatics","Sucker Punch"],"picked":"Backstab","floor":1},{"not_picked":["Concentrate","Prepared"],"picked":"Deflect","floor":4},{"not_picked":["Calculated Gamble","Burst"],"picked":"Finisher","floor":5},{"not_picked":["Bouncing Flask","Prepared"],"picked":"Quick Slash","floor":7},{"not_picked":["Bane","Terror"],"picked":"Deflect","floor":8},{"not_picked":["Flying Knee","Backflip"],"picked":"Cloak And Dagger","floor":10},{"not_picked":["Backflip","Underhanded Strike"],"picked":"Footwork","floor":12},{"not_picked":["Backflip","Poisoned Stab"],"picked":"Flying Knee","floor":14},{"not_picked":["Night Terror","Burst"],"picked":"Adrenaline","floor":16},{"not_picked":["Bane","Heel Hook"],"picked":"Backstab","floor":18},{"not_picked":["PiercingWail","Dagger Spray"],"picked":"Prepared","floor":20},{"not_picked":["Endless Agony","Flechettes"],"picked":"Infinite Blades","floor":23},{"not_picked":["Prepared","Leg Sweep"],"picked":"Flying Knee","floor":27},{"not_picked":["Dagger Spray","Quick Slash"],"picked":"Flying Knee","floor":29},{"not_picked":["Sucker Punch","Expertise"],"picked":"Concentrate","floor":30},{"not_picked":["Underhanded Strike","Phantasmal Killer"],"picked":"Deflect","floor":31}],"player_experience":83302,"potions_floor_usage":[16,23,23,33,33],"damage_taken":[{"damage":0,"enemies":"Jaw Worm","floor":1,"turns":8},{"damage":0,"enemies":"Small Slimes","floor":4,"turns":3},{"damage":0,"enemies":"2 Louse","floor":5,"turns":2},{"damage":0,"enemies":"Red Slaver","floor":7,"turns":3},{"damage":6,"enemies":"Lots of Slimes","floor":8,"turns":3},{"damage":7,"enemies":"Blue Slaver","floor":10,"turns":3},{"damage":10,"enemies":"Gremlin Nob","floor":12,"turns":4},{"damage":0,"enemies":"3 Louse","floor":14,"turns":2},{"damage":53,"enemies":"The Guardian","floor":16,"turns":12},{"damage":5,"enemies":"Shell Parasite","floor":18,"turns":4},{"damage":0,"enemies":"Spheric Guardian","floor":20,"turns":3},{"damage":3,"enemies":"Slaver and Parasite","floor":21,"turns":6},{"damage":26,"enemies":"Slavers","floor":23,"turns":6},{"damage":0,"enemies":"Snake Plant","floor":27,"turns":3},{"damage":14,"enemies":"3 Cultists","floor":29,"turns":5},{"damage":75,"enemies":"Gremlin Leader","floor":30,"turns":5},{"damage":0,"enemies":"Snecko","floor":31,"turns":3},{"damage":53,"enemies":"Collector","floor":33,"turns":6}],"event_choices":[{"event_name":"Scrap Ooze","player_choice":"success","floor":2,"damage_taken":7},{"event_name":"Big Fish","player_choice":"Donut","floor":3,"damage_taken":0},{"event_name":"Living Wall","player_choice":"Grow","floor":11,"damage_taken":0},{"event_name":"Forgotten Altar","player_choice":"Shed Blood","floor":19,"damage_taken":0},{"event_name":"The Library","player_choice":"Read","floor":25,"damage_taken":0}],"boss_relics":[{"not_picked":["Runic Dome","Pandora\u0027s Box"],"picked":"Ectoplasm"}],"potions_floor_spawned":[8,10,12,14,20,21,27],"seed_played":"-3972036428434719540","killed_by":"Collector","ascension_level":0,"is_trial":false}