{"gold_per_floor":[367,377,390,14,189,189,189,220,220,230,0,20,32,44,44,143,143,154,173,62,72,22,55,55,90,90,15,15,15,27,27,27,128,128,139,139,153,164,174,174,200,215,215,246,246,280,296,296,296,296],"floor_reached":51,"playtime":2961,"items_purged":["Doubt","Strike_R"],"score":942,"play_id":"1a3cf867-8e65-4341-ab96-f3bb9604253c","local_time":"20181109225755","is_ascension_mode":true,"campfire_choices":[{"data":"Shockwave","floor":6,"key":"SMITH"},{"data":"Immolate","floor":15,"key":"SMITH"},{"data":"True Grit","floor":24,"key":"SMITH"},{"floor":29,"key":"REST"},{"data":"Barricade","floor":32,"key":"SMITH"},{"data":"Body Slam","floor":40,"key":"SMITH"},{"data":"Flame Barrier","floor":45,"key":"SMITH"},{"floor":49,"key":"REST"}],"neow_cost":"TEN_PERCENT_HP_LOSS","seed_source_timestamp":5239814535872,"circlet_count":0,"master_deck":["Strike_R+1","Strike_R+1","Strike_R+1","Defend_R+1","Defend_R+1","Defend_R+1","Defend_R+1","Bash+1","Shockwave+1","Shrug It Off","Clash","Violence","Pommel Strike","Perfected Strike+1","Immolate+1","Shrug It Off","Barricade+1","Body Slam+1","Inflame","Dropkick","True Grit+1","Feed","Battle Trance+1","Offering","Flame Barrier+1","Metallicize","Parasite","True Grit+1","Entrench+1","Shockwave+1","Twin Strike+1","Disarm+1"],"relics":["Black Blood","Membership Card","Oddly Smooth Stone","NlothsMask","Orichalcum","Lee\u0027s Waffle","Pear","Runic Dome","Bag of Preparation","Darkstone Periapt","Smiling Mask","Regal Pillow","Juzu Bracelet","Question Card","Whetstone","Molten Egg 2"],"potions_floor_usage":[8,8,16,16,23,33,39,41,46,46,50],"damage_taken":[{"damage":7,"enemies":"2 Louse","floor":1,"turns":4},{"damage":10,"enemies":"Small Slimes","floor":2,"turns":3},{"damage":6,"enemies":"Cultist","floor":3,"turns":4},{"damage":29,"enemies":"Gremlin Nob","floor":8,"turns":5},{"damage":10,"enemies":"Large Slime","floor":10,"turns":8},{"damage":5,"enemies":"Exordium Wildlife","floor":12,"turns":4},{"damage":7,"enemies":"Looter","floor":13,"turns":3},{"damage":14,"enemies":"Lots of Slimes","floor":14,"turns":2},{"damage":47,"enemies":"The Guardian","floor":16,"turns":14},{"damage":0,"enemies":"Chosen","floor":18,"turns":5},{"damage":6,"enemies":"3 Byrds","floor":19,"turns":5},{"damage":40,"enemies":"Snake Plant","floor":21,"turns":5},{"damage":20,"enemies":"Slavers","floor":23,"turns":3},{"damage":42,"enemies":"Book of Stabbing","floor":25,"turns":6},{"damage":0,"enemies":"Centurion and Healer","floor":30,"turns":6},{"damage":49,"enemies":"Automaton","floor":33,"turns":15},{"damage":6,"enemies":"3 Darklings","floor":35,"turns":2},{"damage":13,"enemies":"Orb Walker","floor":37,"turns":4},{"damage":12,"enemies":"4 Shapes","floor":38,"turns":6},{"damage":34,"enemies":"Writhing Mass","floor":39,"turns":5},{"damage":16,"enemies":"Nemesis","floor":41,"turns":13},{"damage":6,"enemies":"3 Darklings","floor":42,"turns":5},{"damage":17,"enemies":"Giant Head","floor":44,"turns":12},{"damage":37,"enemies":"Nemesis","floor":46,"turns":16},{"damage":42,"enemies":"Transient","floor":47,"turns":5},{"damage":19,"enemies":"Awakened One","floor":50,"turns":11}],"seed_played":"8475961417474092710","potions_obtained":[{"floor":1,"key":"Poison Potion"},{"floor":3,"key":"BloodPotion"},{"floor":12,"key":"Weak Potion"},{"floor":14,"key":"Fruit Juice"},{"floor":16,"key":"GamblersBrew"},{"floor":21,"key":"AttackPotion"},{"floor":30,"key":"Regen Potion"},{"floor":35,"key":"Regen Potion"},{"floor":39,"key":"AttackPotion"},{"floor":42,"key":"Swift Potion"},{"floor":44,"key":"Poison Potion"},{"floor":47,"key":"Fire Potion"}],"is_trial":false,"path_per_floor":["M","M","M","$","?","R","?","E","T","M","$","M","M","M","R","B",null,"M","M","$","M","$","E","R","E","T","?","?","R","M","$","R","B",null,"M","?","M","M","M","R","E","M","T","E","R","E","M","?","R","B",null],"character_chosen":"IRONCLAD","items_purchased":["Membership Card","Oddly Smooth Stone","Violence","Lee\u0027s Waffle","Pear","Bag of Preparation"],"campfire_rested":2,"item_purchase_floors":[4,4,4,11,11,20],"current_hp_per_floor":[71,67,67,67,67,67,67,51,51,47,89,89,88,80,80,44,94,94,94,94,60,60,46,46,10,10,10,10,53,62,62,62,34,97,97,97,94,92,88,88,82,86,86,82,82,55,23,23,69,60],"gold":296,"neow_bonus":"TWO_FIFTY_GOLD","is_prod":false,"is_daily":false,"chose_seed":false,"campfire_upgraded":6,"win_rate":0,"timestamp":1541822275,"path_taken":["M","M","M","$","?","R","?","E","T","M","$","M","M","?","R","BOSS","M","M","$","M","$","E","R","E","T","?","?","R","M","?","R","BOSS","M","?","M","M","M","R","E","M","T","E","R","E","M","?","R","BOSS"],"build_version":"2018-11-08","purchased_purges":2,"victory":true,"max_hp_per_floor":[72,72,72,72,72,72,72,72,72,72,89,89,89,89,89,94,94,94,94,94,94,94,94,94,94,94,94,94,94,97,97,97,97,97,97,97,97,97,103,103,103,103,103,106,106,106,106,106,106,106],"card_choices":[{"not_picked":["Infernal Blade","Corruption"],"picked":"Shockwave","floor":1},{"not_picked":["Perfected Strike","Pummel"],"picked":"Shrug It Off","floor":2},{"not_picked":["Heavy Blade","Cleave"],"picked":"Clash","floor":3},{"not_picked":["Rampage","Rage"],"picked":"Pommel Strike","floor":8},{"not_picked":["Thunderclap","Dual Wield"],"picked":"Perfected Strike","floor":10},{"not_picked":["Dark Embrace","Sword Boomerang","Heavy Blade"],"picked":"SKIP","floor":12},{"not_picked":["Searing Blow","Armaments"],"picked":"Immolate","floor":13},{"not_picked":["Rage","Sword Boomerang"],"picked":"Shrug It Off","floor":14},{"not_picked":["Impervious","Dark Embrace"],"picked":"Barricade","floor":16},{"not_picked":["Infernal Blade","Pommel Strike"],"picked":"Body Slam","floor":18},{"not_picked":["Thunderclap","Warcry"],"picked":"Inflame","floor":19},{"not_picked":["Havoc","Armaments"],"picked":"Dropkick","floor":21},{"not_picked":["Sever Soul","Wild Strike"],"picked":"True Grit","floor":23},{"not_picked":["Rage","Clothesline"],"picked":"Feed","floor":25},{"not_picked":["Infernal Blade+1","Heavy Blade"],"picked":"Battle Trance+1","floor":30},{"not_picked":["Juggernaut","Berserk"],"picked":"Offering","floor":33},{"not_picked":["Havoc","Searing Blow+1"],"picked":"Flame Barrier","floor":35},{"not_picked":["Dual Wield","Sword Boomerang+1","Havoc"],"picked":"SKIP","floor":37},{"not_picked":["Iron Wave+1","Flex+1"],"picked":"Metallicize","floor":38},{"not_picked":["Corruption","Anger"],"picked":"True Grit+1","floor":39},{"not_picked":["Thunderclap+1","Feel No Pain"],"picked":"Entrench+1","floor":41},{"not_picked":["Dual Wield","Seeing Red"],"picked":"Shockwave+1","floor":42},{"not_picked":["Disarm+1","Blood for Blood+1","Dual Wield+1"],"picked":"Twin Strike+1","floor":44},{"not_picked":["Anger","Rampage","Perfected Strike","Fire Breathing+1"],"picked":"SKIP","floor":46},{"not_picked":["Heavy Blade+1","Rupture+1","Fire Breathing+1"],"picked":"Disarm+1","floor":47}],"player_experience":116711,"relics_obtained":[{"floor":8,"key":"Orichalcum"},{"floor":23,"key":"Darkstone Periapt"},{"floor":25,"key":"Smiling Mask"},{"floor":26,"key":"Regal Pillow"},{"floor":41,"key":"Juzu Bracelet"},{"floor":43,"key":"Question Card"},{"floor":44,"key":"Whetstone"},{"floor":46,"key":"Molten Egg 2"}],"event_choices":[{"damage_healed":0,"gold_gain":175,"player_choice":"AGREE","damage_taken":0,"max_hp_gain":0,"max_hp_loss":0,"event_name":"Liars Game","floor":5,"gold_loss":0,"cards_obtained":["Doubt"]},{"damage_healed":0,"gold_gain":0,"player_choice":"Trade","damage_taken":0,"relics_obtained":["NlothsMask"],"max_hp_gain":0,"max_hp_loss":0,"event_name":"FaceTrader","floor":7,"gold_loss":0},{"cards_removed":["Strike_R"],"damage_healed":0,"gold_gain":0,"player_choice":"Gave Gold","damage_taken":0,"max_hp_gain":0,"max_hp_loss":0,"event_name":"Beggar","floor":27,"gold_loss":75},{"damage_healed":0,"gold_gain":0,"player_choice":"Simplicity","damage_taken":0,"max_hp_gain":0,"max_hp_loss":0,"event_name":"Back to Basics","floor":28,"gold_loss":0,"cards_upgraded":["Strike_R","Strike_R","Strike_R","Defend_R","Defend_R","Defend_R","Defend_R"]},{"damage_healed":0,"gold_gain":0,"player_choice":"Ignored","damage_taken":0,"max_hp_gain":0,"max_hp_loss":0,"event_name":"SecretPortal","floor":36,"gold_loss":0},{"damage_healed":0,"gold_gain":0,"player_choice":"Ignored","damage_taken":0,"max_hp_gain":0,"max_hp_loss":0,"event_name":"Mysterious Sphere","floor":48,"gold_loss":0}],"is_beta":true,"boss_relics":[{"not_picked":["Black Star","Snecko Eye"],"picked":"Runic Dome"},{"not_picked":["Orrery","White Beast Statue"],"picked":"Black Blood"}],"items_purged_floors":[20,22],"is_endless":false,"potions_floor_spawned":[1,3,12,14,16,21,25,30,35,39,42,44,47],"ascension_level":3}