{"gold_per_floor":[11,11,86,98,116,116,141,141,141,167,185,185,33,33,33,128,128,138,10,10,29,29,29,58,70,70,70,103,122,137,149,149,149],"floor_reached":33,"playtime":1991,"items_purged":["Strike_B"],"score":416,"play_id":"c4e478fc-8257-4934-a85c-f6b79712874e","local_time":"20190128051200","is_ascension_mode":true,"campfire_choices":[{"data":"Loop","floor":6,"key":"SMITH"},{"data":"Zap","floor":8,"key":"SMITH"},{"data":"Double Energy","floor":12,"key":"SMITH"},{"data":"Seek","floor":15,"key":"SMITH"},{"data":"Double Energy","floor":23,"key":"SMITH"},{"floor":27,"key":"REST"},{"data":"Seek","floor":32,"key":"SMITH"}],"neow_cost":"NO_GOLD","seed_source_timestamp":13116148013580,"circlet_count":0,"master_deck":["Strike_B","Strike_B","Strike_B","Defend_B","Defend_B","Defend_B","Defend_B","Zap+1","Dualcast","Bandage Up","Finesse","Loop+1","Sweeping Beam","Cold Snap","Double Energy+1","Seek+1","Double Energy+1","Seek+1","Clumsy","Parasite","Parasite","Steam+1","Panacea+1","Scrape","Necronomicurse","FTL","RitualDagger","Conserve Battery+1","Cold Snap","Seek+1","Hologram+1","Hologram+1"],"relics":["Cracked Core","Dead Branch","Dodecahedron","Boot","Bag of Preparation","Calling Bell","Oddly Smooth Stone","Toxic Egg 2","Pocketwatch","Necronomicon","Happy Flower","Cables","Gambling Chip"],"potions_floor_usage":[7,7,24,28,33,33],"damage_taken":[{"damage":0,"enemies":"Small Slimes","floor":1,"turns":2},{"damage":5,"enemies":"Jaw Worm","floor":4,"turns":3},{"damage":0,"enemies":"2 Louse","floor":5,"turns":2},{"damage":13,"enemies":"3 Sentries","floor":7,"turns":5},{"damage":15,"enemies":"Lagavulin","floor":10,"turns":6},{"damage":1,"enemies":"2 Fungi Beasts","floor":11,"turns":3},{"damage":13,"enemies":"The Guardian","floor":16,"turns":9},{"damage":1,"enemies":"3 Byrds","floor":18,"turns":4},{"damage":0,"enemies":"Chosen","floor":21,"turns":3},{"damage":32,"enemies":"Book of Stabbing","floor":24,"turns":6},{"damage":11,"enemies":"Snake Plant","floor":25,"turns":3},{"damage":24,"enemies":"Gremlin Leader","floor":28,"turns":8},{"damage":0,"enemies":"Snecko","floor":29,"turns":1},{"damage":0,"enemies":"Sentry and Sphere","floor":30,"turns":1},{"damage":0,"enemies":"Shelled Parasite and Fungi","floor":31,"turns":1},{"damage":33,"enemies":"Automaton","floor":33,"turns":6}],"seed_played":"-3812216905362323725","potions_obtained":[{"floor":4,"key":"Explosive Potion"},{"floor":5,"key":"AttackPotion"},{"floor":11,"key":"Poison Potion"},{"floor":18,"key":"SkillPotion"},{"floor":29,"key":"PowerPotion"},{"floor":31,"key":"EssenceOfSteel"}],"is_trial":false,"path_per_floor":["M","?","?","M","M","R","E","R","T","E","M","R","$","?","R","B",null,"M","$","?","M","?","R","E","M","T","R","E","M","M","M","R","B"],"character_chosen":"DEFECT","items_purchased":["Double Energy","Panacea+1","Scrape"],"campfire_rested":1,"item_purchase_floors":[13,19,19],"current_hp_per_floor":[72,72,61,60,64,64,55,55,55,44,47,47,47,44,44,35,65,68,68,52,56,50,50,22,15,15,37,17,21,25,29,29,0],"gold":149,"neow_bonus":"RANDOM_COLORLESS_2","is_prod":false,"is_daily":false,"chose_seed":false,"campfire_upgraded":6,"win_rate":0,"timestamp":1548670320,"path_taken":["M","?","?","M","M","R","E","R","T","E","M","R","$","?","R","BOSS","M","$","?","M","?","R","E","M","T","R","E","M","M","M","R","BOSS"],"build_version":"2019-01-23","purchased_purges":1,"victory":false,"max_hp_per_floor":[75,75,75,75,75,75,75,75,75,75,75,75,75,75,75,75,75,75,75,75,75,75,75,75,75,75,75,75,75,75,75,75,75],"card_choices":[{"not_picked":["Beam Cell","Streamline"],"picked":"Loop","floor":1},{"not_picked":["Turbo","Redo","Barrage"],"picked":"SKIP","floor":4},{"not_picked":["Stack","Conserve Battery"],"picked":"Sweeping Beam","floor":5},{"not_picked":["Beam Cell","Turbo"],"picked":"Cold Snap","floor":7},{"not_picked":["Self Repair","Cold Snap"],"picked":"Double Energy","floor":10},{"not_picked":["Hologram","Beam Cell"],"picked":"Seek","floor":11},{"not_picked":["Creative AI","Amplify"],"picked":"Seek","floor":16},{"not_picked":["Reinforced Body+1","Sweeping Beam"],"picked":"Steam+1","floor":18},{"not_picked":["Lockon","Turbo+1"],"picked":"FTL","floor":21},{"not_picked":["Consume+1","Ball Lightning+1"],"picked":"Conserve Battery+1","floor":24},{"not_picked":["Steam Power+1","Stack+1"],"picked":"Cold Snap","floor":25},{"not_picked":["Darkness+1","Cold Snap"],"picked":"Seek+1","floor":28},{"not_picked":["Streamline","Redo+1"],"picked":"Hologram+1","floor":29},{"not_picked":["Melter","Ball Lightning"],"picked":"Hologram+1","floor":30},{"not_picked":["Darkness+1","Cold Snap","Redo+1"],"picked":"SKIP","floor":31}],"player_experience":281346,"relics_obtained":[{"floor":7,"key":"Dead Branch"},{"floor":9,"key":"Dodecahedron"},{"floor":10,"key":"Boot"},{"floor":17,"key":"Oddly Smooth Stone"},{"floor":17,"key":"Toxic Egg 2"},{"floor":17,"key":"Pocketwatch"},{"floor":20,"key":"Necronomicon"},{"floor":24,"key":"Happy Flower"},{"floor":26,"key":"Cables"},{"floor":28,"key":"Gambling Chip"}],"event_choices":[{"damage_healed":0,"gold_gain":0,"player_choice":"Leave","damage_taken":0,"max_hp_gain":0,"max_hp_loss":0,"event_name":"The Cleric","floor":2,"gold_loss":0},{"damage_healed":0,"gold_gain":75,"player_choice":"Gather Gold","damage_taken":11,"max_hp_gain":0,"max_hp_loss":0,"event_name":"World of Goop","floor":3,"gold_loss":0},{"damage_healed":0,"gold_gain":0,"player_choice":"Success","damage_taken":3,"relics_obtained":["Bag of Preparation"],"max_hp_gain":0,"max_hp_loss":0,"event_name":"Scrap Ooze","floor":14,"gold_loss":0},{"damage_healed":0,"gold_gain":0,"player_choice":"Obtained Book","damage_taken":16,"max_hp_gain":0,"max_hp_loss":0,"event_name":"Cursed Tome","floor":20,"gold_loss":0},{"damage_healed":0,"gold_gain":0,"player_choice":"Joined the Cult","damage_taken":6,"max_hp_gain":0,"max_hp_loss":0,"event_name":"Nest","floor":22,"gold_loss":0,"cards_obtained":["RitualDagger"]}],"is_beta":true,"boss_relics":[{"not_picked":["White Beast Statue","Snecko Eye"],"picked":"Calling Bell"}],"items_purged_floors":[13],"is_endless":false,"potions_floor_spawned":[4,5,11,18,29,31],"killed_by":"Automaton","ascension_level":6}