{"gold_per_floor":[110,129,304,304,304,304,8,21,21,21,41,41,56,91,91,193,193,210,223,238,238,251,251,251],"floor_reached":24,"playtime":965,"items_purged":[],"score":233,"play_id":"5b8d72c0-29b5-487e-a3c4-59dd8ab7cbcc","local_time":"20190224071735","is_ascension_mode":true,"campfire_choices":[{"data":"Glass Knife","floor":6,"key":"SMITH"},{"data":"Neutralize","floor":10,"key":"SMITH"},{"data":"Dash","floor":12,"key":"SMITH"},{"data":"Deadly Poison","floor":15,"key":"SMITH"},{"data":"Deadly Poison","floor":23,"key":"SMITH"}],"neow_cost":"NONE","seed_source_timestamp":314192872426106,"circlet_count":0,"master_deck":["Defend_G","Defend_G+1","Defend_G","Defend_G","Defend_G+1","Strike_G","Strike_G","Strike_G","Strike_G","Strike_G","Survivor","Neutralize+1","Glass Knife+1","Deadly Poison+1","Dash+1","Dagger Throw+1","Deadly Poison+1","Bane+1","Grand Finale+1","Glass Knife+1","Bane+1","Underhanded Strike+1","Concentrate","Bouncing Flask"],"relics":["Ring of the Snake","Molten Egg 2","Pear","Potion Belt","White Beast Statue"],"potions_floor_usage":[11,18,20,22,24],"damage_taken":[{"damage":0,"enemies":"Small Slimes","floor":1,"turns":3},{"damage":0,"enemies":"2 Louse","floor":2,"turns":3},{"damage":0,"enemies":"Jaw Worm","floor":8,"turns":2},{"damage":0,"enemies":"Gremlin Gang","floor":11,"turns":6},{"damage":0,"enemies":"3 Louse","floor":13,"turns":3},{"damage":6,"enemies":"3 Sentries","floor":14,"turns":7},{"damage":26,"enemies":"Hexaghost","floor":16,"turns":8},{"damage":3,"enemies":"3 Byrds","floor":18,"turns":5},{"damage":1,"enemies":"Chosen","floor":19,"turns":3},{"damage":1,"enemies":"Shelled Parasite and Fungi","floor":20,"turns":4},{"damage":9,"enemies":"3 Cultists","floor":22,"turns":6},{"damage":51,"enemies":"Slavers","floor":24,"turns":6}],"seed_played":"7741342112768510306","potions_obtained":[{"floor":1,"key":"SkillPotion"},{"floor":14,"key":"Energy Potion"},{"floor":18,"key":"Energy Potion"},{"floor":19,"key":"Explosive Potion"},{"floor":20,"key":"FearPotion"},{"floor":22,"key":"GamblersBrew"}],"is_trial":false,"path_per_floor":["M","M","?","?","?","R","$","M","T","R","M","R","M","E","R","B",null,"M","M","M","?","M","R","E"],"character_chosen":"THE_SILENT","items_purchased":["Molten Egg 2","Dagger Throw+1"],"campfire_rested":0,"item_purchase_floors":[7,7],"current_hp_per_floor":[70,70,70,56,49,49,49,49,59,59,59,59,59,53,53,27,80,77,76,75,60,51,51,0],"gold":251,"neow_bonus":"ONE_RANDOM_RARE_CARD","is_prod":false,"is_daily":false,"chose_seed":false,"campfire_upgraded":5,"win_rate":0,"timestamp":1551021455,"path_taken":["M","M","?","?","?","R","?","M","T","R","M","R","M","E","R","BOSS","M","?","M","?","M","R","E"],"build_version":"2019-01-23","purchased_purges":0,"victory":false,"max_hp_per_floor":[70,70,70,70,70,70,70,70,80,80,80,80,80,80,80,80,80,80,80,80,85,85,85,85],"card_choices":[{"not_picked":["Reflex","Dodge and Roll"],"picked":"Deadly Poison","floor":1},{"not_picked":["Prepared","Dodge and Roll"],"picked":"Dash","floor":2},{"not_picked":["Endless Agony+1","Infinite Blades"],"picked":"Deadly Poison","floor":8},{"not_picked":["PiercingWail","Outmaneuver"],"picked":"Bane+1","floor":11},{"not_picked":["Caltrops","Acrobatics","Dodge and Roll"],"picked":"SKIP","floor":13},{"not_picked":["Skewer+1","PiercingWail"],"picked":"Grand Finale+1","floor":14},{"not_picked":["After Image","Phantasmal Killer"],"picked":"Glass Knife+1","floor":16},{"not_picked":["Expertise","Dodge and Roll"],"picked":"Bane+1","floor":18},{"not_picked":["Deflect+1","Setup"],"picked":"Underhanded Strike+1","floor":19},{"not_picked":["Underhanded Strike+1","Eviscerate+1"],"picked":"Concentrate","floor":20},{"not_picked":["Deflect","Prepared"],"picked":"Bouncing Flask","floor":22}],"player_experience":278386,"relics_obtained":[{"floor":9,"key":"Pear"},{"floor":14,"key":"Potion Belt"}],"event_choices":[{"damage_healed":0,"gold_gain":175,"player_choice":"AGREE","damage_taken":0,"max_hp_gain":0,"max_hp_loss":0,"event_name":"Liars Game","floor":3,"gold_loss":0,"cards_obtained":["Doubt"]},{"damage_healed":0,"gold_gain":0,"player_choice":"Entered Light","damage_taken":14,"max_hp_gain":0,"max_hp_loss":0,"event_name":"Shining Light","floor":4,"gold_loss":0,"cards_upgraded":["Defend_G","Defend_G"]},{"cards_removed":["Doubt"],"damage_healed":0,"gold_gain":0,"player_choice":"Card Removal","damage_taken":7,"max_hp_gain":0,"max_hp_loss":0,"event_name":"Golden Wing","floor":5,"gold_loss":0},{"damage_healed":0,"gold_gain":0,"player_choice":"Shed Blood","damage_taken":20,"max_hp_gain":5,"max_hp_loss":0,"event_name":"Forgotten Altar","floor":21,"gold_loss":0}],"is_beta":false,"boss_relics":[{"not_picked":["Velvet Choker","Pandora\u0027s Box"],"picked":"White Beast Statue"}],"items_purged_floors":[],"is_endless":false,"potions_floor_spawned":[1,14,18,19,20,22],"killed_by":"Slavers","ascension_level":1}