{"gold_per_floor":[116,129,129,204,204,204,73,73,73,118,144,144,158,189,189,261,261,281,301,301,8,22,48,48,48,48,81,81,31,66,84,84,158,158,176,189,189],"floor_reached":37,"playtime":1685,"items_purged":["Regret"],"score":967,"play_id":"2ae99aab-17da-4d4a-936c-6e7253a58dcb","local_time":"20181103124112","is_ascension_mode":true,"campfire_choices":[{"data":"Go for the Eyes","floor":6.0,"key":"SMITH"},{"floor":8.0,"key":"REST"},{"data":"Sweeping Beam","floor":15.0,"key":"SMITH"},{"data":"Hologram","floor":25.0,"key":"SMITH"},{"floor":28.0,"key":"REST"},{"data":"Hologram","floor":32,"key":"SMITH"}],"neow_cost":"NONE","seed_source_timestamp":8934137556802,"circlet_count":0,"master_deck":["AscendersBane","Defend_B","Defend_B","Defend_B","Defend_B","Zap+1","Dualcast+1","Go for the Eyes+1","Sweeping Beam+1","Ball Lightning","All For One+1","Sweeping Beam","Cold Snap","All For One","Beam Cell+1","Bite","Bite","Bite","Bite","Bite","Hologram+1","Steam","BootSequence","Stack+1","Hologram+1","Core Surge","Double Energy+1","Double Energy"],"special_seed":0,"relics":["Cracked Core","War Paint","Pantograph","Bottled Lightning","Question Card","Symbiotic Virus","Nuclear Battery","Kunai","Unceasing Top","Letter Opener","Regal Pillow","Matryoshka","Snecko Eye"],"potions_floor_usage":[31,33,37,37],"damage_taken":[{"damage":0.0,"enemies":"Cultist","floor":1.0,"turns":3.0},{"damage":2.0,"enemies":"2 Louse","floor":2.0,"turns":3.0},{"damage":10.0,"enemies":"3 Sentries","floor":11.0,"turns":5.0},{"damage":0.0,"enemies":"Small Slimes","floor":13.0,"turns":2.0},{"damage":39.0,"enemies":"Gremlin Nob","floor":14.0,"turns":4.0},{"damage":0.0,"enemies":"Slime Boss","floor":16.0,"turns":7.0},{"damage":7.0,"enemies":"Shell Parasite","floor":18.0,"turns":3.0},{"damage":2.0,"enemies":"3 Byrds","floor":19.0,"turns":3.0},{"damage":25.0,"enemies":"Centurion and Healer","floor":22.0,"turns":6.0},{"damage":15.0,"enemies":"Gremlin Leader","floor":23.0,"turns":5.0},{"damage":23.0,"enemies":"Slavers","floor":27.0,"turns":3.0},{"damage":10.0,"enemies":"Book of Stabbing","floor":30.0,"turns":3.0},{"damage":7,"enemies":"Shelled Parasite and Fungi","floor":31,"turns":3},{"damage":59,"enemies":"Champ","floor":33,"turns":9},{"damage":7,"enemies":"3 Shapes","floor":35,"turns":4},{"damage":26,"enemies":"3 Darklings","floor":36,"turns":5},{"damage":34,"enemies":"2 Orb Walkers","floor":37,"turns":3}],"seed_played":"-1111775454866837611","potions_obtained":[{"floor":11.0,"key":"Regen Potion"},{"floor":14.0,"key":"Explosive Potion"},{"floor":16.0,"key":"Ancient Potion"},{"floor":23.0,"key":"Block Potion"},{"floor":30.0,"key":"GamblersBrew"},{"floor":31,"key":"Regen Potion"},{"floor":36,"key":"Fruit Juice"}],"is_trial":false,"path_per_floor":["M","M","?","?","?","R","$","R","T","T","E","?","M","E","R","B",null,"M","M","?","$","M","E","?","R","T","E","R","?","E","M","R","B",null,"M","M","?"],"character_chosen":"DEFECT","items_purchased":["Fire Potion","Kunai","Hologram"],"campfire_rested":2,"item_purchase_floors":[7,21,21],"current_hp_per_floor":[64,62,62,51,25,25,25,46,46,46,36,36,36,2,2,27,60,53,51,49,49,30,29,29,29,29,12,41,41,37,36,36,9,39,42,28,4],"gold":189,"neow_bonus":"THREE_CARDS","is_prod":false,"is_daily":false,"chose_seed":false,"campfire_upgraded":4,"win_rate":0,"timestamp":1541263272,"path_taken":["M","M","?","?","?","R","?","R","T","?","E","?","M","E","R","BOSS","M","?","?","$","M","E","?","R","T","E","R","?","E","M","R","BOSS","M","?","?"],"build_version":"2018-11-02","purchased_purges":1,"victory":false,"max_hp_per_floor":[71,71,71,71,71,71,71,71,71,71,71,71,71,71,71,71,71,71,71,49,49,49,49,49,49,49,49,49,49,49,49,49,49,49,49,49,54],"card_choices":[{"not_picked":["Turbo","Gash"],"picked":"Go for the Eyes","floor":0.0},{"not_picked":["Coolheaded","Streamline"],"picked":"Sweeping Beam","floor":1.0},{"not_picked":["Gash","Streamline"],"picked":"Ball Lightning","floor":2.0},{"not_picked":["Hyperbeam","Cold Snap"],"picked":"All For One","floor":11.0},{"not_picked":["Tempest","Darkness","White Noise"],"picked":"Sweeping Beam","floor":13.0},{"not_picked":["White Noise","Seek","Sweeping Beam"],"picked":"Cold Snap","floor":14.0},{"not_picked":["Thunder Strike","Echo Form","Rainbow"],"picked":"All For One","floor":16.0},{"not_picked":["Conserve Battery","Redo","Hologram"],"picked":"Beam Cell+1","floor":18.0},{"not_picked":["Aggregate","Static Discharge+1","Storm","Reprogram"],"picked":"SKIP","floor":19.0},{"not_picked":["Rebound+1","Streamline","Skim"],"picked":"Steam","floor":22.0},{"not_picked":["Hologram+1","Skim","Melter"],"picked":"BootSequence","floor":23.0},{"not_picked":["Doom and Gloom","Reinforced Body+1","Streamline"],"picked":"Stack+1","floor":27.0},{"not_picked":["Barrage","Buffer","Coolheaded","Hyperbeam"],"picked":"SKIP","floor":30.0},{"not_picked":["Gash","Sunder","Static Discharge"],"picked":"Hologram","floor":31},{"not_picked":["Rainbow","Seek","Fission"],"picked":"Core Surge","floor":33},{"not_picked":["Ball Lightning+1","Steam","Consume"],"picked":"Double Energy+1","floor":35},{"not_picked":["Fusion+1","Redo","Heatsinks"],"picked":"Double Energy","floor":36}],"player_experience":814255,"relics_obtained":[{"floor":9.0,"key":"Bottled Lightning"},{"floor":11.0,"key":"Question Card"},{"floor":14.0,"key":"Symbiotic Virus"},{"floor":23.0,"key":"Unceasing Top"},{"floor":26.0,"key":"Letter Opener"},{"floor":27.0,"key":"Regal Pillow"},{"floor":30.0,"key":"Matryoshka"}],"event_choices":[{"damage_healed":0.0,"max_hp_gain":0.0,"max_hp_loss":0.0,"gold_gain":0.0,"event_name":"Big Fish","player_choice":"Box","floor":3.0,"gold_loss":0.0,"damage_taken":0.0,"relics_obtained":["War Paint"],"cards_obtained":["Regret"]},{"damage_healed":0.0,"max_hp_gain":0.0,"max_hp_loss":0.0,"gold_gain":75.0,"event_name":"World of Goop","player_choice":"Gather Gold","floor":4.0,"gold_loss":0.0,"damage_taken":11.0},{"damage_healed":0.0,"max_hp_gain":0.0,"max_hp_loss":0.0,"gold_gain":0.0,"event_name":"Scrap Ooze","player_choice":"Success","floor":5.0,"gold_loss":0.0,"damage_taken":26.0,"relics_obtained":["Pantograph"]},{"cards_removed":["Strike_B"],"damage_healed":0.0,"max_hp_gain":0.0,"max_hp_loss":0.0,"gold_gain":0.0,"event_name":"Purifier","player_choice":"Purged","floor":12.0,"gold_loss":0.0,"damage_taken":0.0},{"damage_healed":0.0,"max_hp_gain":0.0,"max_hp_loss":22.0,"gold_gain":0.0,"event_name":"Vampires","player_choice":"Became a vampire","floor":20.0,"gold_loss":0.0,"damage_taken":0.0,"cards_obtained":["Bite","Bite","Bite","Bite","Bite"]},{"damage_healed":0.0,"max_hp_gain":0.0,"max_hp_loss":0.0,"gold_gain":0.0,"event_name":"Beggar","player_choice":"Ignored","floor":24.0,"gold_loss":0.0,"damage_taken":0.0},{"damage_healed":0.0,"max_hp_gain":0.0,"max_hp_loss":0.0,"gold_gain":0.0,"event_name":"Designer","player_choice":"Upgrade","floor":29.0,"gold_loss":50.0,"damage_taken":0.0,"cards_upgraded":["All For One"]},{"damage_healed":0,"gold_gain":0,"player_choice":"Fight","damage_taken":0,"max_hp_gain":0,"max_hp_loss":0,"event_name":"Mysterious Sphere","floor":37,"gold_loss":0}],"is_beta":true,"boss_relics":[{"not_picked":["Astrolabe","Busted Crown"],"picked":"Nuclear Battery"},{"not_picked":["Lizard Tail","Coffee Dripper"],"picked":"Snecko Eye"}],"items_purged_floors":[7],"is_endless":false,"potions_floor_spawned":[11,14,16,22,23,30,31,36],"killed_by":"2 Orb Walkers","ascension_level":19}