{"gold_per_floor":[118,118,128,147,147,179,179,199,199,234,234,252,252,278,278,355,355,371,385,412,412,412,412,441,455,481,496,496,421,421,439,439,439],"floor_reached":33,"playtime":1376,"items_purged":["Aggregate"],"score":720,"play_id":"83725f85-a6fa-440b-ba1a-3541abcfe8a7","local_time":"20181026163947","is_ascension_mode":true,"campfire_choices":[{"data":"Zap","floor":11,"key":"SMITH"},{"data":"Buffer","floor":13,"key":"SMITH"},{"data":"Capacitor","floor":15,"key":"SMITH"},{"floor":23,"key":"REST"},{"floor":28,"key":"REST"},{"floor":32,"key":"REST"}],"neow_cost":"NONE","seed_source_timestamp":1287843095526023,"circlet_count":0,"master_deck":["Defend_B+1","Defend_B+1","Defend_B+1","Defend_B+1","Zap+1","Dualcast","AscendersBane","Genetic Algorithm+1","BootSequence","Undo","Buffer+1","Capacitor+1","Leap","Cold Snap","Barrage","Biased Cognition","Biased Cognition","Hologram+1","Aggregate+1","Hyperbeam"],"special_seed":0,"relics":["Cracked Core","NeowsBlessing","Bottled Flame","Sundial","Cables","Mummified Hand","Fusion Hammer","Centennial Puzzle","Vajra","War Paint"],"potions_floor_usage":[10,14,18,25,33],"damage_taken":[{"damage":0.0,"enemies":"2 Louse","floor":1.0,"turns":1.0},{"damage":0.0,"enemies":"Jaw Worm","floor":3.0,"turns":1.0},{"damage":0.0,"enemies":"Cultist","floor":4.0,"turns":1.0},{"damage":22,"enemies":"Lagavulin","floor":6,"turns":10},{"damage":0,"enemies":"Looter","floor":8,"turns":4},{"damage":27,"enemies":"3 Sentries","floor":10,"turns":10},{"damage":0,"enemies":"Red Slaver","floor":12,"turns":3},{"damage":0,"enemies":"Gremlin Nob","floor":14,"turns":4},{"damage":0,"enemies":"The Guardian","floor":16,"turns":11},{"damage":18,"enemies":"2 Thieves","floor":18,"turns":4},{"damage":0,"enemies":"3 Byrds","floor":19,"turns":4},{"damage":4,"enemies":"Slavers","floor":24,"turns":5},{"damage":0,"enemies":"3 Cultists","floor":25,"turns":5},{"damage":1,"enemies":"Snecko","floor":27,"turns":8},{"damage":0,"enemies":"Centurion and Healer","floor":31,"turns":6},{"damage":39,"enemies":"Collector","floor":33,"turns":9}],"seed_played":"-1172190402602361063","potions_obtained":[{"floor":3.0,"key":"Fire Potion"},{"floor":4.0,"key":"Regen Potion"},{"floor":12,"key":"SteroidPotion"},{"floor":14,"key":"Fire Potion"},{"floor":18,"key":"GamblersBrew"},{"floor":25,"key":"Block Potion"},{"floor":31,"key":"Weak Potion"}],"is_trial":false,"path_per_floor":["M","?","M","M","?","E","?","M","T","E","R","M","R","E","R","B",null,"M","M","T","?","?","R","E","M","T","M","R","$","?","M","R"],"character_chosen":"DEFECT","items_purchased":[],"campfire_rested":3,"item_purchase_floors":[],"current_hp_per_floor":[64,64,64,64,64,42,35,35,35,23,23,23,23,23,23,23,59,41,41,41,41,41,62,58,58,58,57,71,71,71,71,71,32],"gold":439,"neow_bonus":"THREE_ENEMY_KILL","is_prod":false,"is_daily":false,"chose_seed":false,"campfire_upgraded":3,"win_rate":0,"timestamp":1540586387,"path_taken":["M","?","M","?","?","E","?","M","T","E","R","M","R","E","R","BOSS","M","M","?","?","?","R","E","M","T","M","R","$","?","M","R","BOSS"],"build_version":"2018-10-25v2","purchased_purges":1,"victory":false,"max_hp_per_floor":[71,71,71,71,71,71,71,71,71,71,71,71,71,71,71,71,71,71,71,71,71,71,71,71,71,71,71,71,71,71,71,71,71],"card_choices":[{"not_picked":["Barrage","Loop"],"picked":"Genetic Algorithm","floor":1.0},{"not_picked":["Hologram","Beam Cell"],"picked":"BootSequence","floor":3.0},{"not_picked":["Sweeping Beam","Fusion"],"picked":"Undo","floor":4.0},{"not_picked":["Streamline","Coolheaded"],"picked":"Cold Snap","floor":6},{"not_picked":["Coolheaded","Chill"],"picked":"Barrage","floor":8},{"not_picked":["Hologram","Blizzard"],"picked":"Biased Cognition","floor":10},{"not_picked":["Fusion","Auto Shields","Streamline"],"picked":"SKIP","floor":12},{"not_picked":["Steam","Beam Cell","Meteor Strike"],"picked":"SKIP","floor":14},{"not_picked":["Hyperbeam","Multi-Cast"],"picked":"Biased Cognition","floor":16},{"not_picked":["Leap+1","Coolheaded"],"picked":"Hologram+1","floor":18},{"not_picked":["Rebound","Go for the Eyes","Stack"],"picked":"SKIP","floor":19},{"not_picked":["Capacitor","All For One","Hologram"],"picked":"SKIP","floor":24},{"not_picked":["Double Energy","Stack","Leap"],"picked":"SKIP","floor":25},{"not_picked":["Auto Shields","Stack","Beam Cell"],"picked":"SKIP","floor":27},{"not_picked":["Ball Lightning","Melter","Hologram"],"picked":"SKIP","floor":31},{"not_picked":["Ball Lightning","Melter","Hologram"],"picked":"SKIP","floor":31}],"player_experience":1025288,"relics_obtained":[{"floor":6,"key":"Bottled Flame"},{"floor":9,"key":"Sundial"},{"floor":10,"key":"Cables"},{"floor":14,"key":"Mummified Hand"},{"floor":20,"key":"Centennial Puzzle"},{"floor":24,"key":"Vajra"},{"floor":26,"key":"War Paint"}],"event_choices":[{"damage_healed":0.0,"max_hp_gain":0.0,"max_hp_loss":0.0,"gold_gain":0.0,"cards_transformed":["Strike_B"],"event_name":"Living Wall","player_choice":"Change","floor":2.0,"gold_loss":0.0,"damage_taken":0.0,"cards_obtained":["Aggregate"]},{"damage_healed":0,"gold_gain":0,"player_choice":"3 cards matched","damage_taken":0,"max_hp_gain":0,"max_hp_loss":0,"event_name":"Match and Keep!","floor":5,"gold_loss":0,"cards_obtained":["Buffer","Capacitor","Leap"]},{"cards_removed":["Strike_B"],"damage_healed":0,"gold_gain":0,"player_choice":"Card Removal","damage_taken":7,"max_hp_gain":0,"max_hp_loss":0,"event_name":"Golden Wing","floor":7,"gold_loss":0},{"damage_healed":0,"gold_gain":0,"cards_transformed":["Strike_B","Strike_B"],"player_choice":"Became Test Subject","damage_taken":0,"max_hp_gain":0,"max_hp_loss":0,"event_name":"Drug Dealer","floor":21,"gold_loss":0,"cards_obtained":["Aggregate","Hyperbeam"]},{"damage_healed":0,"gold_gain":0,"player_choice":"Simplicity","damage_taken":0,"max_hp_gain":0,"max_hp_loss":0,"event_name":"Back to Basics","floor":22,"gold_loss":0,"cards_upgraded":["Defend_B","Defend_B","Defend_B","Defend_B"]},{"damage_healed":0,"gold_gain":0,"player_choice":"Ignored","damage_taken":0,"max_hp_gain":0,"max_hp_loss":0,"event_name":"Ghosts","floor":30,"gold_loss":0}],"is_beta":false,"boss_relics":[{"not_picked":["Pandora\u0027s Box","Busted Crown"],"picked":"Fusion Hammer"}],"items_purged_floors":[29],"is_endless":false,"potions_floor_spawned":[3,4,12,14,18,25,27,31],"killed_by":"Collector","ascension_level":20}