{"gold_per_floor":[112,287,17,35,35,35,51,65,65,77,77,177,196,216,216,216],"floor_reached":16,"playtime":478,"items_purged":["Doubt"],"score":94,"play_id":"fd32d1a4-fe66-42a9-add3-1b90f68ebfda","local_time":"20190130032635","is_ascension_mode":false,"campfire_choices":[{"data":"Armaments","floor":6,"key":"SMITH"},{"data":"Bash","floor":15,"key":"SMITH"}],"neow_cost":"NONE","seed_source_timestamp":246596341849552,"circlet_count":0,"master_deck":["Strike_R","Strike_R","Strike_R","Strike_R","Strike_R","Defend_R","Defend_R+1","Defend_R","Defend_R+1","Bash+1","Armaments+1","Flex","Flex","Heavy Blade"],"relics":["Burning Blood","Happy Flower","War Paint","Anchor","Golden Idol"],"potions_floor_usage":[4,10,13],"damage_taken":[{"damage":8,"enemies":"Small Slimes","floor":1,"turns":3},{"damage":0,"enemies":"Jaw Worm","floor":4,"turns":3},{"damage":1,"enemies":"Cultist","floor":7,"turns":4},{"damage":2,"enemies":"Blue Slaver","floor":8,"turns":5},{"damage":8,"enemies":"Gremlin Gang","floor":10,"turns":5},{"damage":0,"enemies":"Looter","floor":13,"turns":2},{"damage":0,"enemies":"Exordium Wildlife","floor":14,"turns":4},{"damage":73,"enemies":"The Guardian","floor":16,"turns":10}],"seed_played":"-196050638003299296","potions_obtained":[{"floor":1,"key":"Poison Potion"},{"floor":4,"key":"Fire Potion"},{"floor":10,"key":"PowerPotion"}],"is_trial":false,"path_per_floor":["M","?","$","M","$","R","M","M","T","M","?","?","M","M","R","B"],"character_chosen":"IRONCLAD","items_purchased":["War Paint","Flex"],"campfire_rested":0,"item_purchase_floors":[3,3],"current_hp_per_floor":[78,78,78,80,80,80,80,80,80,78,58,58,64,70,70,0],"gold":216,"neow_bonus":"RANDOM_COMMON_RELIC","is_prod":false,"is_daily":false,"chose_seed":false,"campfire_upgraded":2,"win_rate":0,"timestamp":1548847595,"path_taken":["M","?","?","M","$","R","M","?","T","M","?","?","?","M","R","BOSS"],"build_version":"2019-01-23","purchased_purges":1,"victory":false,"max_hp_per_floor":[80,80,80,80,80,80,80,80,80,80,80,80,80,80,80,80],"card_choices":[{"not_picked":["Rampage","Sword Boomerang"],"picked":"Armaments","floor":1},{"not_picked":["Pommel Strike","Wild Strike","Body Slam"],"picked":"SKIP","floor":4},{"not_picked":["Sword Boomerang","Carnage","Entrench"],"picked":"SKIP","floor":7},{"not_picked":["Flame Barrier","Wild Strike"],"picked":"Flex","floor":8},{"not_picked":["Fire Breathing","Thunderclap","Disarm"],"picked":"SKIP","floor":10},{"not_picked":["True Grit","Flex"],"picked":"Heavy Blade","floor":13},{"not_picked":["Shrug It Off","Perfected Strike","True Grit"],"picked":"SKIP","floor":14}],"player_experience":222459,"relics_obtained":[{"floor":9,"key":"Anchor"}],"event_choices":[{"damage_healed":0,"gold_gain":175,"player_choice":"AGREE","damage_taken":0,"max_hp_gain":0,"max_hp_loss":0,"event_name":"Liars Game","floor":2,"gold_loss":0,"cards_obtained":["Doubt"]},{"damage_healed":0,"gold_gain":0,"player_choice":"Take Damage","damage_taken":20,"relics_obtained":["Golden Idol"],"max_hp_gain":0,"max_hp_loss":0,"event_name":"Golden Idol","floor":11,"gold_loss":0},{"damage_healed":0,"gold_gain":100,"player_choice":"Pray","damage_taken":0,"max_hp_gain":0,"max_hp_loss":0,"event_name":"Golden Shrine","floor":12,"gold_loss":0}],"is_beta":false,"boss_relics":[],"items_purged_floors":[3],"is_endless":false,"potions_floor_spawned":[1,4,10],"killed_by":"The Guardian","ascension_level":0}