{"gold_per_floor":[215,215,140,153,228,253,253,269,269,303,303,303,377,377,377,466,466,485,130,180,194,194,232,232,251,251,251,275,314,314,357,357,357],"floor_reached":33,"playtime":1318,"items_purged":["Regret"],"score":603,"play_id":"21ceb312-7e07-48a9-af49-5ee0577edcb6","local_time":"20190322161801","is_ascension_mode":true,"campfire_choices":[{"floor":7,"key":"REST"},{"data":"Bash","floor":11,"key":"SMITH"},{"data":"Spot Weakness","floor":15,"key":"SMITH"},{"floor":24,"key":"RECALL"},{"floor":32,"key":"REST"}],"neow_cost":"NONE","seed_source_timestamp":819610083707201,"circlet_count":0,"master_deck":["AscendersBane","Strike_R","Strike_R","Strike_R","Strike_R","Strike_R","Defend_R","Defend_R","Defend_R","Defend_R","Bash+1","Spot Weakness+1","Cleave","Feed","Sword Boomerang","Exhume","Headbutt+1","Shrug It Off","Reaper","Dark Shackles","True Grit+1","Flame Barrier","Limit Break","Writhe"],"relics":["Burning Blood","Singing Bowl","Potion Belt","Happy Flower","Ornamental Fan","Golden Idol","Gremlin Horn","Fusion Hammer","Regal Pillow","Pantograph","Oddly Smooth Stone","Charon\u0027s Ashes","Art of War","Red Mask"],"potions_floor_usage":[10,16,16,25,33],"damage_taken":[{"damage":7,"enemies":"Cultist","floor":1,"turns":4},{"damage":2,"enemies":"Small Slimes","floor":4,"turns":3},{"damage":45,"enemies":"Lagavulin","floor":6,"turns":6},{"damage":9,"enemies":"2 Louse","floor":8,"turns":3},{"damage":35,"enemies":"3 Sentries","floor":10,"turns":9},{"damage":13,"enemies":"Hexaghost","floor":16,"turns":7},{"damage":24,"enemies":"2 Thieves","floor":18,"turns":4},{"damage":6,"enemies":"3 Byrds","floor":21,"turns":7},{"damage":5,"enemies":"Gremlin Leader","floor":23,"turns":5},{"damage":36,"enemies":"Snecko","floor":25,"turns":5},{"damage":22,"enemies":"Snake Plant","floor":28,"turns":5},{"damage":24,"enemies":"Book of Stabbing","floor":29,"turns":4},{"damage":37,"enemies":"Masked Bandits","floor":31,"turns":6},{"damage":127,"enemies":"Automaton","floor":33,"turns":10}],"seed_played":"7246191721111864888","potions_obtained":[{"floor":1,"key":"Fire Potion"},{"floor":6,"key":"SteroidPotion"},{"floor":10,"key":"Weak Potion"},{"floor":21,"key":"Energy Potion"},{"floor":23,"key":"Fruit Juice"},{"floor":29,"key":"Strength Potion"}],"is_trial":false,"path_per_floor":["M","?","$","M","?","E","R","M","T","E","R","?","?","T","R","B",null,"M","$","?","M","T","E","R","M","T","?","M","E","?","?","R","B"],"character_chosen":"IRONCLAD","items_purchased":["Shrug It Off","Reaper","Dark Shackles","Fire Potion"],"campfire_rested":2,"item_purchase_floors":[19,19,19,19],"current_hp_per_floor":[67,67,67,71,60,21,43,45,45,19,19,19,19,19,19,12,59,44,44,44,57,57,86,86,59,59,59,52,55,55,56,102,0],"gold":357,"neow_bonus":"HUNDRED_GOLD","is_prod":false,"is_daily":false,"chose_seed":false,"campfire_upgraded":2,"win_rate":0,"timestamp":1553285881,"path_taken":["M","?","$","M","?","E","R","M","T","E","R","?","?","?","R","BOSS","M","$","?","M","?","E","R","M","T","?","?","E","?","?","R","BOSS"],"build_version":"2019-03-15","purchased_purges":1,"victory":false,"max_hp_per_floor":[75,75,75,75,75,75,75,80,80,83,83,75,75,75,75,75,75,78,78,78,86,86,86,86,89,89,89,92,97,97,105,105,105],"card_choices":[{"not_picked":["Twin Strike","Hemokinesis"],"picked":"Spot Weakness","floor":1},{"not_picked":["Sword Boomerang","Carnage"],"picked":"Cleave","floor":4},{"not_picked":["Flex","Heavy Blade"],"picked":"Feed","floor":6},{"not_picked":["Bloodletting","Sentinel","Cleave"],"picked":"Singing Bowl","floor":8},{"not_picked":["Thunderclap","Dark Embrace"],"picked":"Sword Boomerang","floor":10},{"not_picked":["Dark Embrace","Impervious"],"picked":"Exhume","floor":16},{"not_picked":["Second Wind","Hemokinesis"],"picked":"Headbutt+1","floor":18},{"not_picked":["Heavy Blade","Clash","Pummel"],"picked":"Singing Bowl","floor":21},{"not_picked":["Burning Pact","Spot Weakness"],"picked":"True Grit","floor":23},{"not_picked":["Perfected Strike","Twin Strike"],"picked":"Flame Barrier","floor":25},{"not_picked":["Wild Strike","Pommel Strike"],"picked":"Limit Break","floor":28},{"not_picked":["Twin Strike","Inflame","Perfected Strike"],"picked":"Singing Bowl","floor":29},{"not_picked":["Iron Wave","Cleave","Carnage"],"picked":"Singing Bowl","floor":31}],"player_experience":1180947,"relics_obtained":[{"floor":6,"key":"Potion Belt"},{"floor":9,"key":"Happy Flower"},{"floor":10,"key":"Ornamental Fan"},{"floor":14,"key":"Gremlin Horn"},{"floor":22,"key":"Regal Pillow"},{"floor":23,"key":"Pantograph"},{"floor":26,"key":"Oddly Smooth Stone"},{"floor":29,"key":"Charon\u0027s Ashes"},{"floor":31,"key":"Red Mask"}],"event_choices":[{"damage_healed":0,"gold_gain":0,"player_choice":"Box","damage_taken":0,"relics_obtained":["Singing Bowl"],"max_hp_gain":0,"max_hp_loss":0,"event_name":"Big Fish","floor":2,"gold_loss":0,"cards_obtained":["Regret"]},{"damage_healed":0,"gold_gain":75,"player_choice":"Gather Gold","damage_taken":11,"max_hp_gain":0,"max_hp_loss":0,"event_name":"World of Goop","floor":5,"gold_loss":0},{"damage_healed":0,"gold_gain":0,"player_choice":"Lose Max HP","damage_taken":0,"relics_obtained":["Golden Idol"],"max_hp_gain":0,"max_hp_loss":8,"event_name":"Golden Idol","floor":12,"gold_loss":0},{"damage_healed":0,"gold_gain":74,"player_choice":"Gained Gold","damage_taken":0,"max_hp_gain":0,"max_hp_loss":0,"event_name":"Golden Wing","floor":13,"gold_loss":0},{"damage_healed":0,"gold_gain":50,"player_choice":"Stole From Cult","damage_taken":0,"max_hp_gain":0,"max_hp_loss":0,"event_name":"Nest","floor":20,"gold_loss":0},{"damage_healed":0,"gold_gain":0,"player_choice":"Forge","damage_taken":0,"max_hp_gain":0,"max_hp_loss":0,"event_name":"Accursed Blacksmith","floor":27,"gold_loss":0,"cards_upgraded":["True Grit"]},{"damage_healed":0,"gold_gain":0,"player_choice":"Opened","damage_taken":0,"relics_obtained":["Art of War"],"max_hp_gain":0,"max_hp_loss":0,"event_name":"The Mausoleum","floor":30,"gold_loss":0,"cards_obtained":["Writhe"]},{"damage_healed":0,"gold_gain":0,"player_choice":"Fought Bandits","damage_taken":0,"max_hp_gain":0,"max_hp_loss":0,"event_name":"Masked Bandits","floor":31,"gold_loss":0}],"is_beta":true,"boss_relics":[{"not_picked":["Black Star","Ectoplasm"],"picked":"Fusion Hammer"}],"items_purged_floors":[3],"is_endless":false,"potions_floor_spawned":[1,6,10,21,23,29],"killed_by":"Automaton","ascension_level":20}