{"gold_per_floor":[110,130,80,80,97,97,114,142,169,203,31,31,58,58,58,154,154,168,194,194,194,205,205,234,234,234,234,254,9,44,44,44,145,145,164,164,176,51,65,94,106,106,133,133,133,158,184,406,406,406],"floor_reached":50,"playtime":1561,"items_purged":["Strike_R","Strike_R","Strike_R"],"score":657,"play_id":"fa343c79-259d-446c-806d-eb94f57e42ff","local_time":"20190318054521","is_ascension_mode":true,"campfire_choices":[{"data":"Bludgeon","floor":6,"key":"SMITH"},{"data":"Enlightenment","floor":12,"key":"SMITH"},{"data":"Feed","floor":15,"key":"SMITH"},{"data":"Bludgeon","floor":23,"key":"SMITH"},{"data":"Uppercut","floor":25,"key":"SMITH"},{"floor":32,"key":"REST"},{"data":"Dark Shackles","floor":42,"key":"SMITH"},{"data":"Searing Blow+1","floor":45,"key":"SMITH"},{"floor":49,"key":"REST"}],"neow_cost":"NONE","seed_source_timestamp":161283939021629,"circlet_count":0,"master_deck":["Strike_R+1","Defend_R","Defend_R","Defend_R+1","Defend_R+1","Bash+1","Clash","Clash","Bludgeon+1","Clothesline","Feed+1","Metallicize","Enlightenment+1","Heavy Blade","Bludgeon+1","Uppercut+1","Shockwave+1","Searing Blow+2","Dark Shackles+1","Shame","Pain"],"relics":["Burning Blood","Boot","Bag of Marbles","Red Skull","Lantern","Eternal Feather","Red Mask","MutagenicStrength","Torii","Whetstone","Blood Vial","Bottled Flame","Cursed Key","War Paint","Strawberry","Pantograph","PreservedInsect"],"potions_floor_usage":[5,7,8,10,16,18,24,37,40,40,46,50],"damage_taken":[{"damage":10,"enemies":"Small Slimes","floor":1,"turns":3},{"damage":3,"enemies":"2 Louse","floor":2,"turns":4},{"damage":7,"enemies":"Jaw Worm","floor":5,"turns":2},{"damage":2,"enemies":"3 Louse","floor":7,"turns":3},{"damage":19,"enemies":"Lagavulin","floor":8,"turns":4},{"damage":19,"enemies":"3 Sentries","floor":10,"turns":5},{"damage":10,"enemies":"Gremlin Nob","floor":13,"turns":3},{"damage":22,"enemies":"Hexaghost","floor":16,"turns":4},{"damage":1,"enemies":"Spheric Guardian","floor":18,"turns":3},{"damage":39,"enemies":"Masked Bandits","floor":19,"turns":4},{"damage":0,"enemies":"Chosen","floor":22,"turns":1},{"damage":47,"enemies":"Gremlin Leader","floor":24,"turns":4},{"damage":18,"enemies":"Centurion and Healer","floor":28,"turns":3},{"damage":17,"enemies":"Book of Stabbing","floor":30,"turns":4},{"damage":65,"enemies":"Collector","floor":33,"turns":6},{"damage":5,"enemies":"3 Shapes","floor":35,"turns":3},{"damage":18,"enemies":"3 Darklings","floor":37,"turns":5},{"damage":4,"enemies":"Sphere and 2 Shapes","floor":39,"turns":3},{"damage":20,"enemies":"Nemesis","floor":40,"turns":5},{"damage":0,"enemies":"Spire Growth","floor":41,"turns":2},{"damage":93,"enemies":"Reptomancer","floor":46,"turns":6},{"damage":122,"enemies":"Time Eater","floor":50,"turns":11}],"seed_played":"-1771301178797155768","potions_obtained":[{"floor":0,"key":"Weak Potion"},{"floor":0,"key":"BloodPotion"},{"floor":0,"key":"LiquidBronze"},{"floor":2,"key":"PowerPotion"},{"floor":5,"key":"EssenceOfSteel"},{"floor":13,"key":"AttackPotion"},{"floor":16,"key":"SkillPotion"},{"floor":18,"key":"SpeedPotion"},{"floor":19,"key":"Strength Potion"},{"floor":33,"key":"BloodPotion"},{"floor":35,"key":"PowerPotion"},{"floor":39,"key":"Regen Potion"},{"floor":46,"key":"Explosive Potion"}],"is_trial":false,"path_per_floor":["M","M","?","?","M","R","M","E","T","E","$","R","E","T","R","B",null,"M","?","?","?","M","R","E","R","T","?","M","$","E","$","R","B",null,"M","?","M","$","M","E","M","R","T","?","R","E","T","?","R","B"],"character_chosen":"IRONCLAD","items_purchased":["Enlightenment","Blood Vial"],"campfire_rested":2,"item_purchase_floors":[11,29],"current_hp_per_floor":[76,79,79,84,85,85,85,72,72,62,62,62,58,58,58,42,88,88,55,55,84,88,88,47,56,56,56,48,48,43,43,80,27,100,104,104,92,92,96,90,102,108,115,115,115,42,42,42,88,0],"gold":406,"neow_bonus":"THREE_SMALL_POTIONS","is_prod":false,"is_daily":false,"chose_seed":false,"campfire_upgraded":7,"win_rate":0,"timestamp":1552913121,"path_taken":["M","M","?","?","M","R","M","E","T","E","$","R","E","?","R","BOSS","M","?","?","?","?","R","E","R","T","?","M","?","E","$","R","BOSS","M","?","M","$","M","E","M","R","T","?","R","E","?","?","R","BOSS"],"build_version":"2019-01-23","purchased_purges":3,"victory":false,"max_hp_per_floor":[80,80,80,85,85,85,85,85,85,88,88,88,88,88,88,88,88,88,88,88,88,88,88,88,88,88,88,92,92,96,96,96,100,100,104,104,104,104,104,104,108,108,115,115,115,115,115,115,115,115],"card_choices":[{"not_picked":["Armaments","Clothesline"],"picked":"Clash","floor":1},{"not_picked":["Dropkick","Wild Strike"],"picked":"Clash","floor":2},{"not_picked":["Dual Wield","Inflame"],"picked":"Bludgeon","floor":5},{"not_picked":["Armaments","Iron Wave"],"picked":"Clothesline","floor":7},{"not_picked":["Inflame","Entrench"],"picked":"Feed","floor":8},{"not_picked":["Brutality","Armaments"],"picked":"Metallicize","floor":10},{"not_picked":["Havoc","Iron Wave"],"picked":"Heavy Blade","floor":13},{"not_picked":["Berserk","Fiend Fire"],"picked":"Bludgeon","floor":16},{"not_picked":["Bloodletting","Clothesline","Evolve"],"picked":"SKIP","floor":18},{"not_picked":["Body Slam+1","Armaments"],"picked":"Uppercut","floor":19},{"not_picked":["Anger","Sever Soul","Havoc"],"picked":"SKIP","floor":22},{"not_picked":["Armaments","Seeing Red"],"picked":"Shockwave+1","floor":24},{"not_picked":["Twin Strike","Warcry","Combust"],"picked":"SKIP","floor":28},{"not_picked":["Bloodletting+1","Juggernaut","Cleave"],"picked":"SKIP","floor":30},{"not_picked":["Heavy Blade","Sword Boomerang"],"picked":"Searing Blow+1","floor":35},{"not_picked":["Chrysalis","Metamorphosis"],"picked":"Dark Shackles","floor":36},{"not_picked":["Twin Strike","Perfected Strike","Clothesline+1"],"picked":"SKIP","floor":37},{"not_picked":["Whirlwind+1","Evolve+1","Clothesline+1"],"picked":"SKIP","floor":39},{"not_picked":["Berserk","Intimidate","Iron Wave+1"],"picked":"SKIP","floor":40},{"not_picked":["Perfected Strike+1","Searing Blow","Intimidate"],"picked":"SKIP","floor":41},{"not_picked":["Second Wind","Heavy Blade+1","Shrug It Off"],"picked":"SKIP","floor":46}],"player_experience":357845,"relics_obtained":[{"floor":8,"key":"Boot"},{"floor":9,"key":"Bag of Marbles"},{"floor":10,"key":"Red Skull"},{"floor":13,"key":"Lantern"},{"floor":19,"key":"Red Mask"},{"floor":24,"key":"Torii"},{"floor":26,"key":"Whetstone"},{"floor":30,"key":"Bottled Flame"},{"floor":40,"key":"War Paint"},{"floor":43,"key":"Strawberry"},{"floor":46,"key":"Pantograph"},{"floor":47,"key":"PreservedInsect"}],"event_choices":[{"cards_removed":["Strike_R"],"damage_healed":0,"gold_gain":0,"player_choice":"Card Removal","damage_taken":0,"max_hp_gain":0,"max_hp_loss":0,"event_name":"The Cleric","floor":3,"gold_loss":50},{"damage_healed":0,"gold_gain":0,"player_choice":"Donut","damage_taken":0,"max_hp_gain":5,"max_hp_loss":0,"event_name":"Big Fish","floor":4,"gold_loss":0},{"damage_healed":0,"gold_gain":0,"player_choice":"Fought Bandits","damage_taken":0,"max_hp_gain":0,"max_hp_loss":0,"event_name":"Masked Bandits","floor":19,"gold_loss":0},{"damage_healed":0,"gold_gain":0,"player_choice":"Inject Mutagens","damage_taken":0,"relics_obtained":["MutagenicStrength"],"max_hp_gain":0,"max_hp_loss":0,"event_name":"Drug Dealer","floor":20,"gold_loss":0},{"damage_healed":29,"gold_gain":0,"player_choice":"Heal","damage_taken":0,"max_hp_gain":0,"max_hp_loss":0,"event_name":"The Library","floor":21,"gold_loss":0},{"damage_healed":0,"gold_gain":0,"player_choice":"Ignored","damage_taken":0,"max_hp_gain":0,"max_hp_loss":0,"event_name":"Ghosts","floor":27,"gold_loss":0},{"damage_healed":0,"gold_gain":0,"player_choice":"Memory 1","damage_taken":0,"max_hp_gain":0,"max_hp_loss":0,"event_name":"SensoryStone","floor":36,"gold_loss":0},{"damage_healed":0,"gold_gain":0,"player_choice":"Ignored","damage_taken":0,"max_hp_gain":0,"max_hp_loss":0,"event_name":"Mysterious Sphere","floor":44,"gold_loss":0},{"damage_healed":0,"gold_gain":222,"player_choice":"Wore Mask","damage_taken":0,"max_hp_gain":0,"max_hp_loss":0,"event_name":"Tomb of Lord Red Mask","floor":48,"gold_loss":0}],"is_beta":false,"boss_relics":[{"not_picked":["Ectoplasm","Snecko Eye"],"picked":"Eternal Feather"},{"not_picked":["Black Star","Philosopher\u0027s Stone"],"picked":"Cursed Key"}],"items_purged_floors":[11,29,38],"is_endless":false,"potions_floor_spawned":[2,5,13,16,18,19,33,35,39,46],"killed_by":"Time Eater","ascension_level":2}