{"gold_per_floor":[118,118,136,311,311,342,342,360,360,37,48,148,148,162,162,162],"floor_reached":16,"playtime":437,"items_purged":[],"score":165,"play_id":"29b72932-4de1-4b23-8d2e-75ca3b687509","local_time":"20190220160442","is_ascension_mode":true,"campfire_choices":[{"floor":7,"key":"REST"},{"floor":13,"key":"REST"},{"data":"Double Energy","floor":15,"key":"SMITH"}],"neow_cost":"CURSE","seed_source_timestamp":20268983294286,"circlet_count":0,"master_deck":["AscendersBane","Strike_B","Strike_B","Strike_B","Defend_B","Defend_B","Defend_B","Defend_B","Dualcast","Shame","Ball Lightning","Meteor Strike","Recycle","Doubt","Compile Driver","Chill","Electrodynamics","Double Energy+1","Skim","Capacitor"],"relics":["Cracked Core","Gambling Chip","StoneCalendar","Darkstone Periapt","Cables"],"potions_floor_usage":[16,16],"damage_taken":[{"damage":2,"enemies":"2 Louse","floor":1,"turns":2},{"damage":0,"enemies":"Cultist","floor":3,"turns":3},{"damage":65,"enemies":"3 Sentries","floor":6,"turns":9},{"damage":7,"enemies":"Small Slimes","floor":8,"turns":3},{"damage":14,"enemies":"Looter","floor":11,"turns":4},{"damage":0,"enemies":"3 Louse","floor":14,"turns":1},{"damage":25,"enemies":"Hexaghost","floor":16,"turns":4}],"seed_played":"7640851767142339838","potions_obtained":[{"floor":6,"key":"LiquidBronze"},{"floor":8,"key":"Ancient Potion"}],"is_trial":false,"path_per_floor":["M","?","M","?","?","E","R","M","T","$","M","?","R","M","R","B"],"character_chosen":"DEFECT","items_purchased":["Double Energy","Cables"],"campfire_rested":2,"item_purchase_floors":[10,10],"current_hp_per_floor":[66,66,66,66,66,1,23,16,16,16,2,2,24,24,24,0],"gold":162,"neow_bonus":"ONE_RARE_RELIC","is_prod":false,"is_daily":false,"chose_seed":false,"campfire_upgraded":1,"win_rate":0,"timestamp":1550696682,"path_taken":["M","?","?","?","?","E","R","M","T","$","M","?","R","M","R","BOSS"],"build_version":"2019-02-06","purchased_purges":0,"victory":false,"max_hp_per_floor":[75,75,75,75,75,75,75,75,75,75,75,75,75,75,75,75],"card_choices":[{"not_picked":["Beam Cell","Reinforced Body"],"picked":"Ball Lightning","floor":1},{"not_picked":["Doom and Gloom","Rebound"],"picked":"Recycle","floor":3},{"not_picked":["Storm","Sweeping Beam"],"picked":"Chill","floor":6},{"not_picked":["Heatsinks","Sweeping Beam"],"picked":"Electrodynamics","floor":8},{"not_picked":["Sweeping Beam","Beam Cell"],"picked":"Skim","floor":11},{"not_picked":["Beam Cell","Compile Driver"],"picked":"Capacitor","floor":14}],"player_experience":404101,"relics_obtained":[{"floor":6,"key":"StoneCalendar"},{"floor":9,"key":"Darkstone Periapt"}],"event_choices":[{"damage_healed":0,"gold_gain":0,"cards_transformed":["Strike_B"],"player_choice":"Transformed","damage_taken":0,"max_hp_gain":0,"max_hp_loss":0,"event_name":"Transmorgrifier","floor":2,"gold_loss":0,"cards_obtained":["Meteor Strike"]},{"damage_healed":0,"gold_gain":175,"player_choice":"AGREE","damage_taken":0,"max_hp_gain":0,"max_hp_loss":0,"event_name":"Liars Game","floor":4,"gold_loss":0,"cards_obtained":["Doubt"]},{"damage_healed":0,"gold_gain":0,"cards_transformed":["Zap"],"player_choice":"Change","damage_taken":0,"max_hp_gain":0,"max_hp_loss":0,"event_name":"Living Wall","floor":5,"gold_loss":0,"cards_obtained":["Compile Driver"]},{"damage_healed":0,"gold_gain":100,"player_choice":"Pray","damage_taken":0,"max_hp_gain":0,"max_hp_loss":0,"event_name":"Golden Shrine","floor":12,"gold_loss":0}],"is_beta":true,"boss_relics":[],"items_purged_floors":[],"is_endless":false,"potions_floor_spawned":[6,8,14],"killed_by":"Hexaghost","ascension_level":13}