{"gold_per_floor":[117,117,117,137,151,151,164,164,191,46,56,84,84,115,115,215,215,235,249,249,19,0,29,29,56,79,79,79,91,101,116,116,214,214,234,249,6,6,6,41,41,59,59,59,59,59,88,99,99,99],"floor_reached":50,"playtime":1555,"items_purged":["Shame"],"score":603,"play_id":"e087fec8-c905-4bf3-b8f0-6c45e6ae2151","local_time":"20190320033202","is_ascension_mode":true,"campfire_choices":[{"data":"Infernal Blade","floor":6,"key":"SMITH"},{"data":"Inflame","floor":8,"key":"SMITH"},{"data":"Rupture","floor":13,"key":"SMITH"},{"data":"Bash","floor":15,"key":"SMITH"},{"floor":24,"key":"REST"},{"data":"Reaper","floor":28,"key":"SMITH"},{"floor":32,"key":"REST"},{"data":"Rupture","floor":41,"key":"SMITH"},{"data":"Heavy Blade","floor":46,"key":"SMITH"},{"floor":49,"key":"REST"}],"neow_cost":"NONE","seed_source_timestamp":326106659750744,"circlet_count":0,"master_deck":["Strike_R+1","Strike_R","Strike_R","Strike_R","Defend_R","Defend_R+1","Defend_R","Defend_R","Bash+1","Clothesline+1","Infernal Blade+1","Inflame+1","Rupture+1","Reaper+1","Twin Strike","Combust+1","Uppercut","Flex","Blood for Blood","Cleave","Reaper","Regret","Parasite","Shrug It Off","Rupture+1","Apotheosis","Good Instincts","Heavy Blade+1","Metallicize","Combust+1"],"relics":["Burning Blood","NeowsBlessing","Potion Belt","PreservedInsect","Bronze Scales","Centennial Puzzle","Lizard Tail","Brimstone","Juzu Bracelet","Regal Pillow","Lantern","Calling Bell","Smiling Mask","Mummified Hand","Thread and Needle","Bottled Tornado","Darkstone Periapt","Oddly Smooth Stone"],"potions_floor_usage":[11,11,14,19,23,25,33,36,36,36,40,40,42,48,50],"damage_taken":[{"damage":0,"enemies":"Small Slimes","floor":1,"turns":1},{"damage":0,"enemies":"Jaw Worm","floor":4,"turns":1},{"damage":0,"enemies":"Cultist","floor":5,"turns":1},{"damage":0,"enemies":"3 Louse","floor":7,"turns":2},{"damage":19,"enemies":"Exordium Wildlife","floor":11,"turns":4},{"damage":13,"enemies":"3 Sentries","floor":12,"turns":5},{"damage":23,"enemies":"Lagavulin","floor":14,"turns":4},{"damage":36,"enemies":"Hexaghost","floor":16,"turns":7},{"damage":9,"enemies":"Chosen","floor":18,"turns":4},{"damage":27,"enemies":"Spheric Guardian","floor":19,"turns":4},{"damage":66,"enemies":"Gremlin Leader","floor":23,"turns":4},{"damage":61,"enemies":"Slavers","floor":25,"turns":4},{"damage":5,"enemies":"Centurion and Healer","floor":29,"turns":4},{"damage":57,"enemies":"Shelled Parasite and Fungi","floor":30,"turns":4},{"damage":15,"enemies":"Snecko","floor":31,"turns":3},{"damage":66,"enemies":"Collector","floor":33,"turns":5},{"damage":68,"enemies":"3 Darklings","floor":35,"turns":4},{"damage":8,"enemies":"Orb Walker","floor":36,"turns":2},{"damage":15,"enemies":"Giant Head","floor":40,"turns":5},{"damage":16,"enemies":"Sphere and 2 Shapes","floor":42,"turns":4},{"damage":53,"enemies":"Nemesis","floor":47,"turns":5},{"damage":24,"enemies":"Spire Growth","floor":48,"turns":3},{"damage":89,"enemies":"Awakened One","floor":50,"turns":5}],"seed_played":"6208330335048926283","potions_obtained":[{"floor":1,"key":"Swift Potion"},{"floor":5,"key":"SkillPotion"},{"floor":12,"key":"BloodPotion"},{"floor":18,"key":"Fire Potion"},{"floor":19,"key":"SteroidPotion"},{"floor":23,"key":"AttackPotion"},{"floor":31,"key":"Ancient Potion"},{"floor":35,"key":"EntropicBrew"},{"floor":47,"key":"Energy Potion"},{"floor":48,"key":"Fire Potion"}],"is_trial":false,"path_per_floor":["M","?","?","M","M","R","M","R","T","$","M","E","R","E","R","B",null,"M","M","?","$","?","E","R","E","T","?","R","M","M","M","R","B",null,"M","M","$","?","?","E","R","M","T","?","?","R","E","M","R","B"],"character_chosen":"IRONCLAD","items_purchased":["PreservedInsect","Uppercut","Brimstone","Apotheosis"],"campfire_rested":3,"item_purchase_floors":[10,21,21,37],"current_hp_per_floor":[80,64,64,70,76,76,80,80,80,80,67,60,60,51,51,21,80,77,58,43,43,43,7,32,38,38,38,38,51,27,31,71,11,85,63,76,76,76,76,82,82,78,78,78,78,78,65,47,81,0],"gold":99,"neow_bonus":"THREE_ENEMY_KILL","is_prod":false,"is_daily":false,"chose_seed":false,"campfire_upgraded":7,"win_rate":0,"timestamp":1553077922,"path_taken":["M","?","?","?","M","R","M","R","T","$","M","E","R","E","R","BOSS","M","M","?","$","?","E","R","E","T","?","R","M","M","M","R","BOSS","M","M","$","?","?","E","R","M","T","?","?","R","E","M","R","BOSS"],"build_version":"2019-01-23","purchased_purges":1,"victory":false,"max_hp_per_floor":[80,80,80,80,80,80,80,80,80,80,80,80,80,80,80,80,80,80,80,85,85,85,85,85,85,85,85,85,85,85,85,85,85,85,85,85,85,85,85,85,85,85,85,81,81,81,81,81,81,81],"card_choices":[{"not_picked":["Flex","Feel No Pain"],"picked":"Clothesline","floor":1},{"not_picked":["Sword Boomerang","Feel No Pain","Dual Wield"],"picked":"SKIP","floor":4},{"not_picked":["Havoc","Sword Boomerang"],"picked":"Infernal Blade","floor":5},{"not_picked":["Impervious","True Grit"],"picked":"Inflame","floor":7},{"not_picked":["Sword Boomerang","Warcry","Clothesline"],"picked":"SKIP","floor":11},{"not_picked":["Body Slam","Heavy Blade"],"picked":"Rupture","floor":12},{"not_picked":["Dual Wield","Shockwave","True Grit"],"picked":"SKIP","floor":14},{"not_picked":["Demon Form","Berserk"],"picked":"Reaper","floor":16},{"not_picked":["Disarm","Corruption"],"picked":"Twin Strike","floor":18},{"not_picked":["Perfected Strike","Pommel Strike"],"picked":"Combust+1","floor":19},{"not_picked":["Evolve+1","Berserk"],"picked":"Flex","floor":23},{"not_picked":["Sentinel","Anger","True Grit"],"picked":"SKIP","floor":25},{"not_picked":["Burning Pact","Clothesline"],"picked":"Blood for Blood","floor":29},{"not_picked":["Rampage","Burning Pact"],"picked":"Cleave","floor":30},{"not_picked":["Thunderclap","Sentinel","Havoc"],"picked":"SKIP","floor":31},{"not_picked":["Double Tap","Impervious"],"picked":"Reaper","floor":33},{"not_picked":["Warcry+1","Havoc"],"picked":"Shrug It Off","floor":35},{"not_picked":["Iron Wave+1","Perfected Strike"],"picked":"Rupture","floor":36},{"not_picked":["Panache","HandOfGreed"],"picked":"Good Instincts","floor":38},{"not_picked":["Perfected Strike+1","Thunderclap","Offering"],"picked":"SKIP","floor":40},{"not_picked":["Cleave","Fire Breathing"],"picked":"Heavy Blade","floor":42},{"not_picked":["Pummel+1","Warcry"],"picked":"Metallicize","floor":47},{"not_picked":["Whirlwind+1","True Grit"],"picked":"Combust+1","floor":48}],"player_experience":366885,"relics_obtained":[{"floor":9,"key":"Potion Belt"},{"floor":12,"key":"Bronze Scales"},{"floor":14,"key":"Centennial Puzzle"},{"floor":23,"key":"Juzu Bracelet"},{"floor":25,"key":"Regal Pillow"},{"floor":34,"key":"Smiling Mask"},{"floor":34,"key":"Mummified Hand"},{"floor":34,"key":"Thread and Needle"},{"floor":40,"key":"Bottled Tornado"},{"floor":43,"key":"Darkstone Periapt"},{"floor":47,"key":"Oddly Smooth Stone"}],"event_choices":[{"damage_healed":0,"gold_gain":0,"player_choice":"Entered Light","damage_taken":16,"max_hp_gain":0,"max_hp_loss":0,"event_name":"Shining Light","floor":2,"gold_loss":0,"cards_upgraded":["Defend_R","Strike_R"]},{"damage_healed":0,"gold_gain":0,"player_choice":"Upgraded","damage_taken":0,"max_hp_gain":0,"max_hp_loss":0,"event_name":"Upgrade Shrine","floor":3,"gold_loss":0,"cards_upgraded":["Clothesline"]},{"damage_healed":0,"gold_gain":0,"player_choice":"Shed Blood","damage_taken":20,"max_hp_gain":5,"max_hp_loss":0,"event_name":"Forgotten Altar","floor":20,"gold_loss":0},{"damage_healed":0,"gold_gain":0,"player_choice":"Paid Fearfully","damage_taken":0,"max_hp_gain":0,"max_hp_loss":0,"event_name":"Masked Bandits","floor":22,"gold_loss":19},{"damage_healed":0,"gold_gain":0,"player_choice":"Stole Relic","damage_taken":0,"relics_obtained":["Lantern"],"max_hp_gain":0,"max_hp_loss":0,"event_name":"Addict","floor":27,"gold_loss":0,"cards_obtained":["Shame"]},{"damage_healed":0,"gold_gain":0,"player_choice":"Memory 1","damage_taken":0,"max_hp_gain":0,"max_hp_loss":0,"event_name":"SensoryStone","floor":38,"gold_loss":0},{"cards_removed":["Strike_R"],"damage_healed":0,"gold_gain":0,"player_choice":"Removed Attack","damage_taken":0,"max_hp_gain":0,"max_hp_loss":0,"event_name":"Falling","floor":39,"gold_loss":0},{"damage_healed":0,"gold_gain":0,"player_choice":"Max HP","damage_taken":0,"max_hp_gain":0,"max_hp_loss":4,"event_name":"Winding Halls","floor":44,"gold_loss":0},{"cards_removed":["Shame"],"damage_healed":0,"gold_gain":0,"player_choice":"Purged","damage_taken":0,"max_hp_gain":0,"max_hp_loss":0,"event_name":"Purifier","floor":45,"gold_loss":0}],"is_beta":false,"boss_relics":[{"not_picked":["Empty Cage","Runic Dome"],"picked":"Lizard Tail"},{"not_picked":["Fusion Hammer","Mark of Pain"],"picked":"Calling Bell"}],"items_purged_floors":[37],"is_endless":false,"potions_floor_spawned":[1,5,12,18,19,23,31,35,47,48],"killed_by":"Awakened One","ascension_level":2}