{"path_per_floor":["M","M","M","M","?","R","E","R","T","$","M","M","E","?","R","B",null,"M","$","M","M","M","R","?","E","T","E","M","M","M","?","R","B",null,"M","?","?","$","M","R","M"],"character_chosen":"IRONCLAD","items_purchased":["Offering","Dropkick","Metallicize","Happy Flower","Regen Potion"],"gold_per_floor":[16,33,51,63,63,63,92,92,115,41,58,76,108,108,108,206,206,219,36,50,66,79,79,79,108,132,157,177,191,211,211,211,308,308,327,327,327,31,42,42,57],"floor_reached":42,"campfire_rested":0,"playtime":4013,"current_hp_per_floor":[80,80,78,74,74,74,60,60,60,60,62,64,61,61,61,57,80,79,79,78,62,60,60,44,27,34,21,52,45,44,73,73,37,101,55,55,45,45,48,48,12],"items_purged":["Strike_R","Strike_R"],"gold":57,"play_id":"b13edfb7-1adb-481c-ad83-cb14344713a9","is_prod":false,"is_daily":false,"is_ascension_mode":false,"campfire_upgraded":6,"path_taken":["M","M","M","M","?","R","E","R","T","$","M","M","E","?","R","BOSS","M","$","M","M","?","R","?","E","T","E","M","?","M","?","R","BOSS","M","?","?","$","M","R","M","M"],"build_version":"2018-01-29-BETA1","purchased_purges":2,"victory":false,"master_deck":["Strike_R+1","Strike_R","Defend_R","Defend_R","Defend_R","Bash","Dropkick+1","Barricade+1","Pommel Strike+1","Flame Barrier","Flame Barrier","Shockwave+1","Offering+1","Body Slam+1","Impervious","Brutality","Warcry+1","Dropkick","Metallicize","True Grit+1","Burning Pact","Battle Trance","Demon Form","Injury","Clumsy","Injury","Thunderclap+1","Madness","Madness+1","True Grit+1","Intimidate+1"],"max_hp_per_floor":[80,80,80,80,80,80,80,80,80,80,80,80,80,80,80,80,80,80,80,80,80,80,80,80,80,87,87,87,87,87,87,87,87,101,101,101,101,101,101,101,101],"relics":["Burning Blood","Whetstone","Vajra","Toxic Egg","Red Skull","Lizard Tail","Nilry\u0027s Codex","Sundial","Strawberry","Orichalcum","Calling Bell","Ice Cream","Mango","Juzu Bracelet","Happy Flower"],"card_choices":[{"not_picked":["Sword Boomerang","Bloodletting"],"picked":"Pommel Strike"},{"not_picked":["Sword Boomerang","Armaments"],"picked":"Flame Barrier"},{"not_picked":["Headbutt","Armaments"],"picked":"Pommel Strike"},{"not_picked":["Flex","Second Wind"],"picked":"Flame Barrier"},{"not_picked":["Flex","Whirlwind"],"picked":"Shockwave"},{"not_picked":["Shrug It Off","Anger"],"picked":"Body Slam"},{"not_picked":["Pummel","Combust"],"picked":"Impervious"},{"not_picked":["Berserk","Limit Break"],"picked":"Brutality"},{"not_picked":["Anger","Cleave"],"picked":"Warcry"},{"not_picked":["Rampage","Uppercut"],"picked":"True Grit"},{"not_picked":["Heavy Blade","Rupture"],"picked":"Burning Pact"},{"not_picked":["Warcry","Heavy Blade"],"picked":"Battle Trance"},{"not_picked":["Barricade","Reaper"],"picked":"Demon Form"},{"not_picked":["Perfected Strike","Reckless Charge"],"picked":"Thunderclap"},{"not_picked":["Armaments","Warcry"],"picked":"True Grit"},{"not_picked":["Thunderclap","Body Slam"],"picked":"Intimidate"}],"player_experience":8682,"potions_floor_usage":[7,22,25,27,28,29,33,35,39],"damage_taken":[{"damage":6,"enemies":"Cultist","floor":1,"turns":3},{"damage":6,"enemies":"Blue Slaver","floor":2,"turns":4},{"damage":8,"enemies":"Jaw Worm","floor":3,"turns":4},{"damage":10,"enemies":"Looter","floor":4,"turns":2},{"damage":20,"enemies":"Lagavulin","floor":7,"turns":13},{"damage":4,"enemies":"Gremlin Gang","floor":11,"turns":4},{"damage":4,"enemies":"Exordium Wildlife","floor":12,"turns":3},{"damage":9,"enemies":"Gremlin Nob","floor":13,"turns":4},{"damage":10,"enemies":"Slime Boss","floor":16,"turns":7},{"damage":7,"enemies":"2 Thieves","floor":18,"turns":3},{"damage":7,"enemies":"Chosen","floor":20,"turns":4},{"damage":22,"enemies":"Centurion and Healer","floor":21,"turns":6},{"damage":8,"enemies":"Snecko","floor":22,"turns":5},{"damage":84,"enemies":"Slavers","floor":25,"turns":10},{"damage":19,"enemies":"Gremlin Leader","floor":27,"turns":9},{"damage":5,"enemies":"3 Cultists","floor":28,"turns":4},{"damage":13,"enemies":"Snake Plant","floor":29,"turns":3},{"damage":7,"enemies":"Cultist and Chosen","floor":30,"turns":4},{"damage":42,"enemies":"Collector","floor":33,"turns":8},{"damage":52,"enemies":"Flame Bruiser 1 Orb","floor":35,"turns":5},{"damage":9,"enemies":"Orb Walker","floor":39,"turns":3},{"damage":42,"enemies":"Sphere and 2 Shapes","floor":41,"turns":9},{"damage":14,"enemies":"Flame Bruiser 2 Orb","floor":42,"turns":2}],"event_choices":[{"event_name":"The Woman in Blue","player_choice":"Bought 0 Potions","floor":5,"damage_taken":0},{"event_name":"Wheel of Change","player_choice":"Relic","floor":14,"damage_taken":0},{"event_name":"Cursed Tome","player_choice":"Obtained Book","floor":24,"damage_taken":0},{"event_name":"The Library","player_choice":"Heal","floor":31,"damage_taken":0},{"event_name":"Winding Halls","player_choice":"Embrace Madness","floor":37,"damage_taken":0}],"boss_relics":[{"not_picked":["Question Card","White Beast Statue"],"picked":"Lizard Tail"},{"not_picked":["Tiny House","Astrolabe"],"picked":"Calling Bell"}],"potions_floor_spawned":[2,4,7,16,21,25,27,29,30,39,41],"seed_played":"8352866657506146984","killed_by":"Flame Bruiser 2 Orb","ascension_level":0,"is_trial":false}