{"gold_per_floor":[115,126,76,91,102,102,135,152,201,236,94,105,129,141,141,238,238,249,71,87,87,97,97],"floor_reached":23,"playtime":1002,"items_purged":[],"score":297,"play_id":"7ecb7f81-e073-49bd-a1f0-eb9df50d4238","local_time":"20190121180812","is_ascension_mode":true,"campfire_choices":[{"data":"Carnage","floor":6,"key":"SMITH"},{"data":"True Grit","floor":15,"key":"SMITH"}],"neow_cost":"NONE","seed_source_timestamp":2589621258044,"circlet_count":0,"master_deck":["Strike_R","Strike_R","Strike_R","Strike_R","Defend_R","Defend_R","Defend_R","Defend_R","Bash","Carnage+1","Pommel Strike","Pommel Strike","Shrug It Off","Whirlwind","True Grit+1","Feel No Pain","Shrug It Off","Panacea","Thunderclap","Iron Wave","Impervious","Seeing Red","Metamorphosis","Iron Wave","Fire Breathing+1"],"relics":["Burning Blood","NeowsBlessing","Peace Pipe","Anchor","Blue Candle","Bronze Scales","Black Star"],"potions_floor_usage":[5,14,16,16,23],"damage_taken":[{"damage":0,"enemies":"Jaw Worm","floor":1,"turns":1},{"damage":0,"enemies":"2 Louse","floor":2,"turns":1},{"damage":0,"enemies":"Small Slimes","floor":4,"turns":1},{"damage":19,"enemies":"Exordium Wildlife","floor":5,"turns":3},{"damage":29,"enemies":"Lagavulin","floor":7,"turns":6},{"damage":3,"enemies":"Looter","floor":8,"turns":2},{"damage":29,"enemies":"Gremlin Nob","floor":10,"turns":4},{"damage":3,"enemies":"Blue Slaver","floor":12,"turns":5},{"damage":0,"enemies":"2 Fungi Beasts","floor":14,"turns":2},{"damage":16,"enemies":"Slime Boss","floor":16,"turns":8},{"damage":16,"enemies":"3 Byrds","floor":18,"turns":3},{"damage":25,"enemies":"Shell Parasite","floor":20,"turns":6},{"damage":31,"enemies":"Centurion and Healer","floor":22,"turns":8},{"damage":49,"enemies":"Book of Stabbing","floor":23,"turns":5}],"seed_played":"206682844549824244","potions_obtained":[{"floor":1,"key":"Explosive Potion"},{"floor":5,"key":"SteroidPotion"},{"floor":10,"key":"Swift Potion"},{"floor":12,"key":"Fire Potion"},{"floor":16,"key":"FairyPotion"},{"floor":20,"key":"Dexterity Potion"},{"floor":22,"key":"SteroidPotion"}],"is_trial":false,"path_per_floor":["?","T","?"],"character_chosen":"IRONCLAD","items_purchased":["Shrug It Off","Panacea","Metamorphosis"],"campfire_rested":0,"item_purchase_floors":[11,11,19],"current_hp_per_floor":[78,80,80,80,67,67,44,47,47,24,24,27,27,33,33,23,66,56,56,37,37,12,0],"gold":97,"neow_bonus":"THREE_ENEMY_KILL","is_prod":false,"is_daily":false,"chose_seed":false,"campfire_upgraded":2,"win_rate":0,"timestamp":1548112092,"path_taken":["M","M","?","M","M","R","E","M","T","E","$","M","?","M","R","BOSS","M","$","M","?","M","E"],"build_version":"2019-01-20","purchased_purges":0,"victory":false,"max_hp_per_floor":[80,80,80,80,80,80,80,80,80,80,80,80,80,80,80,80,80,80,80,80,80,80,80],"card_choices":[{"not_picked":["Rupture","Searing Blow"],"picked":"Carnage","floor":1},{"not_picked":["Twin Strike","Rupture"],"picked":"Pommel Strike","floor":2},{"not_picked":["Burning Pact","Twin Strike"],"picked":"Pommel Strike","floor":4},{"not_picked":["Flex","Wild Strike"],"picked":"Shrug It Off","floor":5},{"not_picked":["Evolve","Juggernaut"],"picked":"Whirlwind","floor":7},{"not_picked":["Infernal Blade","Clothesline"],"picked":"True Grit","floor":8},{"not_picked":["Cleave","Warcry"],"picked":"Feel No Pain","floor":10},{"not_picked":["Headbutt","Twin Strike"],"picked":"Thunderclap","floor":12},{"not_picked":["True Grit","Clothesline"],"picked":"Iron Wave","floor":14},{"not_picked":["Offering","Immolate"],"picked":"Impervious","floor":16},{"not_picked":["Iron Wave","Evolve"],"picked":"Seeing Red","floor":18},{"not_picked":["Sword Boomerang","Power Through"],"picked":"Iron Wave","floor":20},{"not_picked":["Pommel Strike","Iron Wave"],"picked":"Fire Breathing+1","floor":22}],"player_experience":241597,"relics_obtained":[{"floor":7,"key":"Peace Pipe"},{"floor":9,"key":"Anchor"},{"floor":10,"key":"Blue Candle"},{"floor":13,"key":"Bronze Scales"}],"event_choices":[{"cards_removed":["Strike_R"],"damage_healed":0,"gold_gain":0,"player_choice":"Card Removal","damage_taken":0,"max_hp_gain":0,"max_hp_loss":0,"event_name":"The Cleric","floor":3,"gold_loss":50},{"damage_healed":0,"gold_gain":0,"player_choice":"Ignored","damage_taken":0,"max_hp_gain":0,"max_hp_loss":0,"event_name":"Cursed Tome","floor":21,"gold_loss":0}],"is_beta":true,"boss_relics":[{"not_picked":["Lizard Tail","Orrery"],"picked":"Black Star"}],"items_purged_floors":[],"is_endless":false,"potions_floor_spawned":[1,5,10,12,16,20,22],"killed_by":"Book of Stabbing","ascension_level":9}