{"path_per_floor":["M","$","?","?","M","R","E","R","T","M","?","R","M","M","R","B",null,"M","M","M","$","?","E","M","$","T"],"character_chosen":"IRONCLAD","items_purchased":["Molten Egg","Thinking Ahead","Panacea","Whetstone"],"gold_per_floor":[115,40,40,40,60,60,98,98,98,112,412,412,428,444,444,569,569,592,617,630,84,84,111,127,8,8],"floor_reached":27,"campfire_rested":0,"playtime":1633,"current_hp_per_floor":[77,77,77,74,74,74,56,56,56,61,49,49,55,61,61,58,74,68,63,42,42,42,29,26,26,26],"items_purged":["Defend_R","Strike_R"],"gold":8,"play_id":"d3e3d093-a6c7-4810-a48e-2f15702be582","is_prod":false,"is_daily":false,"campfire_rituals":0,"campfire_upgraded":4,"is_hardmode":false,"path_taken":["M","$","?","?","?","R","E","R","T","M","?","R","M","M","R","BOSS","M","M","?","$","?","E","M","$","T","M"],"build_version":"2018-01-18-PROD4","purchased_purges":2,"victory":false,"master_deck":["Strike_R","Strike_R","Strike_R","Defend_R","Defend_R","Bash","Uppercut","Flame Barrier","Havoc","Pommel Strike","Demon Form","Battle Trance","Twin Strike","Searing Blow","Reaper","Shockwave","Anger","Feed","Thinking Ahead","Panacea","Dark Embrace","True Grit"],"max_hp_per_floor":[80,80,80,74,74,74,74,74,74,74,74,74,74,74,74,74,74,74,74,74,74,74,77,80,80,80],"relics":["Burning Blood","Bloody Idol","Centennial Puzzle","Mercury Hourglass","Old Coin","Philosopher\u0027s Stone","Molten Egg","The Courier","Whetstone","Blood Vial"],"campfire_meditates":0,"card_choices":[{"not_picked":["Wild Strike","Feel No Pain"],"picked":"Flame Barrier"},{"not_picked":["Second Wind","Rampage"],"picked":"Pommel Strike"},{"not_picked":["Wild Strike","Rupture"],"picked":"Demon Form"},{"not_picked":["Perfected Strike","Armaments"],"picked":"Battle Trance"},{"not_picked":["Rampage","Pommel Strike"],"picked":"Twin Strike"},{"not_picked":["Twin Strike","Disarm"],"picked":"Searing Blow"},{"not_picked":["Exhume","Immolate"],"picked":"Reaper"},{"not_picked":["Clash","Perfected Strike"],"picked":"Shockwave"},{"not_picked":["Pommel Strike","Clash"],"picked":"Anger"},{"not_picked":["Rampage","Headbutt"],"picked":"Feed"},{"not_picked":["Anger","Clothesline"],"picked":"Dark Embrace"},{"not_picked":["Combust","Clash"],"picked":"True Grit"}],"player_experience":108263,"potions_floor_usage":[16,16],"damage_taken":[{"damage":9,"enemies":"Blue Slaver","floor":1,"turns":4},{"damage":1,"enemies":"2 Louse","floor":5,"turns":2},{"damage":24,"enemies":"Gremlin Nob","floor":7,"turns":4},{"damage":1,"enemies":"Jaw Worm","floor":10,"turns":2},{"damage":0,"enemies":"Large Slime","floor":13,"turns":2},{"damage":0,"enemies":"3 Louse","floor":14,"turns":3},{"damage":9,"enemies":"Slime Boss","floor":16,"turns":6},{"damage":24,"enemies":"2 Thieves","floor":18,"turns":3},{"damage":11,"enemies":"Shell Parasite","floor":19,"turns":4},{"damage":33,"enemies":"Sentry and Sphere","floor":20,"turns":5},{"damage":27,"enemies":"Book of Stabbing","floor":23,"turns":5},{"damage":21,"enemies":"Snake Plant","floor":24,"turns":4},{"damage":48,"enemies":"Slaver and Parasite","floor":27,"turns":4}],"event_choices":[{"event_name":"Living Wall","player_choice":"Change","floor":3,"damage_taken":0},{"event_name":"Golden Idol","player_choice":"Lose Max HP","floor":4,"damage_taken":0},{"event_name":"Scrap Ooze","player_choice":"success","floor":11,"damage_taken":12},{"event_name":"Forgotten Altar","player_choice":"Gave Idol","floor":22,"damage_taken":0}],"boss_relics":[{"not_picked":["Tiny House","Orrery"],"picked":"Philosopher\u0027s Stone"}],"potions_floor_spawned":[5,14,20],"seed_played":"-8350621700035168670","killed_by":"Slaver and Parasite","is_trial":false}