{"gold_per_floor":[360,21,0,15,35,35,69,69,151,151,151,184,194,222,222,298,298,312,331,48,67,80,80,100,100,174,184,203,203,12,45,45,45],"floor_reached":33,"playtime":1604,"items_purged":["Defend_G"],"score":577,"play_id":"56f6465c-b435-4294-8c1c-f065863da2ae","local_time":"20190314074454","is_ascension_mode":true,"campfire_choices":[{"data":"Crippling Poison","floor":6,"key":"SMITH"},{"floor":8,"key":"REST"},{"data":"Neutralize","floor":10,"key":"SMITH"},{"floor":15,"key":"REST"},{"data":"Catalyst","floor":23,"key":"SMITH"},{"data":"Well Laid Plans","floor":25,"key":"SMITH"},{"data":"Catalyst","floor":32,"key":"SMITH"}],"neow_cost":"TEN_PERCENT_HP_LOSS","seed_source_timestamp":14482902944908,"circlet_count":0,"master_deck":["AscendersBane","Defend_G","Defend_G","Defend_G","Defend_G","Strike_G","Strike_G","Strike_G","Strike_G","Strike_G","Survivor","Neutralize+1","Deflect","Backflip","Well Laid Plans+1","Catalyst+1","Crippling Poison+1","Noxious Fumes","Poisoned Stab","Corpse Explosion","Doppelganger","Injury","Injury","Doubt","Noxious Fumes","Catalyst+1","Dodge and Roll","Malaise"],"relics":["Ring of the Snake","Bronze Scales","Blood Vial","Paper Crane","Bag of Marbles","Blue Candle","Singing Bowl","Calling Bell","Lantern","Meat on the Bone","Tough Bandages","Mummified Hand","Oddly Smooth Stone","Letter Opener"],"potions_floor_usage":[7,7,21,22,28],"damage_taken":[{"damage":9,"enemies":"Jaw Worm","floor":1,"turns":6},{"damage":1,"enemies":"2 Louse","floor":4,"turns":2},{"damage":1,"enemies":"Cultist","floor":5,"turns":4},{"damage":37,"enemies":"Gremlin Nob","floor":7,"turns":5},{"damage":3,"enemies":"Lagavulin","floor":12,"turns":6},{"damage":0,"enemies":"Blue Slaver","floor":13,"turns":3},{"damage":7,"enemies":"3 Sentries","floor":14,"turns":5},{"damage":38,"enemies":"Slime Boss","floor":16,"turns":8},{"damage":0,"enemies":"Chosen","floor":18,"turns":5},{"damage":0,"enemies":"Spheric Guardian","floor":19,"turns":3},{"damage":23,"enemies":"Cultist and Chosen","floor":21,"turns":4},{"damage":3,"enemies":"Snecko","floor":22,"turns":5},{"damage":28,"enemies":"Centurion and Healer","floor":24,"turns":6},{"damage":7,"enemies":"3 Cultists","floor":27,"turns":4},{"damage":16,"enemies":"Snecko","floor":28,"turns":4},{"damage":9,"enemies":"Book of Stabbing","floor":31,"turns":4},{"damage":31,"enemies":"Collector","floor":33,"turns":3}],"seed_played":"1045926699592469719","potions_obtained":[{"floor":1,"key":"AttackPotion"},{"floor":5,"key":"Swift Potion"},{"floor":7,"key":"Ancient Potion"},{"floor":12,"key":"SneckoOil"},{"floor":22,"key":"PowerPotion"}],"is_trial":false,"path_per_floor":["M","$","?","M","M","R","E","R","T","R","?","E","M","E","R","B",null,"M","M","$","M","M","R","M","R","T","M","M","?","$","E","R","B"],"character_chosen":"THE_SILENT","items_purchased":["Bronze Scales","Backflip","Well Laid Plans","Mummified Hand","Oddly Smooth Stone","Dodge and Roll"],"campfire_rested":2,"item_purchase_floors":[2,2,2,20,30,30],"current_hp_per_floor":[50,50,50,49,48,48,11,29,29,29,29,28,30,25,43,7,47,51,55,55,34,33,33,21,21,21,30,30,20,20,25,25,0],"gold":45,"neow_bonus":"TWO_FIFTY_GOLD","is_prod":false,"is_daily":false,"chose_seed":false,"campfire_upgraded":5,"win_rate":0,"timestamp":1552563894,"path_taken":["M","$","?","M","M","R","E","R","T","R","?","E","M","E","R","BOSS","M","M","$","M","M","R","M","R","T","M","M","?","$","E","R","BOSS"],"build_version":"2019-02-06","purchased_purges":1,"victory":false,"max_hp_per_floor":[60,60,60,60,60,60,60,60,60,60,60,60,60,60,60,60,60,62,64,64,64,64,64,66,66,66,68,70,70,70,70,70,70],"card_choices":[{"not_picked":["Masterful Stab","Blade Dance"],"picked":"Deflect","floor":1},{"not_picked":["Backflip","Deadly Poison"],"picked":"Catalyst","floor":4},{"not_picked":["Terror","Acrobatics"],"picked":"Crippling Poison","floor":5},{"not_picked":["PiercingWail","Blade Dance"],"picked":"Noxious Fumes","floor":7},{"not_picked":["Bouncing Flask","Blur"],"picked":"Poisoned Stab","floor":12},{"not_picked":["Slice","Sucker Punch","Poisoned Stab"],"picked":"SKIP","floor":13},{"not_picked":["Eviscerate","Blade Dance"],"picked":"Corpse Explosion","floor":14},{"not_picked":["Glass Knife","Venomology"],"picked":"Doppelganger","floor":16},{"not_picked":["Tactician+1","Dodge and Roll","Backstab"],"picked":"Singing Bowl","floor":18},{"not_picked":["Cloak And Dagger","Dagger Spray+1","Well Laid Plans"],"picked":"Singing Bowl","floor":19},{"not_picked":["Backstab+1","Backflip"],"picked":"Noxious Fumes","floor":21},{"not_picked":["Prepared","Dagger Throw"],"picked":"Catalyst","floor":22},{"not_picked":["Deflect","Eviscerate","Dodge and Roll"],"picked":"Singing Bowl","floor":24},{"not_picked":["Concentrate+1","Quick Slash","Flying Knee+1"],"picked":"Singing Bowl","floor":27},{"not_picked":["Outmaneuver+1","Dodge and Roll","Deadly Poison"],"picked":"Singing Bowl","floor":28},{"not_picked":["Endless Agony","Blur"],"picked":"Malaise","floor":31}],"player_experience":488364,"relics_obtained":[{"floor":7,"key":"Blood Vial"},{"floor":9,"key":"Paper Crane"},{"floor":12,"key":"Blue Candle"},{"floor":14,"key":"Singing Bowl"},{"floor":17,"key":"Lantern"},{"floor":17,"key":"Meat on the Bone"},{"floor":17,"key":"Tough Bandages"},{"floor":31,"key":"Letter Opener"}],"event_choices":[{"damage_healed":0,"gold_gain":0,"player_choice":"Left Gold","damage_taken":0,"max_hp_gain":0,"max_hp_loss":0,"event_name":"World of Goop","floor":3,"gold_loss":21},{"damage_healed":0,"gold_gain":0,"player_choice":"Searched \u00272\u0027 times","damage_taken":0,"relics_obtained":["Bag of Marbles"],"max_hp_gain":0,"max_hp_loss":0,"event_name":"Dead Adventurer","floor":11,"gold_loss":0},{"damage_healed":0,"gold_gain":0,"player_choice":"Damaged","damage_taken":10,"max_hp_gain":0,"max_hp_loss":0,"event_name":"Wheel of Change","floor":29,"gold_loss":0}],"is_beta":true,"boss_relics":[{"not_picked":["Velvet Choker","Tiny House"],"picked":"Calling Bell"}],"items_purged_floors":[2],"is_endless":false,"potions_floor_spawned":[1,5,7,12,18,22],"killed_by":"Collector","ascension_level":17}