{"gold_per_floor":[118,68,84,100,115,143,143,153,153,171,206,206,233,250,250,323,323,343,363,278,378,394,394,420,420,420,420,450,450,450,460,460,538,538,549,603,616,636,656,656,691,704,731,747,747],"floor_reached":45,"playtime":2374,"items_purged":[],"score":1168,"play_id":"7626835f-8090-4f6d-9af0-adf4166a5b68","local_time":"20190217181542","is_ascension_mode":true,"campfire_choices":[{"floor":7,"key":"REST"},{"floor":12,"key":"REST"},{"data":"Zap","floor":15,"key":"SMITH"},{"data":"Seek","floor":23,"key":"SMITH"},{"data":"Multi-Cast","floor":25,"key":"SMITH"},{"floor":27,"key":"REST"},{"floor":30,"key":"REST"},{"floor":32,"key":"REST"},{"floor":40,"key":"REST"}],"neow_cost":"NONE","seed_source_timestamp":345862199616064,"circlet_count":0,"master_deck":["AscendersBane","Strike_B","Strike_B","Strike_B","Strike_B","Defend_B","Defend_B","Defend_B","Defend_B","Zap+1","Dualcast","Streamline","Gash","Hologram","Sweeping Beam","Doom and Gloom","Gash","Turbo","Rebound","Reboot","Seek+1","Melter","Scrape","Multi-Cast+1","Clumsy","Echo Form","Reboot","Conserve Battery","Gash","Stack","Conserve Battery+1","Glacier+1","Parasite","Core Surge"],"relics":["Cracked Core","Bag of Preparation","Orichalcum","FossilizedHelix","Singing Bowl","Du-Vu Doll","Cursed Key","Gambling Chip","Unceasing Top","Pantograph","Mercury Hourglass","Letter Opener","PreservedInsect","Philosopher\u0027s Stone","Thread and Needle","Bottled Flame"],"potions_floor_usage":[13,16,21,24,33,41],"damage_taken":[{"damage":1,"enemies":"Cultist","floor":1,"turns":3},{"damage":4,"enemies":"Jaw Worm","floor":3,"turns":3},{"damage":0,"enemies":"2 Louse","floor":4,"turns":2},{"damage":7,"enemies":"2 Fungi Beasts","floor":5,"turns":3},{"damage":22,"enemies":"Lagavulin","floor":6,"turns":6},{"damage":32,"enemies":"Exordium Thugs","floor":8,"turns":4},{"damage":1,"enemies":"3 Louse","floor":10,"turns":3},{"damage":4,"enemies":"3 Sentries","floor":11,"turns":5},{"damage":14,"enemies":"Lagavulin","floor":13,"turns":6},{"damage":0,"enemies":"Blue Slaver","floor":14,"turns":2},{"damage":0,"enemies":"Slime Boss","floor":16,"turns":7},{"damage":0,"enemies":"Chosen","floor":18,"turns":3},{"damage":11,"enemies":"2 Thieves","floor":19,"turns":2},{"damage":14,"enemies":"Colosseum Slavers","floor":21,"turns":2},{"damage":0,"enemies":"Colosseum Nobs","floor":21,"turns":4},{"damage":12,"enemies":"Shelled Parasite and Fungi","floor":22,"turns":3},{"damage":11,"enemies":"Gremlin Leader","floor":24,"turns":4},{"damage":36,"enemies":"Book of Stabbing","floor":28,"turns":4},{"damage":0,"enemies":"Centurion and Healer","floor":31,"turns":2},{"damage":70,"enemies":"Automaton","floor":33,"turns":7},{"damage":0,"enemies":"Orb Walker","floor":35,"turns":1},{"damage":47,"enemies":"2 Orb Walkers","floor":36,"turns":4},{"damage":0,"enemies":"3 Darklings","floor":37,"turns":2},{"damage":0,"enemies":"Spire Growth","floor":38,"turns":3},{"damage":0,"enemies":"4 Shapes","floor":39,"turns":5},{"damage":0,"enemies":"Giant Head","floor":41,"turns":5},{"damage":0,"enemies":"Sphere and 2 Shapes","floor":42,"turns":2},{"damage":38,"enemies":"Spire Growth","floor":44,"turns":4},{"damage":10,"enemies":"Reptomancer","floor":45,"turns":2}],"seed_played":"-7554224181877777819","potions_obtained":[{"floor":4,"key":"FocusPotion"},{"floor":5,"key":"Ancient Potion"},{"floor":6,"key":"Poison Potion"},{"floor":10,"key":"Swift Potion"},{"floor":13,"key":"SpeedPotion"},{"floor":16,"key":"Poison Potion"},{"floor":22,"key":"Explosive Potion"},{"floor":29,"key":"Dexterity Potion"},{"floor":29,"key":"Energy Potion"},{"floor":33,"key":"FearPotion"},{"floor":44,"key":"Block Potion"}],"is_trial":false,"path_per_floor":["M","$","M","M","M","E","R","M","T","M","E","R","E","M","R","B",null,"M","M","?","?","M","R","E","R","T","R","E","?","R","M","R","B",null,"M","?","M","M","M","R","E","M","T","M","E"],"character_chosen":"DEFECT","items_purchased":["Gash"],"campfire_rested":6,"item_purchase_floors":[2],"current_hp_per_floor":[63,63,59,59,52,30,51,19,19,18,16,37,25,25,25,25,63,63,52,52,40,30,30,19,19,19,42,6,6,29,31,55,10,63,63,16,18,18,18,42,44,44,44,6,0],"gold":747,"neow_bonus":"RANDOM_COMMON_RELIC","is_prod":false,"is_daily":false,"chose_seed":false,"campfire_upgraded":3,"win_rate":0,"timestamp":1550445342,"path_taken":["M","$","M","M","?","E","R","M","T","M","E","R","E","M","R","BOSS","M","M","?","?","M","R","E","R","T","R","E","?","R","M","R","BOSS","M","?","M","M","M","R","E","M","T","M","E"],"build_version":"2019-02-06","purchased_purges":0,"victory":false,"max_hp_per_floor":[71,71,71,71,71,71,71,71,71,71,73,73,75,75,75,75,75,75,75,75,77,79,79,79,79,79,79,79,79,79,81,81,81,81,81,81,83,83,83,83,85,85,85,85,85],"card_choices":[{"not_picked":["Stack","Blizzard"],"picked":"Streamline","floor":1},{"not_picked":["Turbo","Steam"],"picked":"Hologram","floor":3},{"not_picked":["Coolheaded","Hello World"],"picked":"Sweeping Beam","floor":4},{"not_picked":["Chill","Compile Driver"],"picked":"Doom and Gloom","floor":5},{"not_picked":["Steam Power","Aggregate"],"picked":"Gash","floor":6},{"not_picked":["Beam Cell","Loop"],"picked":"Turbo","floor":8},{"not_picked":["Streamline","Steam Power"],"picked":"Rebound","floor":10},{"not_picked":["Force Field","Go for the Eyes","Barrage"],"picked":"Singing Bowl","floor":11},{"not_picked":["Leap","Blizzard","Streamline"],"picked":"Singing Bowl","floor":13},{"not_picked":["Reprogram","Ball Lightning"],"picked":"Reboot","floor":14},{"not_picked":["Hyperbeam","Creative AI"],"picked":"Seek","floor":16},{"not_picked":["Consume","Sweeping Beam"],"picked":"Melter","floor":18},{"not_picked":["Beam Cell","Turbo"],"picked":"Scrape","floor":19},{"not_picked":["Recycle+1","Turbo","Self Repair+1"],"picked":"Singing Bowl","floor":21},{"not_picked":["Barrage","Go for the Eyes","Storm"],"picked":"Singing Bowl","floor":22},{"not_picked":["Stack","Doom and Gloom"],"picked":"Multi-Cast","floor":24},{"not_picked":["Skim","Rebound"],"picked":"Echo Form","floor":28},{"not_picked":["Compile Driver","Consume","Redo"],"picked":"Singing Bowl","floor":31},{"not_picked":["Biased Cognition","Thunder Strike"],"picked":"Reboot","floor":33},{"not_picked":["Stack","Rebound+1"],"picked":"Conserve Battery","floor":35},{"not_picked":["Loop+1","Compile Driver"],"picked":"Gash","floor":36},{"not_picked":["Redo","Lockon","Barrage+1"],"picked":"Singing Bowl","floor":37},{"not_picked":["Turbo+1","Leap"],"picked":"Stack","floor":38},{"not_picked":["Stack","Streamline+1"],"picked":"Conserve Battery+1","floor":39},{"not_picked":["Leap","Rip and Tear","Force Field+1"],"picked":"Singing Bowl","floor":41},{"not_picked":["Turbo","Stack"],"picked":"Glacier+1","floor":42},{"not_picked":["Skim","Rebound+1"],"picked":"Core Surge","floor":44}],"player_experience":932276,"relics_obtained":[{"floor":6,"key":"Orichalcum"},{"floor":9,"key":"FossilizedHelix"},{"floor":11,"key":"Singing Bowl"},{"floor":13,"key":"Du-Vu Doll"},{"floor":21,"key":"Unceasing Top"},{"floor":21,"key":"Pantograph"},{"floor":24,"key":"Mercury Hourglass"},{"floor":26,"key":"Letter Opener"},{"floor":28,"key":"PreservedInsect"},{"floor":36,"key":"Thread and Needle"},{"floor":41,"key":"Bottled Flame"}],"event_choices":[{"damage_healed":0,"gold_gain":0,"player_choice":"Obtained Relic","damage_taken":0,"relics_obtained":["Gambling Chip"],"max_hp_gain":0,"max_hp_loss":0,"event_name":"Addict","floor":20,"gold_loss":85},{"damage_healed":0,"gold_gain":0,"player_choice":"Fight","damage_taken":0,"max_hp_gain":0,"max_hp_loss":0,"event_name":"Colosseum","floor":21,"gold_loss":0},{"damage_healed":0,"gold_gain":0,"player_choice":"Fought Nobs","damage_taken":0,"max_hp_gain":0,"max_hp_loss":0,"event_name":"Colosseum","floor":21,"gold_loss":0},{"damage_healed":0,"gold_gain":0,"player_choice":"Got Potions","damage_taken":0,"max_hp_gain":0,"max_hp_loss":0,"event_name":"Lab","floor":29,"gold_loss":0},{"damage_healed":0,"gold_gain":0,"player_choice":"Fight","damage_taken":0,"max_hp_gain":0,"max_hp_loss":0,"event_name":"Mysterious Sphere","floor":36,"gold_loss":0}],"is_beta":true,"boss_relics":[{"not_picked":["Snecko Eye","Black Star"],"picked":"Cursed Key"},{"not_picked":["Tiny House","Velvet Choker"],"picked":"Philosopher\u0027s Stone"}],"items_purged_floors":[],"is_endless":false,"potions_floor_spawned":[4,5,6,10,13,16,21,22,31,33,35,37,39,44],"killed_by":"Reptomancer","ascension_level":20}