{"gold_per_floor":[11,11,29,29,41,41,66,77,77,77,90,90,120,195,195,266,266,282,282,336,356,375,375,407,407,407,407,407],"floor_reached":28,"playtime":934,"items_purged":[],"score":517,"play_id":"155d1a96-12fd-48f1-9705-7d5319e48d2b","local_time":"20190221092210","is_ascension_mode":true,"campfire_choices":[{"data":"Lockon","floor":6.0,"key":"SMITH"},{"data":"Zap","floor":10.0,"key":"SMITH"},{"floor":12.0,"key":"REST"},{"floor":15.0,"key":"REST"},{"data":"Hologram","floor":23.0,"key":"SMITH"},{"data":"Capacitor","floor":25.0,"key":"SMITH"},{"data":"Rainbow","floor":27.0,"key":"SMITH"}],"neow_cost":"NO_GOLD","seed_source_timestamp":660787366726560,"circlet_count":0,"master_deck":["AscendersBane","Strike_B","Strike_B","Strike_B","Strike_B","Defend_B","Defend_B","Defend_B","Defend_B","Zap+1","Dualcast","Genetic Algorithm","Lockon+1","Leap","Sweeping Beam","Echo Form","Sweeping Beam","Hologram+1","Reinforced Body","Rainbow+1","Writhe","Doom and Gloom","Reinforced Body","Capacitor+1","Parasite"],"special_seed":0,"relics":["Cracked Core","Mango","Blue Candle","Bottled Lightning","Symbiotic Virus","Cursed Key","Anchor","Pear","Bird Faced Urn"],"potions_floor_usage":[],"damage_taken":[{"damage":4.0,"enemies":"Jaw Worm","floor":1.0,"turns":3.0},{"damage":0.0,"enemies":"Cultist","floor":3.0,"turns":3.0},{"damage":4.0,"enemies":"2 Louse","floor":5.0,"turns":5.0},{"damage":39.0,"enemies":"Gremlin Nob","floor":7.0,"turns":4.0},{"damage":10.0,"enemies":"Exordium Wildlife","floor":8.0,"turns":4.0},{"damage":4.0,"enemies":"Exordium Thugs","floor":11.0,"turns":3.0},{"damage":20.0,"enemies":"3 Sentries","floor":13.0,"turns":9.0},{"damage":32.0,"enemies":"Hexaghost","floor":16.0,"turns":7.0},{"damage":17.0,"enemies":"Chosen","floor":18.0,"turns":6.0},{"damage":2.0,"enemies":"Spheric Guardian","floor":21.0,"turns":7.0},{"damage":8.0,"enemies":"Snake Plant","floor":22.0,"turns":4.0},{"damage":16.0,"enemies":"Book of Stabbing","floor":24.0,"turns":5.0},{"damage":37,"enemies":"3 Cultists","floor":28,"turns":4}],"seed_played":"-4263749973586779567","potions_obtained":[{"floor":1.0,"key":"SpeedPotion"},{"floor":8.0,"key":"Explosive Potion"},{"floor":13.0,"key":"Strength Potion"},{"floor":16.0,"key":"SkillPotion"},{"floor":18.0,"key":"GamblersBrew"}],"is_trial":false,"path_per_floor":["M","?","M","?","M","R","E","M","T","R","M","R","E","?","R","B",null,"M","?","T","M","M","R","E","R","T","R","M"],"character_chosen":"DEFECT","items_purchased":[],"campfire_rested":2,"item_purchase_floors":[],"current_hp_per_floor":[74,74,74,74,70,70,31,21,21,21,17,42,22,11,36,4,65,48,48,48,46,38,38,32,32,32,32,0],"gold":407,"neow_bonus":"ONE_RARE_RELIC","is_prod":false,"is_daily":false,"chose_seed":false,"campfire_upgraded":5,"win_rate":0,"timestamp":1550758930,"path_taken":["M","?","M","?","M","R","E","?","T","R","M","R","E","?","R","BOSS","M","?","?","M","M","R","E","R","T","R","M"],"build_version":"2019-02-06","purchased_purges":0,"victory":false,"max_hp_per_floor":[85,85,85,85,85,85,85,85,85,85,85,85,85,85,85,85,85,85,85,85,85,85,85,95,95,95,95,95],"card_choices":[{"not_picked":["Defragment","Compile Driver"],"picked":"Genetic Algorithm","floor":1.0},{"not_picked":["Gash","Blizzard"],"picked":"Lockon","floor":3.0},{"not_picked":["Blizzard","Streamline"],"picked":"Sweeping Beam","floor":5.0},{"not_picked":["Buffer","Sweeping Beam"],"picked":"Echo Form","floor":7.0},{"not_picked":["Stack","Streamline"],"picked":"Sweeping Beam","floor":8.0},{"not_picked":["Leap","Turbo"],"picked":"Hologram","floor":11.0},{"not_picked":["Steam","Storm"],"picked":"Reinforced Body","floor":13.0},{"not_picked":["Thunder Strike","Machine Learning"],"picked":"Rainbow","floor":16.0},{"not_picked":["Gash","Reprogram","Steam"],"picked":"SKIP","floor":18.0},{"not_picked":["Beam Cell+1","Cold Snap"],"picked":"Doom and Gloom","floor":21.0},{"not_picked":["Blizzard","Leap"],"picked":"Reinforced Body","floor":22.0},{"not_picked":["Self Repair","Darkness"],"picked":"Capacitor","floor":24.0}],"player_experience":962006,"relics_obtained":[{"floor":7.0,"key":"Blue Candle"},{"floor":9.0,"key":"Bottled Lightning"},{"floor":13.0,"key":"Symbiotic Virus"},{"floor":20.0,"key":"Anchor"},{"floor":24.0,"key":"Pear"},{"floor":26.0,"key":"Bird Faced Urn"}],"event_choices":[{"damage_healed":0.0,"max_hp_gain":0.0,"max_hp_loss":0.0,"gold_gain":0.0,"event_name":"The Cleric","player_choice":"Leave","floor":2.0,"gold_loss":0.0,"damage_taken":0.0},{"damage_healed":0.0,"max_hp_gain":0.0,"max_hp_loss":0.0,"gold_gain":0.0,"event_name":"Match and Keep!","player_choice":"1 cards matched","floor":4.0,"gold_loss":0.0,"damage_taken":0.0,"cards_obtained":["Leap"]},{"damage_healed":0.0,"max_hp_gain":0.0,"max_hp_loss":0.0,"gold_gain":75.0,"event_name":"World of Goop","player_choice":"Gather Gold","floor":14.0,"gold_loss":0.0,"damage_taken":11.0},{"damage_healed":0.0,"max_hp_gain":0.0,"max_hp_loss":0.0,"gold_gain":0.0,"event_name":"Beggar","player_choice":"Ignored","floor":19.0,"gold_loss":0.0,"damage_taken":0.0}],"is_beta":true,"boss_relics":[{"not_picked":["Busted Crown","Ectoplasm"],"picked":"Cursed Key"}],"items_purged_floors":[],"is_endless":false,"potions_floor_spawned":[1,8,13,16,18,22],"killed_by":"3 Cultists","ascension_level":20}