{"gold_per_floor":[113,113,131,56,79,110,110,110,110,110,151,172,172,172],"floor_reached":14,"playtime":787,"items_purged":["Injury"],"score":186,"play_id":"857574ee-f213-4ead-97a1-97a8d3dc7f40","local_time":"20190316112156","is_ascension_mode":true,"campfire_choices":[{"floor":7,"key":"REST"},{"data":"Caltrops","floor":10,"key":"SMITH"},{"floor":13,"key":"REST"}],"neow_cost":"NONE","seed_source_timestamp":201120258941777,"circlet_count":0,"master_deck":["AscendersBane","Defend_G","Defend_G","Defend_G","Defend_G","Defend_G","Strike_G","Strike_G","Strike_G","Strike_G","Strike_G","Survivor","Neutralize","Flying Knee","Caltrops+1","Acrobatics","Flying Knee","Backflip","Dodge and Roll"],"relics":["Ring of the Snake","Golden Idol","Gremlin Horn","Turnip","Unceasing Top"],"potions_floor_usage":[6,11,14],"damage_taken":[{"damage":4,"enemies":"Small Slimes","floor":1,"turns":3},{"damage":8,"enemies":"2 Louse","floor":3,"turns":4},{"damage":1,"enemies":"Cultist","floor":5,"turns":3},{"damage":45,"enemies":"Lagavulin","floor":6,"turns":9},{"damage":10,"enemies":"3 Sentries","floor":11,"turns":8},{"damage":5,"enemies":"Large Slime","floor":12,"turns":7},{"damage":45,"enemies":"Lagavulin Event","floor":14,"turns":6}],"seed_played":"-552411301034148744","potions_obtained":[{"floor":5,"key":"SkillPotion"},{"floor":6,"key":"Block Potion"},{"floor":11,"key":"PowerPotion"}],"is_trial":false,"path_per_floor":["M","?","M","$","M","E","R","?","T","R","E","M","R","?"],"character_chosen":"THE_SILENT","items_purchased":[],"campfire_rested":2,"item_purchase_floors":[],"current_hp_per_floor":[61,61,53,53,52,7,28,28,28,28,18,13,34,0],"gold":172,"neow_bonus":"TEN_PERCENT_HP_BONUS","is_prod":false,"is_daily":false,"chose_seed":false,"campfire_upgraded":1,"win_rate":0,"timestamp":1552749716,"path_taken":["M","?","M","$","M","E","R","?","T","R","E","?","R","?"],"build_version":"2019-03-15","purchased_purges":1,"victory":false,"max_hp_per_floor":[72,72,72,72,72,72,72,72,72,72,72,72,72,72],"card_choices":[{"not_picked":["Backflip","Underhanded Strike"],"picked":"Flying Knee","floor":1},{"not_picked":["Distraction","Bouncing Flask"],"picked":"Caltrops","floor":3},{"not_picked":["Flechettes","Masterful Stab"],"picked":"Acrobatics","floor":5},{"not_picked":["Catalyst","PiercingWail"],"picked":"Flying Knee","floor":6},{"not_picked":["Skewer","Flying Knee"],"picked":"Backflip","floor":11},{"not_picked":["Deadly Poison","Bane"],"picked":"Dodge and Roll","floor":12}],"player_experience":533386,"relics_obtained":[{"floor":6,"key":"Gremlin Horn"},{"floor":9,"key":"Turnip"},{"floor":11,"key":"Unceasing Top"}],"event_choices":[{"damage_healed":0,"gold_gain":0,"player_choice":"Take Wound","damage_taken":0,"relics_obtained":["Golden Idol"],"max_hp_gain":0,"max_hp_loss":0,"event_name":"Golden Idol","floor":2,"gold_loss":0,"cards_obtained":["Injury"]},{"damage_healed":0,"gold_gain":0,"player_choice":"0 cards matched","damage_taken":0,"max_hp_gain":0,"max_hp_loss":0,"event_name":"Match and Keep!","floor":8,"gold_loss":0,"cards_obtained":[]},{"damage_healed":0,"gold_gain":0,"player_choice":"Searched \u00272\u0027 times","damage_taken":0,"max_hp_gain":0,"max_hp_loss":0,"event_name":"Dead Adventurer","floor":14,"gold_loss":0}],"is_beta":true,"boss_relics":[],"items_purged_floors":[4],"is_endless":false,"potions_floor_spawned":[5,6,11],"killed_by":"Lagavulin Event","ascension_level":18}