{"gold_per_floor":[118,43,43,54,54,54,83,83,107,125,38,66,84,110,110,183,183,201,214,214,129,129,129,161,180,254,254,280,280,305,10,10,87,87,103,103,103,155,166,166,493,493,493,399,433,533,533,129,129,129,129,129,129,28,59,59],"floor_reached":57,"playtime":3868,"items_purged":["Strike_G+1"],"score":2781,"play_id":"b5293118-a75b-46ba-9d0d-0c9695573de6","local_time":"20190324031801","is_ascension_mode":true,"campfire_choices":[{"data":"Noxious Fumes","floor":6.0,"key":"SMITH"},{"data":"Dagger Spray","floor":8.0,"key":"SMITH"},{"data":"Footwork","floor":15.0,"key":"SMITH"},{"data":"Crippling Poison","floor":23.0,"key":"SMITH"},{"data":"Cloak And Dagger","floor":27.0,"key":"SMITH"},{"data":"Cloak And Dagger","floor":32.0,"key":"SMITH"},{"data":"After Image","floor":40.0,"key":"SMITH"},{"data":"1","floor":42.0,"key":"LIFT"},{"floor":47.0,"key":"RECALL"},{"data":"2","floor":49.0,"key":"LIFT"},{"data":"Well Laid Plans","floor":53,"key":"SMITH"}],"neow_cost":"NONE","seed_source_timestamp":942844741092850,"circlet_count":0,"master_deck":["AscendersBane","Defend_G","Defend_G","Defend_G","Survivor","Neutralize","Noxious Fumes+1","Dagger Spray+1","Backflip","Leg Sweep","Footwork+1","Skewer+1","PiercingWail","Glass Knife","Wraith Form v2+1","Riddle With Holes+1","Night Terror+1","Cloak And Dagger+1","Crippling Poison+1","Footwork","After Image+1","Infinite Blades","Cloak And Dagger+1","Corpse Explosion","PiercingWail+1","Acrobatics+1","Blur+1","Well Laid Plans+1","PiercingWail+1","Footwork","Backflip+1","Footwork","PiercingWail+1","After Image"],"special_seed":0,"relics":["White Beast Statue","Anchor","PreservedInsect","Meat on the Bone","Whetstone","Astrolabe","Kunai","Shuriken","Mummified Hand","Mercury Hourglass","WingedGreaves","The Courier","Pantograph","Runic Dome","Girya","Old Coin","Toxic Egg 2","Prayer Wheel","ClockworkSouvenir","Tough Bandages"],"potions_floor_usage":[50,56,56],"damage_taken":[{"damage":6.0,"enemies":"Jaw Worm","floor":1.0,"turns":8.0},{"damage":0.0,"enemies":"2 Louse","floor":4.0,"turns":3.0},{"damage":27.0,"enemies":"3 Sentries","floor":7.0,"turns":8.0},{"damage":0.0,"enemies":"Small Slimes","floor":10.0,"turns":4.0},{"damage":7.0,"enemies":"Lagavulin","floor":12.0,"turns":8.0},{"damage":0.0,"enemies":"Blue Slaver","floor":13.0,"turns":5.0},{"damage":15.0,"enemies":"3 Sentries","floor":14.0,"turns":7.0},{"damage":16.0,"enemies":"The Guardian","floor":16.0,"turns":13.0},{"damage":4.0,"enemies":"Spheric Guardian","floor":18.0,"turns":9.0},{"damage":7.0,"enemies":"2 Thieves","floor":19.0,"turns":4.0},{"damage":14.0,"enemies":"Slavers","floor":24.0,"turns":4.0},{"damage":3.0,"enemies":"Snake Plant","floor":25.0,"turns":6.0},{"damage":6.0,"enemies":"Book of Stabbing","floor":28.0,"turns":8.0},{"damage":3.0,"enemies":"Gremlin Leader","floor":30.0,"turns":5.0},{"damage":1.0,"enemies":"Automaton","floor":33.0,"turns":10.0},{"damage":0.0,"enemies":"3 Darklings","floor":35.0,"turns":3.0},{"damage":0.0,"enemies":"2 Orb Walkers","floor":38.0,"turns":5.0},{"damage":6.0,"enemies":"3 Shapes","floor":39.0,"turns":5.0},{"damage":29.0,"enemies":"Reptomancer","floor":41.0,"turns":4.0},{"damage":24.0,"enemies":"Giant Head","floor":45.0,"turns":7.0},{"damage":0.0,"enemies":"Mind Bloom Boss Battle","floor":46.0,"turns":8.0},{"damage":44,"enemies":"Awakened One","floor":50,"turns":22},{"damage":19,"enemies":"Time Eater","floor":51,"turns":14},{"damage":48,"enemies":"Shield and Spear","floor":55,"turns":10},{"damage":30,"enemies":"The Heart","floor":56,"turns":14}],"seed_played":"6803757310786494032","potions_obtained":[{"floor":1.0,"key":"GhostInAJar"},{"floor":4.0,"key":"Regen Potion"},{"floor":7.0,"key":"Ancient Potion"},{"floor":14.0,"key":"EssenceOfSteel"},{"floor":18.0,"key":"Poison Potion"},{"floor":19.0,"key":"Ancient Potion"},{"floor":24.0,"key":"Dexterity Potion"},{"floor":28.0,"key":"Poison Potion"},{"floor":30.0,"key":"Block Potion"},{"floor":33.0,"key":"Explosive Potion"},{"floor":39.0,"key":"LiquidBronze"},{"floor":41.0,"key":"SmokeBomb"}],"is_trial":false,"path_per_floor":["M","?","?","M","?","R","E","R","T","M","$","E","M","E","R","B",null,"M","M","?","?","$","R","E","M","T","R","E","T","E","$","R","B",null,"M","?","?","?","M","R","E","R","T","$","E","?","R","$","R","B","B",null,"R","$","E","B",null],"character_chosen":"THE_SILENT","items_purchased":["Footwork","Pantograph","Infinite Blades","Cloak And Dagger","Well Laid Plans","Footwork","Backflip+1","Footwork","PiercingWail+1","ClockworkSouvenir","Block Potion","SkillPotion","GhostInAJar"],"campfire_rested":0,"item_purchase_floors":[11,31,31,31,44,48,48,48,48,48,48,54,54],"current_hp_per_floor":[53,53,46,46,51,51,39,39,39,39,39,32,44,41,41,37,63,59,52,52,52,52,52,38,47,47,47,41,41,38,38,38,62,69,69,67,67,67,61,61,44,44,44,44,32,57,57,57,57,35,41,61,61,61,25,32],"gold":59,"neow_bonus":"BOSS_RELIC","is_prod":false,"is_daily":false,"chose_seed":false,"campfire_upgraded":8,"win_rate":0,"timestamp":1553411881,"path_taken":["M","?","?","M","?","R","E","R","T","M","?","E","M","E","R","BOSS","M","M","?","?","$","R","E","M","T","R","E","?","E","$","R","BOSS","M","?","?","?","M","R","E","R","T","$","E","?","R","$","R","BOSS","BOSS","R","$","E","BOSS"],"build_version":"2019-03-15","purchased_purges":1,"victory":true,"max_hp_per_floor":[66,66,66,66,71,71,71,71,71,71,71,71,71,71,71,71,71,71,71,71,71,71,71,71,71,71,71,71,71,71,71,71,71,71,71,67,67,67,67,67,67,67,67,67,67,67,67,67,67,67,67,67,67,67,67,67],"card_choices":[{"not_picked":["Quick Slash","Footwork"],"picked":"Noxious Fumes","floor":1.0},{"not_picked":["Bane","Dagger Throw"],"picked":"Dagger Spray","floor":4.0},{"not_picked":["Dagger Spray","Escape Plan"],"picked":"Backflip","floor":7.0},{"not_picked":["Outmaneuver","Acrobatics"],"picked":"Leg Sweep","floor":10.0},{"not_picked":["Dagger Spray","Finisher"],"picked":"Skewer","floor":12.0},{"not_picked":["Escape Plan","Grand Finale"],"picked":"PiercingWail","floor":13.0},{"not_picked":["Slice","Flying Knee","Concentrate"],"picked":"SKIP","floor":14.0},{"not_picked":["Die Die Die","Grand Finale"],"picked":"Glass Knife","floor":16.0},{"not_picked":["Dagger Throw","Predator"],"picked":"Cloak And Dagger","floor":18.0},{"not_picked":["Sucker Punch","Masterful Stab","Bane+1"],"picked":"SKIP","floor":19.0},{"not_picked":["Sucker Punch","Masterful Stab","Bane+1"],"picked":"SKIP","floor":19.0},{"not_picked":["Tools of the Trade","Underhanded Strike","Dagger Throw"],"picked":"SKIP","floor":24.0},{"not_picked":["Prepared","Setup"],"picked":"Footwork","floor":25.0},{"not_picked":["PiercingWail+1","Deadly Poison+1"],"picked":"After Image","floor":28.0},{"not_picked":["Dagger Spray","Distraction","Quick Slash"],"picked":"SKIP","floor":30.0},{"not_picked":["Venomology","Wraith Form v2"],"picked":"Corpse Explosion","floor":33.0},{"not_picked":["Masterful Stab+1","Bane"],"picked":"PiercingWail+1","floor":35.0},{"not_picked":["Poisoned Stab","Deadly Poison"],"picked":"Acrobatics+1","floor":38.0},{"not_picked":["Sucker Punch","Eviscerate"],"picked":"Blur+1","floor":39.0},{"not_picked":["Accuracy","Dagger Throw","Endless Agony"],"picked":"SKIP","floor":41.0},{"not_picked":["Quick Slash","Caltrops","Slice"],"picked":"SKIP","floor":45.0},{"not_picked":["Slice","Underhanded Strike"],"picked":"PiercingWail+1","floor":46.0},{"not_picked":["PiercingWail+1","Cloak And Dagger+1"],"picked":"After Image","floor":55}],"player_experience":1212924,"relics_obtained":[{"floor":7.0,"key":"Anchor"},{"floor":9.0,"key":"PreservedInsect"},{"floor":12.0,"key":"Meat on the Bone"},{"floor":14.0,"key":"Whetstone"},{"floor":24.0,"key":"Shuriken"},{"floor":26.0,"key":"Mummified Hand"},{"floor":28.0,"key":"Mercury Hourglass"},{"floor":29.0,"key":"WingedGreaves"},{"floor":30.0,"key":"The Courier"},{"floor":38.0,"key":"Girya"},{"floor":41.0,"key":"Old Coin"},{"floor":45.0,"key":"Toxic Egg 2"},{"floor":46.0,"key":"Prayer Wheel"},{"floor":55,"key":"Tough Bandages"}],"event_choices":[{"cards_removed":["Strike_G"],"damage_healed":0.0,"max_hp_gain":0.0,"max_hp_loss":0.0,"gold_gain":0.0,"event_name":"The Cleric","player_choice":"Card Removal","floor":2.0,"gold_loss":75.0,"damage_taken":0.0},{"cards_removed":["Strike_G"],"damage_healed":0.0,"max_hp_gain":0.0,"max_hp_loss":0.0,"gold_gain":0.0,"event_name":"Golden Wing","player_choice":"Card Removal","floor":3.0,"gold_loss":0.0,"damage_taken":7.0},{"damage_healed":0.0,"max_hp_gain":5.0,"max_hp_loss":0.0,"gold_gain":0.0,"event_name":"Big Fish","player_choice":"Donut","floor":5.0,"gold_loss":0.0,"damage_taken":0.0},{"damage_healed":0.0,"max_hp_gain":0.0,"max_hp_loss":0.0,"gold_gain":0.0,"event_name":"The Library","player_choice":"Read","floor":20.0,"gold_loss":0.0,"damage_taken":0.0,"cards_obtained":["Crippling Poison"]},{"damage_healed":0.0,"max_hp_gain":0.0,"max_hp_loss":0.0,"gold_gain":0.0,"event_name":"Addict","player_choice":"Obtained Relic","floor":21.0,"gold_loss":85.0,"damage_taken":0.0,"relics_obtained":["Kunai"]},{"damage_healed":0.0,"max_hp_gain":0.0,"max_hp_loss":4.0,"gold_gain":0.0,"event_name":"Winding Halls","player_choice":"Max HP","floor":36.0,"gold_loss":0.0,"damage_taken":0.0},{"cards_removed":["Defend_G"],"damage_healed":0.0,"max_hp_gain":0.0,"max_hp_loss":0.0,"gold_gain":0.0,"event_name":"Falling","player_choice":"Removed Skill","floor":37.0,"gold_loss":0.0,"damage_taken":0.0},{"damage_healed":0.0,"max_hp_gain":0.0,"max_hp_loss":0.0,"gold_gain":0.0,"event_name":"Mysterious Sphere","player_choice":"Fight","floor":38.0,"gold_loss":0.0,"damage_taken":0.0},{"damage_healed":0.0,"max_hp_gain":0.0,"max_hp_loss":0.0,"gold_gain":0.0,"event_name":"MindBloom","player_choice":"Fight","floor":46.0,"gold_loss":0.0,"damage_taken":0.0}],"is_beta":true,"boss_relics":[{"not_picked":["Fusion Hammer","WristBlade"],"picked":"Astrolabe"},{"not_picked":["Lizard Tail","Empty Cage"],"picked":"Runic Dome"}],"items_purged_floors":[44],"is_endless":false,"potions_floor_spawned":[1,4,7,10,12,13,14,16,18,19,24,25,28,30,33,35,38,39,41,45,46,55],"ascension_level":20}