{"gold_per_floor":[112,36,111,130,130,155,155,165,165,165,175,194,26,54,54,54],"floor_reached":16,"playtime":610,"items_purged":[],"score":132,"play_id":"67bdb0ad-d767-4742-9850-3f674d115289","local_time":"20190117030700","is_ascension_mode":true,"campfire_choices":[{"data":"Calculated Gamble","floor":7,"key":"SMITH"},{"floor":10,"key":"DIG"},{"floor":15,"key":"DIG"}],"neow_cost":"TEN_PERCENT_HP_LOSS","seed_source_timestamp":8436254352513,"circlet_count":0,"master_deck":["Defend_G","Defend_G","Defend_G","Defend_G","Strike_G","Strike_G","Strike_G","Strike_G","Survivor","Neutralize","Calculated Gamble+1","Dagger Throw","Poisoned Stab","Choke","Masterful Stab","Dodge and Roll","Concentrate","Outmaneuver","Reflex","Master of Strategy","Flying Knee"],"relics":["Ring of the Snake","Blue Candle","Shovel","Bronze Scales","Oddly Smooth Stone","Calipers"],"potions_floor_usage":[11,14],"damage_taken":[{"damage":0,"enemies":"Small Slimes","floor":1,"turns":3},{"damage":0,"enemies":"2 Louse","floor":4,"turns":2},{"damage":8,"enemies":"Gremlin Nob","floor":6,"turns":3},{"damage":0,"enemies":"Cultist","floor":8,"turns":2},{"damage":7,"enemies":"2 Fungi Beasts","floor":11,"turns":2},{"damage":0,"enemies":"Looter","floor":12,"turns":1},{"damage":17,"enemies":"Lagavulin","floor":14,"turns":4},{"damage":25,"enemies":"The Guardian","floor":16,"turns":2}],"seed_played":"4051199519405661210","potions_obtained":[{"floor":4,"key":"AttackPotion"},{"floor":8,"key":"SmokeBomb"},{"floor":11,"key":"Fruit Juice"}],"is_trial":false,"path_per_floor":["M","$","?","M","?","E","R","M","T","R","M","M","$","E","R","B"],"character_chosen":"THE_SILENT","items_purchased":["Choke","Master of Strategy"],"campfire_rested":0,"item_purchase_floors":[2,13],"current_hp_per_floor":[63,63,52,52,52,44,44,44,44,44,42,42,42,25,25,0],"gold":54,"neow_bonus":"TRANSFORM_TWO_CARDS","is_prod":false,"is_daily":false,"chose_seed":false,"campfire_upgraded":1,"win_rate":0,"timestamp":1547712420,"path_taken":["M","$","?","M","?","E","R","M","T","R","M","?","$","E","R","BOSS"],"build_version":"2019-01-16","purchased_purges":0,"victory":false,"max_hp_per_floor":[63,63,63,63,63,63,63,63,63,63,68,68,68,68,68,68],"card_choices":[{"not_picked":["Skewer","Slice"],"picked":"Poisoned Stab","floor":1},{"not_picked":["Deflect","Dagger Throw"],"picked":"Masterful Stab","floor":4},{"not_picked":["Dagger Spray","Masterful Stab"],"picked":"Dodge and Roll","floor":6},{"not_picked":["Skewer","Dagger Spray"],"picked":"Concentrate","floor":8},{"not_picked":["Bouncing Flask","Deadly Poison"],"picked":"Outmaneuver","floor":11},{"not_picked":["Noxious Fumes","Well Laid Plans"],"picked":"Reflex","floor":12},{"not_picked":["Dagger Throw","Deflect"],"picked":"Flying Knee","floor":14}],"player_experience":208802,"relics_obtained":[{"floor":6,"key":"Blue Candle"},{"floor":9,"key":"Shovel"},{"floor":10,"key":"Bronze Scales"},{"floor":14,"key":"Oddly Smooth Stone"},{"floor":15,"key":"Calipers"}],"event_choices":[{"damage_healed":0,"gold_gain":75,"player_choice":"Gather Gold","damage_taken":11,"max_hp_gain":0,"max_hp_loss":0,"event_name":"World of Goop","floor":3,"gold_loss":0},{"damage_healed":0,"gold_gain":0,"player_choice":"Bought 0 Potions","damage_taken":0,"max_hp_gain":0,"max_hp_loss":0,"event_name":"The Woman in Blue","floor":5,"gold_loss":0}],"is_beta":true,"boss_relics":[],"items_purged_floors":[],"is_endless":false,"potions_floor_spawned":[4,8,11],"killed_by":"The Guardian","ascension_level":4}