{"gold_per_floor":[117,136,33,33,46,46,73,73,123,135,149,169,169,198,198,274,274,286,200,219,237,248,248],"floor_reached":23,"playtime":1439,"items_purged":["Strike_G"],"score":390,"play_id":"2f078204-0ac8-434a-a2b7-e7546b7e826f","local_time":"20190318102324","is_ascension_mode":true,"campfire_choices":[{"data":"Blade Dance","floor":6,"key":"SMITH"},{"data":"Neutralize","floor":8,"key":"SMITH"},{"floor":15,"key":"REST"}],"neow_cost":"NONE","seed_source_timestamp":4795144592678,"circlet_count":0,"master_deck":["AscendersBane","Defend_G","Defend_G","Defend_G","Defend_G","Defend_G","Strike_G","Strike_G","Strike_G+1","Survivor","Neutralize+1","Endless Agony","Dodge and Roll","Blade Dance+1","Endless Agony+1","PiercingWail","Dagger Throw","Backflip","Bouncing Flask","After Image","Backflip","Blade Dance","Cloak And Dagger"],"relics":["WristBlade","Orichalcum","Vajra","Art of War","Philosopher\u0027s Stone","Oddly Smooth Stone"],"potions_floor_usage":[16,21,23],"damage_taken":[{"damage":0,"enemies":"Jaw Worm","floor":1,"turns":6},{"damage":0,"enemies":"Cultist","floor":2,"turns":3},{"damage":0,"enemies":"Small Slimes","floor":5,"turns":3},{"damage":15,"enemies":"Lagavulin","floor":7,"turns":7},{"damage":4,"enemies":"Red Slaver","floor":10,"turns":4},{"damage":0,"enemies":"2 Fungi Beasts","floor":11,"turns":3},{"damage":0,"enemies":"Looter","floor":12,"turns":2},{"damage":2,"enemies":"Gremlin Nob","floor":14,"turns":3},{"damage":5,"enemies":"The Guardian","floor":16,"turns":10},{"damage":0,"enemies":"Spheric Guardian","floor":18,"turns":3},{"damage":0,"enemies":"Chosen","floor":20,"turns":3},{"damage":21,"enemies":"Snecko","floor":21,"turns":7},{"damage":1,"enemies":"Centurion and Healer","floor":22,"turns":5},{"damage":39,"enemies":"Gremlin Leader","floor":23,"turns":8}],"seed_played":"6603035894053142260","potions_obtained":[{"floor":1,"key":"SpeedPotion"},{"floor":10,"key":"PowerPotion"},{"floor":20,"key":"SpeedPotion"}],"is_trial":false,"path_per_floor":["M","M","$","?","M","R","E","R","T","M","M","M","?","E","R","B",null,"M","?","M","M","M","E"],"character_chosen":"THE_SILENT","items_purchased":["Blade Dance"],"campfire_rested":1,"item_purchase_floors":[3],"current_hp_per_floor":[59,59,59,59,59,59,44,44,44,40,40,40,20,18,37,32,58,58,58,58,37,36,0],"gold":248,"neow_bonus":"BOSS_RELIC","is_prod":false,"is_daily":false,"chose_seed":false,"campfire_upgraded":2,"win_rate":0,"timestamp":1552919004,"path_taken":["M","M","$","?","M","R","E","R","T","M","M","?","?","E","R","BOSS","M","?","M","?","M","E"],"build_version":"2019-03-15","purchased_purges":1,"victory":false,"max_hp_per_floor":[66,66,66,66,66,66,66,66,66,66,66,66,66,66,66,66,66,66,66,66,66,66,66],"card_choices":[{"not_picked":["Dodge and Roll","Backflip"],"picked":"Endless Agony","floor":1},{"not_picked":["Flechettes","Reflex"],"picked":"Dodge and Roll","floor":2},{"not_picked":["Deadly Poison","Unload"],"picked":"Endless Agony","floor":5},{"not_picked":["Heel Hook","Underhanded Strike"],"picked":"PiercingWail","floor":7},{"not_picked":["Deadly Poison","Prepared"],"picked":"Dagger Throw","floor":10},{"not_picked":["Deflect","Poisoned Stab"],"picked":"Backflip","floor":11},{"not_picked":["Concentrate","Outmaneuver","Dagger Spray"],"picked":"SKIP","floor":12},{"not_picked":["Outmaneuver","PiercingWail"],"picked":"Bouncing Flask","floor":14},{"not_picked":["Grand Finale","Malaise"],"picked":"After Image","floor":16},{"not_picked":["Acrobatics","Poisoned Stab"],"picked":"Backflip","floor":18},{"not_picked":["Deflect","Sucker Punch","Flying Knee"],"picked":"SKIP","floor":20},{"not_picked":["Malaise","Prepared"],"picked":"Blade Dance","floor":21},{"not_picked":["Quick Slash","Prepared"],"picked":"Cloak And Dagger","floor":22}],"player_experience":555742,"relics_obtained":[{"floor":7,"key":"Orichalcum"},{"floor":9,"key":"Vajra"},{"floor":14,"key":"Art of War"}],"event_choices":[{"cards_removed":["Strike_G"],"damage_healed":0,"gold_gain":0,"player_choice":"Purged","damage_taken":0,"max_hp_gain":0,"max_hp_loss":0,"event_name":"Purifier","floor":4,"gold_loss":0},{"damage_healed":0,"gold_gain":0,"player_choice":"Entered Light","damage_taken":20,"max_hp_gain":0,"max_hp_loss":0,"event_name":"Shining Light","floor":13,"gold_loss":0,"cards_upgraded":["Strike_G","Endless Agony"]},{"damage_healed":0,"gold_gain":0,"player_choice":"Paid Gold","damage_taken":0,"relics_obtained":["Oddly Smooth Stone"],"max_hp_gain":0,"max_hp_loss":0,"event_name":"WeMeetAgain","floor":19,"gold_loss":86}],"is_beta":true,"boss_relics":[{"not_picked":["White Beast Statue","Orrery"],"picked":"Philosopher\u0027s Stone"}],"items_purged_floors":[3],"is_endless":false,"potions_floor_spawned":[1,10,11,20],"killed_by":"Gremlin Leader","ascension_level":18}