{"gold_per_floor":[114,414,432,452,470,470,231,231,231,261,261,296,23,54,54,183,183,183,108,38,38,38,38,38,38,38,38,38,0,0,0,0,0,0,0,0,0,0,0,0,0,0,0,0,0,0,0,0,0,0,0,0,0,0,0],"floor_reached":56,"playtime":2909,"items_purged":[],"score":1806,"play_id":"9b67dd13-83be-4d7f-a947-0a8fcb57488f","local_time":"20190122013126","is_ascension_mode":true,"campfire_choices":[{"data":"Neutralize","floor":6,"key":"SMITH"},{"data":"Dagger Throw","floor":8,"key":"SMITH"},{"data":"A Thousand Cuts","floor":15,"key":"SMITH"},{"data":"After Image","floor":23,"key":"SMITH"},{"data":"Infinite Blades","floor":27,"key":"SMITH"},{"data":"Blade Dance","floor":30,"key":"SMITH"},{"data":"Cloak And Dagger","floor":32,"key":"SMITH"},{"floor":41,"key":"RECALL"},{"data":"Ghostly","floor":47,"key":"SMITH"},{"data":"Ghostly","floor":49,"key":"SMITH"},{"data":"A Thousand Cuts","floor":52,"key":"SMITH"}],"neow_cost":"NONE","seed_source_timestamp":27252292315962,"circlet_count":0,"master_deck":["Defend_G","Defend_G","Defend_G","Defend_G","Defend_G","Strike_G","Strike_G","Strike_G","Strike_G","Strike_G","Survivor","Neutralize+1","Quick Slash","Dagger Throw+1","Predator","Escape Plan","A Thousand Cuts+1","Infinite Blades+1","A Thousand Cuts+1","After Image+1","Cloak And Dagger+1","PiercingWail","Finesse","Ghostly+1","Ghostly+1","Ghostly","Ghostly","Ghostly","Quick Slash+1","Blade Dance+1","Accuracy+1","A Thousand Cuts","Dash","Swift Strike","Blade Dance+1","Caltrops+1","Escape Plan+1"],"relics":["Ring of the Snake","NeowsBlessing","Old Coin","Kunai","Gremlin Horn","Turnip","Golden Idol","The Courier","Ginger","WingedGreaves","Ectoplasm","Shuriken","Letter Opener","Bird Faced Urn","Ornamental Fan","Busted Crown","Blue Candle","Singing Bowl","Incense Burner","Bottled Lightning","Snake Skull"],"potions_floor_usage":[12,18,19,50,54,55,55],"damage_taken":[{"damage":0,"enemies":"2 Louse","floor":1,"turns":1},{"damage":0,"enemies":"Cultist","floor":3,"turns":1},{"damage":0,"enemies":"Jaw Worm","floor":4,"turns":1},{"damage":0,"enemies":"Exordium Thugs","floor":5,"turns":4},{"damage":12,"enemies":"Gremlin Nob","floor":10,"turns":4},{"damage":6,"enemies":"Lagavulin","floor":12,"turns":6},{"damage":10,"enemies":"3 Sentries","floor":14,"turns":6},{"damage":24,"enemies":"Slime Boss","floor":16,"turns":7},{"damage":0,"enemies":"Shell Parasite","floor":18,"turns":5},{"damage":16,"enemies":"2 Thieves","floor":19,"turns":4},{"damage":13,"enemies":"Snecko","floor":22,"turns":6},{"damage":5,"enemies":"Slavers","floor":25,"turns":6},{"damage":0,"enemies":"Book of Stabbing","floor":31,"turns":6},{"damage":0,"enemies":"Collector","floor":33,"turns":7},{"damage":0,"enemies":"Orb Walker","floor":35,"turns":4},{"damage":0,"enemies":"3 Darklings","floor":36,"turns":4},{"damage":0,"enemies":"Spire Growth","floor":39,"turns":5},{"damage":0,"enemies":"Reptomancer","floor":40,"turns":6},{"damage":0,"enemies":"Nemesis","floor":42,"turns":5},{"damage":0,"enemies":"4 Shapes","floor":44,"turns":3},{"damage":0,"enemies":"Reptomancer","floor":46,"turns":5},{"damage":0,"enemies":"Maw","floor":48,"turns":6},{"damage":10,"enemies":"Donu and Deca","floor":50,"turns":7},{"damage":0,"enemies":"Shield and Spear","floor":54,"turns":4},{"damage":44,"enemies":"The Heart","floor":55,"turns":9}],"seed_played":"-3890220784844248345","potions_obtained":[{"floor":1,"key":"SneckoOil"},{"floor":4,"key":"SneckoOil"},{"floor":14,"key":"Weak Potion"},{"floor":16,"key":"Block Potion"},{"floor":18,"key":"SteroidPotion"},{"floor":19,"key":"GhostInAJar"},{"floor":31,"key":"Energy Potion"},{"floor":54,"key":"Regen Potion"}],"is_trial":false,"path_per_floor":["?","M","?","$","?","?","T","M","?","?","M","T","M"],"character_chosen":"THE_SILENT","items_purchased":["Kunai","Infinite Blades","Ginger","Finesse","Blade Dance"],"campfire_rested":0,"item_purchase_floors":[7,13,13,20,29],"current_hp_per_floor":[63,63,63,63,63,63,63,63,63,51,51,45,45,35,35,11,52,52,36,36,57,44,44,32,27,27,27,27,27,27,32,32,32,32,32,32,32,32,32,32,32,34,34,34,34,36,36,36,36,32,35,35,35,38,13],"gold":0,"neow_bonus":"THREE_ENEMY_KILL","is_prod":false,"is_daily":false,"chose_seed":false,"campfire_upgraded":10,"win_rate":0,"timestamp":1548138686,"path_taken":["M","?","?","M","M","R","$","R","T","E","?","E","?","E","R","BOSS","M","M","$","?","M","R","?","E","T","R","?","$","R","E","R","BOSS","M","?","?","?","M","E","R","E","T","?","?","E","R","?","R","BOSS","R","$","E","BOSS"],"build_version":"2019-01-20","purchased_purges":0,"victory":true,"max_hp_per_floor":[70,70,70,70,70,70,70,70,70,70,65,65,65,65,65,65,65,65,65,65,65,65,65,32,32,32,32,32,32,32,32,32,32,32,32,32,32,32,32,32,32,34,34,34,34,36,36,36,36,36,36,36,36,38,38],"card_choices":[{"not_picked":["Setup","Blade Dance"],"picked":"Dash","floor":1},{"not_picked":["Blade Dance","Sucker Punch"],"picked":"Quick Slash","floor":3},{"not_picked":["Underhanded Strike","Prepared"],"picked":"Dagger Throw","floor":4},{"not_picked":["Prepared","Blade Dance"],"picked":"Predator","floor":5},{"not_picked":["Skewer","Dagger Spray"],"picked":"Escape Plan","floor":10},{"not_picked":["Cloak And Dagger","Acrobatics"],"picked":"A Thousand Cuts","floor":12},{"not_picked":["Dash","Acrobatics"],"picked":"A Thousand Cuts","floor":14},{"not_picked":["Unload","Phantasmal Killer"],"picked":"After Image","floor":16},{"not_picked":["Calculated Gamble+1","Skewer"],"picked":"Cloak And Dagger","floor":18},{"not_picked":["Bane","Quick Slash+1"],"picked":"PiercingWail","floor":19},{"not_picked":["Poisoned Stab","Eviscerate","Expertise"],"picked":"SKIP","floor":22},{"not_picked":["Dagger Spray","Doppelganger"],"picked":"Quick Slash+1","floor":25},{"not_picked":["Dagger Throw","Bane+1"],"picked":"Accuracy+1","floor":31},{"not_picked":["Bullet Time","Storm of Steel"],"picked":"A Thousand Cuts","floor":33},{"not_picked":["Flying Knee"],"picked":"SKIP","floor":35},{"not_picked":["Masterful Stab"],"picked":"SKIP","floor":36},{"not_picked":["Masterful Stab+1"],"picked":"SKIP","floor":39},{"not_picked":[],"picked":"Blade Dance+1","floor":40},{"not_picked":["Leg Sweep"],"picked":"Singing Bowl","floor":42},{"not_picked":[],"picked":"Caltrops+1","floor":44},{"not_picked":["Outmaneuver+1"],"picked":"Singing Bowl","floor":46},{"not_picked":[],"picked":"Escape Plan+1","floor":48},{"not_picked":["Bane"],"picked":"Singing Bowl","floor":54}],"player_experience":248057,"relics_obtained":[{"floor":9,"key":"Gremlin Horn"},{"floor":10,"key":"Turnip"},{"floor":12,"key":"The Courier"},{"floor":14,"key":"WingedGreaves"},{"floor":25,"key":"Shuriken"},{"floor":26,"key":"Letter Opener"},{"floor":28,"key":"Bird Faced Urn"},{"floor":31,"key":"Ornamental Fan"},{"floor":40,"key":"Blue Candle"},{"floor":42,"key":"Singing Bowl"},{"floor":45,"key":"Incense Burner"},{"floor":46,"key":"Bottled Lightning"},{"floor":54,"key":"Snake Skull"}],"event_choices":[{"damage_healed":0,"gold_gain":0,"player_choice":"Gave Potion","damage_taken":0,"relics_obtained":["Old Coin"],"max_hp_gain":0,"max_hp_loss":0,"event_name":"WeMeetAgain","floor":2,"gold_loss":0},{"damage_healed":0,"gold_gain":0,"player_choice":"Lose Max HP","damage_taken":0,"relics_obtained":["Golden Idol"],"max_hp_gain":0,"max_hp_loss":5,"event_name":"Golden Idol","floor":11,"gold_loss":0},{"damage_healed":21,"gold_gain":0,"player_choice":"Heal","damage_taken":0,"max_hp_gain":0,"max_hp_loss":0,"event_name":"The Library","floor":21,"gold_loss":0},{"damage_healed":0,"gold_gain":0,"player_choice":"Became a Ghost","damage_taken":0,"max_hp_gain":0,"max_hp_loss":33,"event_name":"Ghosts","floor":24,"gold_loss":0,"cards_obtained":["Ghostly","Ghostly","Ghostly","Ghostly","Ghostly"]},{"cards_removed":["Dash"],"damage_healed":0,"gold_gain":0,"player_choice":"Removed Attack","damage_taken":0,"max_hp_gain":0,"max_hp_loss":0,"event_name":"Falling","floor":37,"gold_loss":0},{"damage_healed":0,"gold_gain":0,"player_choice":"2 cards matched","damage_taken":0,"max_hp_gain":0,"max_hp_loss":0,"event_name":"Match and Keep!","floor":38,"gold_loss":0,"cards_obtained":["Dash","Swift Strike"]}],"is_beta":true,"boss_relics":[{"not_picked":["Eternal Feather","Astrolabe"],"picked":"Ectoplasm"},{"not_picked":["Calling Bell","Philosopher\u0027s Stone"],"picked":"Busted Crown"}],"items_purged_floors":[],"is_endless":false,"potions_floor_spawned":[1,4,14,16,18,19,31,35,36,46,48,54],"ascension_level":6}