{"gold_per_floor":[113,188,199,199,199,199,227,244,244,202,202,202,227,244,244,321,321,338,97,147,163,181,181],"floor_reached":23,"playtime":899,"items_purged":["Pain"],"score":398,"play_id":"5c090496-4f62-4310-82af-264febd41550","local_time":"20190218092444","is_ascension_mode":true,"campfire_choices":[{"floor":6.0,"key":"REST"},{"floor":11.0,"key":"REST"},{"floor":12.0,"key":"REST"},{"data":"Rebound","floor":15.0,"key":"SMITH"}],"neow_cost":"TEN_PERCENT_HP_LOSS","seed_source_timestamp":401868694851675,"circlet_count":0,"master_deck":["AscendersBane","Strike_B","Strike_B","Strike_B","Strike_B","Defend_B","Defend_B","Defend_B","Defend_B+1","Zap+1","Dualcast","Rebound+1","Rebound+1","Ball Lightning","Undo","Genetic Algorithm","Genetic Algorithm","Cold Snap","Biased Cognition","Injury","Shame","Barrage","Cold Snap"],"special_seed":0,"relics":["Cracked Core","WingedGreaves","Letter Opener","Mercury Hourglass","Bag of Marbles","Calling Bell","Du-Vu Doll","Kunai","Centennial Puzzle","Omamori"],"potions_floor_usage":[23],"damage_taken":[{"damage":0.0,"enemies":"Small Slimes","floor":1.0,"turns":2.0},{"damage":0.0,"enemies":"2 Louse","floor":3.0,"turns":3.0},{"damage":44.0,"enemies":"Gremlin Nob","floor":7.0,"turns":4.0},{"damage":0.0,"enemies":"Cultist","floor":8.0,"turns":2.0},{"damage":17.0,"enemies":"Lagavulin","floor":13.0,"turns":6.0},{"damage":0.0,"enemies":"Gremlin Gang","floor":14.0,"turns":3.0},{"damage":27.0,"enemies":"The Guardian","floor":16.0,"turns":9.0},{"damage":16.0,"enemies":"3 Byrds","floor":18.0,"turns":5.0},{"damage":0,"enemies":"Chosen","floor":21,"turns":4},{"damage":0,"enemies":"3 Cultists","floor":22,"turns":4},{"damage":30,"enemies":"Book of Stabbing","floor":23,"turns":5}],"seed_played":"-4216207146657553370","potions_obtained":[{"floor":8.0,"key":"SpeedPotion"},{"floor":13.0,"key":"SkillPotion"},{"floor":18.0,"key":"Weak Potion"}],"is_trial":false,"path_per_floor":["M","?","M","?","?","R","E","M","T","$","R","R","E","M","R","B",null,"M","$","?","M","M","E"],"character_chosen":"DEFECT","items_purchased":["Genetic Algorithm","Omamori"],"campfire_rested":3,"item_purchase_floors":[10,19],"current_hp_per_floor":[64,53,53,53,34,53,9,9,9,9,28,47,30,30,30,3,49,33,33,27,27,27,0],"gold":181,"neow_bonus":"ONE_RARE_RELIC","is_prod":false,"is_daily":false,"chose_seed":false,"campfire_upgraded":1,"win_rate":0,"timestamp":1550499884,"path_taken":["M","?","M","?","?","R","E","M","T","$","R","R","E","M","R","BOSS","M","$","?","?","?","E"],"build_version":"2019-02-06","purchased_purges":1,"victory":false,"max_hp_per_floor":[64,64,64,64,64,64,64,64,64,64,64,64,64,64,64,64,64,64,64,64,64,64,64],"card_choices":[{"not_picked":["Leap","Turbo"],"picked":"Rebound","floor":1.0},{"not_picked":["Force Field","Stack"],"picked":"Rebound","floor":3.0},{"not_picked":["Thunder Strike","Skim"],"picked":"Ball Lightning","floor":7.0},{"not_picked":["Chaos","Self Repair"],"picked":"Undo","floor":8.0},{"not_picked":["Streamline","Gash"],"picked":"Genetic Algorithm","floor":13.0},{"not_picked":["Redo","Storm"],"picked":"Cold Snap","floor":14.0},{"not_picked":["Meteor Strike","Thunder Strike"],"picked":"Biased Cognition","floor":16.0},{"not_picked":["Coolheaded","Beam Cell","Rip and Tear"],"picked":"SKIP","floor":18.0},{"not_picked":["Beam Cell","Stack"],"picked":"Barrage","floor":21},{"not_picked":["Creative AI","Coolheaded"],"picked":"Cold Snap","floor":22}],"player_experience":937236,"relics_obtained":[{"floor":7.0,"key":"Letter Opener"},{"floor":9.0,"key":"Mercury Hourglass"},{"floor":13.0,"key":"Bag of Marbles"},{"floor":17.0,"key":"Du-Vu Doll"},{"floor":17.0,"key":"Kunai"},{"floor":17.0,"key":"Centennial Puzzle"}],"event_choices":[{"damage_healed":0.0,"max_hp_gain":0.0,"max_hp_loss":0.0,"gold_gain":75.0,"event_name":"World of Goop","player_choice":"Gather Gold","floor":2.0,"gold_loss":0.0,"damage_taken":11.0},{"damage_healed":0.0,"max_hp_gain":0.0,"max_hp_loss":0.0,"gold_gain":0.0,"event_name":"Living Wall","player_choice":"Grow","floor":4.0,"gold_loss":0.0,"damage_taken":0.0,"cards_upgraded":["Zap"]},{"damage_healed":0.0,"max_hp_gain":0.0,"max_hp_loss":0.0,"gold_gain":0.0,"event_name":"Shining Light","player_choice":"Entered Light","floor":5.0,"gold_loss":0.0,"damage_taken":19.0,"cards_upgraded":["Rebound","Defend_B"]},{"damage_healed":0,"gold_gain":50,"player_choice":"Touch","damage_taken":6,"max_hp_gain":0,"max_hp_loss":0,"event_name":"FaceTrader","floor":20,"gold_loss":0}],"is_beta":true,"boss_relics":[{"not_picked":["Tiny House","Orrery"],"picked":"Calling Bell"}],"items_purged_floors":[19],"is_endless":false,"potions_floor_spawned":[8,13,18],"killed_by":"Book of Stabbing","ascension_level":20}