{"gold_per_floor":[115,115,125,137,137,171,171,196,196,227,227,243,278,298,298,398,398,408,323,99,99,124,124,124,124,124,155,168,168,188,188,188,188],"floor_reached":33,"playtime":1081,"items_purged":["Strike_R"],"score":367,"play_id":"1a47b055-54e6-4ffd-a30c-97fda9735f8e","local_time":"20190312060058","is_ascension_mode":true,"campfire_choices":[{"data":"Flame Barrier","floor":7,"key":"SMITH"},{"data":"Spot Weakness","floor":11,"key":"SMITH"},{"data":"Thunderclap","floor":15,"key":"SMITH"},{"data":"Limit Break","floor":23,"key":"SMITH"},{"floor":25,"key":"REST"},{"data":"Heavy Blade","floor":29,"key":"SMITH"},{"floor":32,"key":"REST"}],"neow_cost":"NONE","seed_source_timestamp":342652132563986,"circlet_count":0,"master_deck":["Strike_R","Strike_R","Strike_R","Defend_R","Defend_R","Defend_R","Defend_R","Bash","Clash","Flame Barrier+1","Thunderclap+1","Brutality","Clash","Spot Weakness+1","Clothesline","Limit Break+1","Heavy Blade+1","Spot Weakness+1"],"relics":["Burning Blood","NeowsBlessing","Potion Belt","Charon\u0027s Ashes","Meat on the Bone","Strawberry","Du-Vu Doll","Mark of Pain","Dream Catcher","Regal Pillow","Lantern","Singing Bowl"],"potions_floor_usage":[8,24,27,28],"damage_taken":[{"damage":0,"enemies":"2 Louse","floor":1,"turns":1},{"damage":0,"enemies":"Cultist","floor":3,"turns":1},{"damage":0,"enemies":"Small Slimes","floor":4,"turns":1},{"damage":41,"enemies":"3 Sentries","floor":6,"turns":9},{"damage":18,"enemies":"Lagavulin","floor":8,"turns":6},{"damage":21,"enemies":"3 Sentries","floor":10,"turns":6},{"damage":8,"enemies":"Blue Slaver","floor":12,"turns":2},{"damage":33,"enemies":"Lagavulin","floor":13,"turns":7},{"damage":0,"enemies":"Red Slaver","floor":14,"turns":3},{"damage":32,"enemies":"Slime Boss","floor":16,"turns":9},{"damage":36,"enemies":"Spheric Guardian","floor":18,"turns":6},{"damage":0,"enemies":"Slavers","floor":24,"turns":1},{"damage":47,"enemies":"Gremlin Leader","floor":27,"turns":5},{"damage":14,"enemies":"2 Thieves","floor":28,"turns":3},{"damage":17,"enemies":"3 Cultists","floor":30,"turns":5},{"damage":102,"enemies":"Automaton","floor":33,"turns":8}],"seed_played":"1020821640148380243","potions_obtained":[{"floor":6,"key":"LiquidBronze"},{"floor":10,"key":"SmokeBomb"},{"floor":16,"key":"SpeedPotion"},{"floor":27,"key":"SkillPotion"}],"is_trial":false,"path_per_floor":["M","?","M","M","?","E","R","E","T","E","R","M","E","M","R","B",null,"M","?","$","?","T","R","E","R","T","E","M","R","M","?","R","B"],"character_chosen":"IRONCLAD","items_purchased":["Regal Pillow"],"campfire_rested":2,"item_purchase_floors":[20],"current_hp_per_floor":[80,80,80,80,80,45,45,33,33,37,37,47,32,50,50,36,87,57,57,57,40,40,40,58,92,92,65,59,59,62,62,100,0],"gold":188,"neow_bonus":"THREE_ENEMY_KILL","is_prod":false,"is_daily":false,"chose_seed":false,"campfire_upgraded":5,"win_rate":0,"timestamp":1552395658,"path_taken":["M","?","M","?","?","E","R","E","T","E","R","M","E","?","R","BOSS","M","?","$","?","?","R","E","R","T","E","?","R","M","?","R","BOSS"],"build_version":"2019-01-23","purchased_purges":1,"victory":false,"max_hp_per_floor":[80,80,80,80,80,80,80,80,80,87,87,87,87,87,87,87,87,87,87,87,92,92,92,92,92,92,94,96,96,98,98,100,100],"card_choices":[{"not_picked":["Armaments","Havoc"],"picked":"Clash","floor":1},{"not_picked":["Body Slam","Power Through"],"picked":"Flame Barrier","floor":3},{"not_picked":["Second Wind","Iron Wave"],"picked":"Thunderclap","floor":4},{"not_picked":["Evolve","Iron Wave"],"picked":"Clash","floor":6},{"not_picked":["Infernal Blade","Sentinel","True Grit"],"picked":"SKIP","floor":8},{"not_picked":["Armaments","True Grit"],"picked":"Spot Weakness","floor":10},{"not_picked":["Searing Blow","Juggernaut"],"picked":"Clothesline","floor":12},{"not_picked":["Body Slam","Carnage","Shrug It Off"],"picked":"SKIP","floor":13},{"not_picked":["Clash","Headbutt","Wild Strike"],"picked":"SKIP","floor":14},{"not_picked":["Juggernaut","Double Tap"],"picked":"Limit Break","floor":16},{"not_picked":["Wild Strike","Evolve"],"picked":"Heavy Blade","floor":18},{"not_picked":["Heavy Blade","Rage"],"picked":"Spot Weakness+1","floor":25},{"not_picked":["Offering","Rampage+1","Carnage"],"picked":"Singing Bowl","floor":27},{"not_picked":["Shrug It Off","Whirlwind","Bloodletting+1"],"picked":"Singing Bowl","floor":28},{"not_picked":["Bloodletting","Twin Strike","Heavy Blade"],"picked":"Singing Bowl","floor":30},{"not_picked":["Iron Wave","Heavy Blade+1","Havoc"],"picked":"Singing Bowl","floor":32}],"player_experience":333673,"relics_obtained":[{"floor":6,"key":"Potion Belt"},{"floor":8,"key":"Charon\u0027s Ashes"},{"floor":9,"key":"Meat on the Bone"},{"floor":10,"key":"Strawberry"},{"floor":13,"key":"Du-Vu Doll"},{"floor":22,"key":"Lantern"},{"floor":27,"key":"Singing Bowl"}],"event_choices":[{"cards_removed":["Strike_R"],"damage_healed":0,"gold_gain":0,"player_choice":"Purged","damage_taken":0,"max_hp_gain":0,"max_hp_loss":0,"event_name":"Purifier","floor":2,"gold_loss":0},{"damage_healed":0,"gold_gain":0,"player_choice":"1 cards matched","damage_taken":0,"max_hp_gain":0,"max_hp_loss":0,"event_name":"Match and Keep!","floor":5,"gold_loss":0,"cards_obtained":["Brutality"]},{"damage_healed":0,"gold_gain":0,"player_choice":"Obtained Relic","damage_taken":0,"relics_obtained":["Dream Catcher"],"max_hp_gain":0,"max_hp_loss":0,"event_name":"Addict","floor":19,"gold_loss":85},{"damage_healed":0,"gold_gain":0,"player_choice":"Shed Blood","damage_taken":22,"max_hp_gain":5,"max_hp_loss":0,"event_name":"Forgotten Altar","floor":21,"gold_loss":0},{"damage_healed":0,"gold_gain":0,"player_choice":"Ignored","damage_taken":0,"max_hp_gain":0,"max_hp_loss":0,"event_name":"Vampires","floor":31,"gold_loss":0}],"is_beta":false,"boss_relics":[{"not_picked":["Fusion Hammer","Runic Dome"],"picked":"Mark of Pain"}],"items_purged_floors":[20],"is_endless":false,"potions_floor_spawned":[6,10,16,27],"killed_by":"Automaton","ascension_level":2}