{"gold_per_floor":[110,122,122,122,138,170,170,202,226,258,286,286,315,331,331,331],"floor_reached":16,"playtime":969,"items_purged":[],"score":256,"play_id":"67dfcc51-4bb0-43b5-82e1-27244bf36eff","local_time":"20190324234954","is_ascension_mode":true,"campfire_choices":[{"floor":7.0,"key":"REST"},{"floor":12,"key":"REST"},{"data":"1","floor":15,"key":"LIFT"}],"neow_cost":"CURSE","seed_source_timestamp":1019792421268278,"circlet_count":0,"master_deck":["AscendersBane","Strike_R","Strike_R","Strike_R","Defend_R","Defend_R","Defend_R","Defend_R","Bash","Pain","Seeing Red","Shockwave","Pommel Strike","Rupture","Offering","Whirlwind","Shrug It Off","Shrug It Off","Flame Barrier","Shockwave"],"special_seed":0,"relics":["Burning Blood","Smiling Mask","Ancient Tea Set","Juzu Bracelet","Orichalcum","Bag of Marbles","Odd Mushroom","Girya"],"potions_floor_usage":[10,16],"damage_taken":[{"damage":18.0,"enemies":"Cultist","floor":1.0,"turns":5.0},{"damage":17.0,"enemies":"Jaw Worm","floor":2.0,"turns":3.0},{"damage":24.0,"enemies":"Small Slimes","floor":5.0,"turns":3.0},{"damage":24.0,"enemies":"Lagavulin","floor":6.0,"turns":6.0},{"damage":24.0,"enemies":"3 Sentries","floor":8.0,"turns":6.0},{"damage":7,"enemies":"Lagavulin","floor":10,"turns":7},{"damage":4,"enemies":"The Mushroom Lair","floor":11,"turns":4},{"damage":26,"enemies":"Gremlin Nob","floor":13,"turns":4},{"damage":1,"enemies":"Exordium Wildlife","floor":14,"turns":3},{"damage":26,"enemies":"Hexaghost","floor":16,"turns":9}],"seed_played":"117984799124607163","potions_obtained":[{"floor":2.0,"key":"Fire Potion"},{"floor":5.0,"key":"Energy Potion"},{"floor":6.0,"key":"Block Potion"},{"floor":10,"key":"Dexterity Potion"},{"floor":13,"key":"Explosive Potion"}],"is_trial":false,"path_per_floor":["M","M","?","?","M","E","R","E","T","E","?","R","E","M","R","B"],"character_chosen":"IRONCLAD","items_purchased":[],"campfire_rested":2,"item_purchase_floors":[],"current_hp_per_floor":[56,45,50,45,27,9,33,15,15,14,16,40,20,25,25,0],"gold":331,"neow_bonus":"TRANSFORM_TWO_CARDS","is_prod":false,"is_daily":false,"chose_seed":false,"campfire_upgraded":0,"win_rate":0,"timestamp":1553485794,"path_taken":["M","M","?","?","M","E","R","E","T","E","?","R","E","M","R","BOSS"],"build_version":"2019-03-15","purchased_purges":0,"victory":false,"max_hp_per_floor":[75,75,80,80,80,80,80,80,80,80,80,80,80,80,80,80],"card_choices":[{"not_picked":["Seeing Red","Headbutt"],"picked":"Pommel Strike","floor":1.0},{"not_picked":["Armaments","Pommel Strike"],"picked":"Rupture","floor":2.0},{"not_picked":["Hemokinesis","Clash"],"picked":"Offering","floor":5.0},{"not_picked":["Dark Embrace","True Grit"],"picked":"Whirlwind","floor":6.0},{"not_picked":["Sword Boomerang","Evolve"],"picked":"Shrug It Off","floor":8.0},{"not_picked":["Wild Strike","Clash"],"picked":"Shrug It Off","floor":10},{"not_picked":["Warcry","Pommel Strike"],"picked":"Flame Barrier","floor":13},{"not_picked":["Sword Boomerang","Clothesline"],"picked":"Shockwave","floor":14}],"player_experience":1250260,"relics_obtained":[{"floor":6.0,"key":"Ancient Tea Set"},{"floor":8.0,"key":"Juzu Bracelet"},{"floor":9.0,"key":"Orichalcum"},{"floor":10,"key":"Bag of Marbles"},{"floor":11,"key":"Odd Mushroom"},{"floor":13,"key":"Girya"}],"event_choices":[{"damage_healed":0.0,"max_hp_gain":5.0,"max_hp_loss":0.0,"gold_gain":0.0,"event_name":"Big Fish","player_choice":"Donut","floor":3.0,"gold_loss":0.0,"damage_taken":0.0},{"damage_healed":0.0,"max_hp_gain":0.0,"max_hp_loss":0.0,"gold_gain":0.0,"event_name":"Scrap Ooze","player_choice":"Success","floor":4.0,"gold_loss":0.0,"damage_taken":5.0,"relics_obtained":["Smiling Mask"]},{"damage_healed":0,"gold_gain":0,"player_choice":"Fought Mushrooms","damage_taken":0,"max_hp_gain":0,"max_hp_loss":0,"event_name":"Mushrooms","floor":11,"gold_loss":0}],"is_beta":true,"boss_relics":[],"items_purged_floors":[],"is_endless":false,"potions_floor_spawned":[2,5,6,10,13],"killed_by":"Hexaghost","ascension_level":20}