{"gold_per_floor":[111,261,275,275,275,275,295,314,395,395,415,340,355,398,398,398],"floor_reached":16,"playtime":386,"items_purged":["Doubt"],"score":204,"play_id":"1a049bd8-526e-400e-84b7-077164dd5568","local_time":"20190216152853","is_ascension_mode":true,"campfire_choices":[{"data":"Zap","floor":6,"key":"SMITH"},{"data":"Fission","floor":10,"key":"SMITH"},{"data":"Consume","floor":15,"key":"SMITH"}],"neow_cost":"NONE","seed_source_timestamp":251445122039440,"circlet_count":0,"master_deck":["AscendersBane","Strike_B","Strike_B","Strike_B","Strike_B","Defend_B","Defend_B","Defend_B","Defend_B","Zap+1","Dualcast","Fission+1","Gash","Core Surge","Lockon","Consume+1","Go for the Eyes","Ball Lightning","Glacier"],"relics":["Cracked Core","Golden Idol","Question Card","Happy Flower"],"potions_floor_usage":[11,13,14,16],"damage_taken":[{"damage":7,"enemies":"Cultist","floor":1,"turns":4},{"damage":0,"enemies":"2 Louse","floor":3,"turns":3},{"damage":4,"enemies":"Jaw Worm","floor":7,"turns":3},{"damage":0,"enemies":"Blue Slaver","floor":8,"turns":2},{"damage":3,"enemies":"Lots of Slimes","floor":11,"turns":3},{"damage":12,"enemies":"Looter","floor":13,"turns":3},{"damage":10,"enemies":"Gremlin Nob","floor":14,"turns":3},{"damage":42,"enemies":"Slime Boss","floor":16,"turns":5}],"seed_played":"6556393568778884018","potions_obtained":[{"floor":3,"key":"AttackPotion"},{"floor":8,"key":"Fruit Juice"},{"floor":11,"key":"EssenceOfSteel"},{"floor":13,"key":"PowerPotion"}],"is_trial":false,"path_per_floor":["M","?","M","?","T","R","M","M","T","R","M","$","M","E","R","B"],"character_chosen":"DEFECT","items_purchased":[],"campfire_rested":0,"item_purchase_floors":[],"current_hp_per_floor":[57,57,57,57,57,57,53,53,53,53,50,50,43,33,33,0],"gold":398,"neow_bonus":"ONE_RANDOM_RARE_CARD","is_prod":false,"is_daily":false,"chose_seed":false,"campfire_upgraded":3,"win_rate":0,"timestamp":1550348933,"path_taken":["M","?","M","?","?","R","M","?","T","R","M","$","?","E","R","BOSS"],"build_version":"2019-02-06","purchased_purges":1,"victory":false,"max_hp_per_floor":[71,71,71,64,64,64,64,64,64,64,64,64,69,69,69,69],"card_choices":[{"not_picked":["Compile Driver","Steam"],"picked":"Gash","floor":1},{"not_picked":["Chill","Leap"],"picked":"Core Surge","floor":3},{"not_picked":["White Noise","Turbo"],"picked":"Lockon","floor":7},{"not_picked":["Steam","Beam Cell"],"picked":"Consume","floor":8},{"not_picked":["Blizzard","Turbo","Rebound"],"picked":"Go for the Eyes","floor":11},{"not_picked":["Chill","Loop","Reboot"],"picked":"Ball Lightning","floor":13},{"not_picked":["FTL","Capacitor","Reboot"],"picked":"Glacier","floor":14}],"player_experience":929043,"relics_obtained":[{"floor":9,"key":"Question Card"},{"floor":14,"key":"Happy Flower"}],"event_choices":[{"damage_healed":0,"gold_gain":150,"player_choice":"AGREE","damage_taken":0,"max_hp_gain":0,"max_hp_loss":0,"event_name":"Liars Game","floor":2,"gold_loss":0,"cards_obtained":["Doubt"]},{"damage_healed":0,"gold_gain":0,"player_choice":"Lose Max HP","damage_taken":0,"relics_obtained":["Golden Idol"],"max_hp_gain":0,"max_hp_loss":7,"event_name":"Golden Idol","floor":4,"gold_loss":0}],"is_beta":true,"boss_relics":[],"items_purged_floors":[12],"is_endless":false,"potions_floor_spawned":[3,8,11,13],"killed_by":"Slime Boss","ascension_level":20}