{"gold_per_floor":[112,34,34,61,18,58,58,58,58,102,102,118,139,17,17,110,110,125,125],"floor_reached":19,"playtime":503,"items_purged":[],"score":337,"play_id":"c193c1d4-37cb-414f-984e-90e84a2504a7","local_time":"20181103005529","is_ascension_mode":true,"campfire_choices":[{"data":"Zap","floor":8.0,"key":"SMITH"},{"data":"Sunder","floor":11,"key":"SMITH"},{"data":"Hologram","floor":15,"key":"SMITH"}],"neow_cost":"NONE","seed_source_timestamp":316199027101695,"circlet_count":0,"master_deck":["AscendersBane","Strike_B","Strike_B","Strike_B","Strike_B","Defend_B","Defend_B","Defend_B","Defend_B","Zap+1","Dualcast","Gash","Sweeping Beam","FTL","Sunder+1","BootSequence","Hologram+1","Steam","Gash","Glacier","FTL","Multi-Cast","Conserve Battery+1"],"special_seed":0,"relics":["Cracked Core","Golden Idol","Lantern","Shuriken","Mango","Bird Faced Urn","Eternal Feather"],"potions_floor_usage":[10,16,18],"damage_taken":[{"damage":7.0,"enemies":"Jaw Worm","floor":1.0,"turns":2.0},{"damage":25.0,"enemies":"3 Sentries","floor":6.0,"turns":6.0},{"damage":8,"enemies":"Gremlin Nob","floor":10,"turns":3},{"damage":0,"enemies":"Small Slimes","floor":12,"turns":2},{"damage":0,"enemies":"Cultist","floor":13,"turns":3},{"damage":25,"enemies":"Hexaghost","floor":16,"turns":9},{"damage":17,"enemies":"Chosen","floor":18,"turns":4},{"damage":27,"enemies":"Colosseum Slavers","floor":19,"turns":4}],"seed_played":"4178722273061314672","potions_obtained":[{"floor":7.0,"key":"AttackPotion"},{"floor":7.0,"key":"FearPotion"},{"floor":13,"key":"Poison Potion"},{"floor":16,"key":"FearPotion"}],"is_trial":false,"path_per_floor":["M","$","?","T","$","E","?","R","T","E","R","M","M","$","R","B",null,"M","?"],"character_chosen":"DEFECT","items_purchased":["FTL","Sunder","Glacier","FTL"],"campfire_rested":0,"item_purchase_floors":[2,5,14,14],"current_hp_per_floor":[57,57,57,57,57,32,32,32,46,38,38,38,38,38,38,13,62,45,18],"gold":125,"neow_bonus":"THREE_CARDS","is_prod":false,"is_daily":false,"chose_seed":false,"campfire_upgraded":3,"win_rate":0,"timestamp":1541220929,"path_taken":["M","$","?","?","?","E","?","R","T","E","R","M","?","$","R","BOSS","M","?"],"build_version":"2018-11-01v2","purchased_purges":0,"victory":false,"max_hp_per_floor":[71,71,64,64,64,64,64,64,78,78,78,78,78,78,78,78,78,78,78],"card_choices":[{"not_picked":["Redo","Compile Driver"],"picked":"Gash","floor":0.0},{"not_picked":["Reprogram","Leap"],"picked":"Sweeping Beam","floor":1.0},{"not_picked":["Streamline","Rip and Tear"],"picked":"BootSequence","floor":6.0},{"not_picked":["Sunder","Cold Snap"],"picked":"Hologram","floor":10},{"not_picked":["Loop","Storm"],"picked":"Steam","floor":12},{"not_picked":["Rainbow","Ball Lightning"],"picked":"Gash","floor":13},{"not_picked":["Seek","Fission"],"picked":"Multi-Cast","floor":16},{"not_picked":["Cold Snap","Rebound"],"picked":"Conserve Battery+1","floor":18}],"player_experience":813169,"relics_obtained":[{"floor":4.0,"key":"Lantern"},{"floor":6.0,"key":"Shuriken"},{"floor":9.0,"key":"Mango"},{"floor":10,"key":"Bird Faced Urn"}],"event_choices":[{"damage_healed":0.0,"max_hp_gain":0.0,"max_hp_loss":7.0,"gold_gain":0.0,"event_name":"Golden Idol","player_choice":"Lose Max HP","floor":3.0,"gold_loss":0.0,"damage_taken":0.0,"relics_obtained":["Golden Idol"]},{"damage_healed":0.0,"max_hp_gain":0.0,"max_hp_loss":0.0,"gold_gain":0.0,"event_name":"Lab","player_choice":"Got Potions","floor":7.0,"gold_loss":0.0,"damage_taken":0.0},{"damage_healed":0,"gold_gain":0,"player_choice":"Fight","damage_taken":0,"max_hp_gain":0,"max_hp_loss":0,"event_name":"Colosseum","floor":19,"gold_loss":0}],"is_beta":true,"boss_relics":[{"not_picked":["FrozenCore","Lizard Tail"],"picked":"Eternal Feather"}],"items_purged_floors":[],"is_endless":false,"potions_floor_spawned":[13,16],"killed_by":"Colosseum Slavers","ascension_level":19}