{"gold_per_floor":[148,160,110,110,110,110,125,144,191,207,207,219,219,42,42,138,138,118,41,57,57,73,73,73,89,89,89,106,118,130,130],"floor_reached":31,"playtime":1418,"items_purged":["Strike_G"],"score":231,"play_id":"d19e1257-16cf-44e9-a6ff-e3ee27541cd3","local_time":"20190127052424","is_ascension_mode":false,"campfire_choices":[{"data":"Accuracy","floor":6,"key":"SMITH"},{"data":"Neutralize","floor":13,"key":"SMITH"},{"data":"Cloak And Dagger","floor":15,"key":"SMITH"},{"data":"Cloak And Dagger","floor":23,"key":"SMITH"}],"neow_cost":"NONE","seed_source_timestamp":832587275623169,"circlet_count":0,"master_deck":["Defend_G","Defend_G","Defend_G","Defend_G","Strike_G","Strike_G","Strike_G","Survivor","Neutralize+1","Accuracy+1","Dagger Spray","Heel Hook","Cloak And Dagger+1","Cloak And Dagger+1"],"relics":["Ring of the Snake","Tiny Chest","Oddly Smooth Stone","Lizard Tail","Letter Opener"],"potions_floor_usage":[12,16,16,16,20,25,29,30,31],"damage_taken":[{"damage":2,"enemies":"Jaw Worm","floor":1,"turns":6},{"damage":0,"enemies":"2 Louse","floor":2,"turns":3},{"damage":0,"enemies":"Small Slimes","floor":7,"turns":3},{"damage":10,"enemies":"Exordium Thugs","floor":8,"turns":5},{"damage":1,"enemies":"2 Fungi Beasts","floor":10,"turns":4},{"damage":0,"enemies":"3 Louse","floor":12,"turns":5},{"damage":25,"enemies":"Hexaghost","floor":16,"turns":15},{"damage":21,"enemies":"2 Thieves","floor":18,"turns":4},{"damage":23,"enemies":"Spheric Guardian","floor":20,"turns":6},{"damage":57,"enemies":"3 Cultists","floor":22,"turns":8},{"damage":22,"enemies":"Centurion and Healer","floor":25,"turns":8},{"damage":5,"enemies":"Shelled Parasite and Fungi","floor":28,"turns":6},{"damage":17,"enemies":"Snake Plant","floor":29,"turns":6},{"damage":5,"enemies":"Chosen and Byrds","floor":30,"turns":6},{"damage":16,"enemies":"Book of Stabbing","floor":31,"turns":5}],"seed_played":"3605630140445598380","potions_obtained":[{"floor":2,"key":"AttackPotion"},{"floor":8,"key":"Regen Potion"},{"floor":10,"key":"Fruit Juice"},{"floor":22,"key":"GhostInAJar"},{"floor":25,"key":"Explosive Potion"},{"floor":29,"key":"Energy Potion"},{"floor":30,"key":"Strength Potion"}],"is_trial":false,"path_per_floor":["M","M","?","?","?","R","M","M","T","M","?","M","R","$","R","B",null,"M","$","M","?","M","R","$","M","T","?","M","M","M","E"],"character_chosen":"THE_SILENT","items_purchased":["Cloak And Dagger","PowerPotion","Regen Potion"],"campfire_rested":0,"item_purchase_floors":[14,14,19],"current_hp_per_floor":[68,68,68,61,61,61,61,51,51,50,50,55,55,55,55,45,75,54,54,46,46,37,37,37,15,15,40,35,18,13,0],"gold":130,"neow_bonus":"RANDOM_COMMON_RELIC","is_prod":false,"is_daily":false,"chose_seed":false,"campfire_upgraded":4,"win_rate":0,"timestamp":1548595464,"path_taken":["M","M","?","?","?","R","?","M","T","M","?","M","R","$","R","BOSS","M","$","M","?","M","R","?","M","T","?","?","M","M","E"],"build_version":"2019-01-23","purchased_purges":1,"victory":false,"max_hp_per_floor":[70,70,70,70,70,70,70,70,70,70,70,75,75,75,75,75,75,75,75,75,75,75,75,75,75,75,75,75,75,75,75],"card_choices":[{"not_picked":["PiercingWail","Quick Slash","Dodge and Roll"],"picked":"SKIP","floor":1},{"not_picked":["Bane","Concentrate"],"picked":"Accuracy","floor":2},{"not_picked":["Flying Knee","Outmaneuver","Tools of the Trade"],"picked":"SKIP","floor":7},{"not_picked":["Prepared","Skewer","Dagger Throw"],"picked":"SKIP","floor":8},{"not_picked":["Slice","Crippling Poison","Acrobatics"],"picked":"SKIP","floor":10},{"not_picked":["PiercingWail","Blur","Caltrops"],"picked":"SKIP","floor":12},{"not_picked":["Dagger Spray+1","Caltrops"],"picked":"Cloak And Dagger","floor":18},{"not_picked":["Acrobatics","PiercingWail","Leg Sweep+1"],"picked":"SKIP","floor":20},{"not_picked":["Choke+1","Calculated Gamble","Dagger Spray"],"picked":"SKIP","floor":22},{"not_picked":["Dagger Throw+1","Adrenaline","Prepared"],"picked":"SKIP","floor":25},{"not_picked":["Calculated Gamble","Choke","Underhanded Strike"],"picked":"SKIP","floor":28},{"not_picked":["Deflect+1","Poisoned Stab","Slice+1"],"picked":"SKIP","floor":29},{"not_picked":["PiercingWail+1","Poisoned Stab","Quick Slash"],"picked":"SKIP","floor":30}],"player_experience":190206,"relics_obtained":[{"floor":9,"key":"Oddly Smooth Stone"},{"floor":26,"key":"Letter Opener"}],"event_choices":[{"cards_removed":["Strike_G"],"damage_healed":0,"gold_gain":0,"player_choice":"Card Removal","damage_taken":0,"max_hp_gain":0,"max_hp_loss":0,"event_name":"The Cleric","floor":3,"gold_loss":50},{"cards_removed":["Defend_G"],"damage_healed":0,"gold_gain":0,"player_choice":"Card Removal","damage_taken":7,"max_hp_gain":0,"max_hp_loss":0,"event_name":"Golden Wing","floor":4,"gold_loss":0},{"damage_healed":0,"gold_gain":0,"player_choice":"2 cards matched","damage_taken":0,"max_hp_gain":0,"max_hp_loss":0,"event_name":"Match and Keep!","floor":5,"gold_loss":0,"cards_obtained":["Dagger Spray","Heel Hook"]},{"damage_healed":0,"gold_gain":0,"player_choice":"Ignored","damage_taken":0,"max_hp_gain":0,"max_hp_loss":0,"event_name":"Liars Game","floor":11,"gold_loss":0},{"damage_healed":0,"gold_gain":0,"player_choice":"Bought 0 Potions","damage_taken":0,"max_hp_gain":0,"max_hp_loss":0,"event_name":"The Woman in Blue","floor":21,"gold_loss":0},{"damage_healed":25,"gold_gain":0,"player_choice":"Heal","damage_taken":0,"max_hp_gain":0,"max_hp_loss":0,"event_name":"The Library","floor":27,"gold_loss":0}],"is_beta":false,"boss_relics":[{"not_picked":["Ring of the Serpent","Philosopher\u0027s Stone"],"picked":"Lizard Tail"}],"items_purged_floors":[14],"is_endless":false,"potions_floor_spawned":[2,8,10,22,25,29,30],"killed_by":"Book of Stabbing","ascension_level":0}