{"gold_per_floor":[113,130,130,144,144,144,219,219,219,252,252,272,272,288,288,377,377,398,411,411,436,102,102,27,65,65,65,81,81,114,153,153,244,244,257,273,273,273,296,296,314,314,314,348,473,473,491,505,505,505,505],"floor_reached":51,"playtime":2614,"items_purged":["Strike_G"],"score":1580,"play_id":"0b232cdc-2e98-46ad-a440-89e8451f4d25","local_time":"20190324020948","is_ascension_mode":true,"campfire_choices":[{"data":"Crippling Poison","floor":6.0,"key":"SMITH"},{"data":"Noxious Fumes","floor":11.0,"key":"SMITH"},{"data":"Predator","floor":13.0,"key":"SMITH"},{"data":"Blur","floor":15.0,"key":"SMITH"},{"data":"Footwork","floor":23.0,"key":"SMITH"},{"floor":27.0,"key":"REST"},{"floor":32.0,"key":"REST"},{"data":"Footwork","floor":40.0,"key":"SMITH"},{"floor":46.0,"key":"RECALL"},{"floor":49,"key":"REST"}],"neow_cost":"NONE","seed_source_timestamp":939717008582738,"circlet_count":0,"master_deck":["AscendersBane","Defend_G+1","Defend_G","Defend_G","Defend_G+1","Defend_G+1","Survivor","Neutralize+1","Predator+1","Crippling Poison+1","Noxious Fumes+1","PiercingWail","Blur","Blur+1","Corpse Explosion","Blur","Dodge and Roll","Concentrate","Acrobatics","Footwork+1","Noxious Fumes","Acrobatics","PiercingWail","Footwork+1","Footwork","Parasite","Dodge and Roll","Deflect+1","Leg Sweep","Dodge and Roll","Quick Slash"],"special_seed":0,"relics":["Ring of the Snake","Dream Catcher","Golden Idol","War Paint","Ornamental Fan","Runic Dome","Bag of Preparation","Dodecahedron","Bag of Marbles","Orichalcum","Red Mask","Lizard Tail","PreservedInsect","Bird Faced Urn"],"potions_floor_usage":[],"damage_taken":[{"damage":1.0,"enemies":"Cultist","floor":1.0,"turns":4.0},{"damage":0.0,"enemies":"2 Louse","floor":2.0,"turns":2.0},{"damage":0.0,"enemies":"Small Slimes","floor":4.0,"turns":5.0},{"damage":7.0,"enemies":"Lagavulin","floor":10.0,"turns":7.0},{"damage":0.0,"enemies":"3 Louse","floor":12.0,"turns":3.0},{"damage":0.0,"enemies":"2 Fungi Beasts","floor":14.0,"turns":4.0},{"damage":0.0,"enemies":"Hexaghost","floor":16.0,"turns":12.0},{"damage":0.0,"enemies":"2 Thieves","floor":18.0,"turns":3.0},{"damage":0.0,"enemies":"3 Byrds","floor":19.0,"turns":4.0},{"damage":3.0,"enemies":"Snecko","floor":21.0,"turns":6.0},{"damage":22.0,"enemies":"Slavers","floor":25.0,"turns":6.0},{"damage":0.0,"enemies":"Snake Plant","floor":28.0,"turns":6.0},{"damage":28.0,"enemies":"Gremlin Leader","floor":30.0,"turns":8.0},{"damage":1.0,"enemies":"Masked Bandits","floor":31.0,"turns":5.0},{"damage":0.0,"enemies":"Automaton","floor":33.0,"turns":11.0},{"damage":5.0,"enemies":"Orb Walker","floor":35.0,"turns":6.0},{"damage":0.0,"enemies":"3 Shapes","floor":36.0,"turns":4.0},{"damage":8.0,"enemies":"Writhing Mass","floor":39.0,"turns":8.0},{"damage":2.0,"enemies":"4 Shapes","floor":41.0,"turns":3.0},{"damage":57.0,"enemies":"Reptomancer","floor":44.0,"turns":9.0},{"damage":0.0,"enemies":"Mind Bloom Boss Battle","floor":45.0,"turns":10.0},{"damage":0,"enemies":"Sphere and 2 Shapes","floor":47,"turns":10},{"damage":15,"enemies":"Transient","floor":48,"turns":6},{"damage":53,"enemies":"Donu and Deca","floor":50,"turns":13},{"damage":24,"enemies":"Time Eater","floor":51,"turns":11}],"seed_played":"6413102438383067445","potions_obtained":[{"floor":1.0,"key":"Ancient Potion"},{"floor":12.0,"key":"Energy Potion"},{"floor":19.0,"key":"Strength Potion"},{"floor":31.0,"key":"Block Potion"},{"floor":33.0,"key":"AttackPotion"},{"floor":39.0,"key":"LiquidBronze"},{"floor":44.0,"key":"SpeedPotion"},{"floor":48,"key":"LiquidBronze"}],"is_trial":false,"path_per_floor":["M","M","?","M","?","R","?","?","T","E","R","M","R","M","R","B",null,"M","M","?","M","$","R","?","E","T","R","M","?","E","?","R","B",null,"M","M","$","?","M","R","M","?","T","E","?","R","M","M","R","B","B"],"character_chosen":"THE_SILENT","items_purchased":["Bag of Preparation","Footwork"],"campfire_rested":3,"item_purchase_floors":[22,22],"current_hp_per_floor":[58,58,38,38,38,38,27,32,32,25,25,25,25,25,25,25,55,55,55,55,52,52,52,52,30,30,49,49,49,21,20,39,39,59,54,54,54,54,46,46,44,44,44,31,31,31,41,34,52,9,0],"gold":505,"neow_bonus":"RANDOM_COMMON_RELIC","is_prod":false,"is_daily":false,"chose_seed":false,"campfire_upgraded":6,"win_rate":0,"timestamp":1553407788,"path_taken":["M","?","?","M","?","R","?","?","T","E","R","M","R","M","R","BOSS","M","M","?","M","$","R","?","E","T","R","M","?","E","?","R","BOSS","M","M","$","?","M","R","M","?","T","E","?","R","M","M","R","BOSS","BOSS"],"build_version":"2019-03-15","purchased_purges":1,"victory":false,"max_hp_per_floor":[66,66,66,66,60,60,60,65,65,65,65,65,65,65,65,65,65,65,65,65,65,65,65,65,65,65,65,65,65,65,65,65,65,65,65,65,65,62,62,62,62,62,62,62,62,62,62,62,62,62,62],"card_choices":[{"not_picked":["Blur","Deflect"],"picked":"Predator","floor":1.0},{"not_picked":["Flying Knee","Dagger Spray"],"picked":"Crippling Poison","floor":2.0},{"not_picked":["Sucker Punch","Cloak And Dagger"],"picked":"Noxious Fumes","floor":4.0},{"not_picked":["Dodge and Roll","Outmaneuver"],"picked":"PiercingWail","floor":10.0},{"not_picked":["Flying Knee","Acrobatics"],"picked":"Blur","floor":12.0},{"not_picked":["Bane","Sucker Punch"],"picked":"Blur","floor":14.0},{"not_picked":["Envenom","Storm of Steel"],"picked":"Corpse Explosion","floor":16.0},{"not_picked":["Tactician","Prepared"],"picked":"Blur","floor":18.0},{"not_picked":["Dagger Throw","Infinite Blades"],"picked":"Dodge and Roll","floor":19.0},{"not_picked":["Expertise","Poisoned Stab","Underhanded Strike"],"picked":"SKIP","floor":21.0},{"not_picked":["Underhanded Strike","Infinite Blades"],"picked":"Noxious Fumes","floor":25.0},{"not_picked":["Cloak And Dagger","Masterful Stab"],"picked":"Acrobatics","floor":27.0},{"not_picked":["Deflect","Sucker Punch"],"picked":"PiercingWail","floor":28.0},{"not_picked":["Backflip","Storm of Steel"],"picked":"Footwork","floor":30.0},{"not_picked":["Poisoned Stab+1","Deadly Poison+1"],"picked":"Footwork","floor":32.0},{"not_picked":["Setup","Prepared","Dagger Throw"],"picked":"SKIP","floor":35.0},{"not_picked":["Prepared","Quick Slash","Finisher"],"picked":"SKIP","floor":36.0},{"not_picked":["Crippling Poison+1","Predator"],"picked":"Dodge and Roll","floor":39.0},{"not_picked":["Poisoned Stab+1","Sucker Punch"],"picked":"Deflect+1","floor":41.0},{"not_picked":["Bane","Expertise","Distraction"],"picked":"SKIP","floor":44.0},{"not_picked":["Poisoned Stab","Dagger Spray"],"picked":"Leg Sweep","floor":45.0},{"not_picked":["Cloak And Dagger","Die Die Die","Slice"],"picked":"SKIP","floor":47},{"not_picked":["Setup","Dagger Throw"],"picked":"Dodge and Roll","floor":48},{"not_picked":["Cloak And Dagger","Finisher"],"picked":"Quick Slash","floor":49}],"player_experience":1210310,"relics_obtained":[{"floor":9.0,"key":"War Paint"},{"floor":10.0,"key":"Ornamental Fan"},{"floor":25.0,"key":"Dodecahedron"},{"floor":26.0,"key":"Bag of Marbles"},{"floor":30.0,"key":"Orichalcum"},{"floor":31.0,"key":"Red Mask"},{"floor":44.0,"key":"PreservedInsect"},{"floor":45.0,"key":"Bird Faced Urn"}],"event_choices":[{"damage_healed":0.0,"max_hp_gain":0.0,"max_hp_loss":0.0,"gold_gain":0.0,"event_name":"Shining Light","player_choice":"Entered Light","floor":3.0,"gold_loss":0.0,"damage_taken":20.0,"cards_upgraded":["Neutralize","Defend_G"]},{"damage_healed":0.0,"max_hp_gain":0.0,"max_hp_loss":6.0,"gold_gain":0.0,"event_name":"Golden Idol","player_choice":"Lose Max HP","floor":5.0,"gold_loss":0.0,"damage_taken":0.0,"relics_obtained":["Golden Idol"]},{"damage_healed":0.0,"max_hp_gain":0.0,"max_hp_loss":0.0,"gold_gain":75.0,"event_name":"World of Goop","player_choice":"Gather Gold","floor":7.0,"gold_loss":0.0,"damage_taken":11.0},{"damage_healed":0.0,"max_hp_gain":5.0,"max_hp_loss":0.0,"gold_gain":0.0,"event_name":"Big Fish","player_choice":"Donut","floor":8.0,"gold_loss":0.0,"damage_taken":0.0},{"damage_healed":0.0,"max_hp_gain":0.0,"max_hp_loss":0.0,"gold_gain":0.0,"cards_transformed":["Strike_G","Strike_G"],"event_name":"Drug Dealer","player_choice":"Became Test Subject","floor":20.0,"gold_loss":0.0,"damage_taken":0.0,"cards_obtained":["Concentrate","Acrobatics"]},{"cards_removed":["Strike_G"],"damage_healed":0.0,"max_hp_gain":0.0,"max_hp_loss":0.0,"gold_gain":0.0,"event_name":"Beggar","player_choice":"Gave Gold","floor":24.0,"gold_loss":75.0,"damage_taken":0.0},{"damage_healed":0.0,"max_hp_gain":0.0,"max_hp_loss":0.0,"gold_gain":0.0,"event_name":"Masked Bandits","player_choice":"Fought Bandits","floor":31.0,"gold_loss":0.0,"damage_taken":0.0},{"damage_healed":0.0,"max_hp_gain":0.0,"max_hp_loss":3.0,"gold_gain":0.0,"event_name":"Winding Halls","player_choice":"Max HP","floor":38.0,"gold_loss":0.0,"damage_taken":0.0},{"cards_removed":["Strike_G"],"damage_healed":0.0,"max_hp_gain":0.0,"max_hp_loss":0.0,"gold_gain":0.0,"event_name":"Falling","player_choice":"Removed Attack","floor":42.0,"gold_loss":0.0,"damage_taken":0.0},{"damage_healed":0.0,"max_hp_gain":0.0,"max_hp_loss":0.0,"gold_gain":0.0,"event_name":"MindBloom","player_choice":"Fight","floor":45.0,"gold_loss":0.0,"damage_taken":0.0}],"is_beta":true,"boss_relics":[{"not_picked":["White Beast Statue","Ectoplasm"],"picked":"Runic Dome"},{"not_picked":["Velvet Choker","Empty Cage"],"picked":"Lizard Tail"}],"items_purged_floors":[22],"is_endless":false,"potions_floor_spawned":[1,12,16,19,31,33,39,44,45,48],"killed_by":"Time Eater","ascension_level":20}