{"path_per_floor":["M","M","M","M","M","R","?","M","T","?","R","?","M","E","R","B",null,"M","$","?","M","?","R","E","R","T","M","?","R","M"],"character_chosen":"DEFECT","items_purchased":["Defragment","Hologram","Ball Lightning"],"gold_per_floor":[12,29,40,50,65,65,30,49,75,75,75,36,52,78,78,182,182,194,58,58,77,77,77,109,109,109,126,126,126,138,138],"floor_reached":31,"campfire_rested":4,"playtime":1412,"current_hp_per_floor":[75,68,66,46,35,35,53,42,42,9,31,31,31,15,37,14,75,45,45,45,28,28,50,29,29,29,13,13,35,7,0],"items_purged":[],"gold":138,"score":257,"play_id":"d4d9f8bd-bdf3-4e64-888a-edb475a3b4b0","local_time":"20180507091334","is_prod":false,"is_daily":false,"chose_seed":false,"is_ascension_mode":false,"campfire_upgraded":2,"timestamp":1525698814,"path_taken":["M","M","M","M","M","R","?","M","T","?","R","?","M","E","R","BOSS","M","?","?","M","?","R","E","R","T","?","?","R","?","M"],"build_version":"2018-05-03","seed_source_timestamp":4612805713010,"purchased_purges":0,"victory":false,"master_deck":["Strike_B","Strike_B","Strike_B","Strike_B","Defend_B","Defend_B","Defend_B","Defend_B","Zap+1","Tempest","Hologram","Capacitor","Sweeping Beam","Lockon","Ball Lightning","Streamline","Creative AI","Fusion+1","Doom and Gloom","Defragment","Hologram+1","Ball Lightning","Loop+1","Doom and Gloom","Injury","Streamline","Rebound+1","Rainbow","Capacitor","Coolheaded+1"],"max_hp_per_floor":[75,75,75,75,75,75,75,75,75,75,75,75,75,75,75,75,75,75,75,75,75,75,75,75,75,75,75,75,75,75,75],"relics":["Cracked Core","Ice Cream","Anchor","Prayer Wheel","Lantern","Cursed Key","Dream Catcher","Torii"],"card_choices":[{"not_picked":["Self Repair","Go for the Eyes"],"picked":"Tempest","floor":1},{"not_picked":["Beam Cell","Barrage"],"picked":"Hologram","floor":2},{"not_picked":["FTL","Melter"],"picked":"Capacitor","floor":3},{"not_picked":["Turbo","Blizzard"],"picked":"Sweeping Beam","floor":4},{"not_picked":["Hello World","Coolheaded"],"picked":"Lockon","floor":5},{"not_picked":["Leap","Turbo"],"picked":"Ball Lightning","floor":8},{"not_picked":["Axe Kick","Sweeping Beam"],"picked":"Streamline","floor":13},{"not_picked":["White Noise","Stack"],"picked":"Creative AI","floor":14},{"not_picked":["Fission","Machine Learning"],"picked":"Fusion","floor":16},{"not_picked":["Skim","Heatsinks"],"picked":"Doom and Gloom","floor":18},{"not_picked":["Beam Cell","FTL"],"picked":"Loop","floor":21},{"not_picked":["Rip and Tear","Self Repair"],"picked":"Doom and Gloom","floor":24},{"not_picked":["Sweeping Beam","Gash"],"picked":"Streamline","floor":26},{"not_picked":["Beam Cell","Turbo"],"picked":"Rebound","floor":27},{"not_picked":["Machine Learning","Blizzard"],"picked":"Capacitor","floor":29},{"not_picked":["Streamline","Leap"],"picked":"Coolheaded","floor":30}],"player_experience":85105,"potions_floor_usage":[3,14,16,24,24,24,31],"damage_taken":[{"damage":0,"enemies":"Cultist","floor":1,"turns":4},{"damage":7,"enemies":"Small Slimes","floor":2,"turns":3},{"damage":8,"enemies":"Jaw Worm","floor":3,"turns":3},{"damage":20,"enemies":"2 Fungi Beasts","floor":4,"turns":5},{"damage":11,"enemies":"Blue Slaver","floor":5,"turns":4},{"damage":11,"enemies":"Red Slaver","floor":8,"turns":3},{"damage":0,"enemies":"3 Louse","floor":13,"turns":3},{"damage":16,"enemies":"Gremlin Nob","floor":14,"turns":3},{"damage":23,"enemies":"Slime Boss","floor":16,"turns":9},{"damage":30,"enemies":"Shell Parasite","floor":18,"turns":4},{"damage":17,"enemies":"Spheric Guardian","floor":21,"turns":4},{"damage":42,"enemies":"Gremlin Leader","floor":24,"turns":8},{"damage":16,"enemies":"Snake Plant","floor":27,"turns":4},{"damage":28,"enemies":"3 Cultists","floor":30,"turns":4},{"damage":15,"enemies":"Snecko","floor":31,"turns":2}],"event_choices":[{"event_name":"The Cleric","player_choice":"Healed","floor":7,"damage_taken":0},{"event_name":"Scrap Ooze","player_choice":"success","floor":10,"damage_taken":33},{"event_name":"World of Goop","player_choice":"Left","floor":12,"damage_taken":0},{"event_name":"The Lab","player_choice":"Got Potions","floor":20,"damage_taken":0},{"event_name":"Upgrade Shrine","player_choice":"Upgraded","floor":22,"damage_taken":0},{"event_name":"Transmorgrifier","player_choice":"Transform","floor":28,"damage_taken":0}],"boss_relics":[{"not_picked":["Tiny House","Snecko Eye"],"picked":"Cursed Key"}],"potions_floor_spawned":[1,4,5,18,21,24,27],"seed_played":"8897240601628326224","killed_by":"Snecko","ascension_level":0,"is_trial":false}