{"path_per_floor":["M","$","M","?","M","R","M","R","T","R","?","R","M","?","R","B",null,"M","$","M","?","?","R","?","?","T","?","M","R","M","T","R","B",null,"M","$","M","$"],"character_chosen":"DEFECT","items_purchased":["Redo","Whetstone","Lee\u0027s Waffle","Defragment"],"gold_per_floor":[116,15,33,33,46,46,71,71,71,71,71,71,89,89,89,209,209,230,86,107,87,2,2,2,2,29,179,197,197,217,240,240,368,368,386,9,25,25,25],"floor_reached":39,"campfire_rested":2,"playtime":1055,"item_purchase_floors":[2,19,36,36],"current_hp_per_floor":[70,70,69,51,51,51,51,51,51,51,51,51,51,36,58,26,75,60,60,50,50,50,50,50,50,50,50,51,51,34,34,56,9,75,57,82,42,42,0],"items_purged":["Strike_B","Defend_B"],"gold":25,"score":367,"play_id":"42fa48b6-c496-49ef-a700-751ece42ad81","local_time":"20180608080154","is_prod":false,"is_daily":false,"chose_seed":false,"is_ascension_mode":false,"campfire_upgraded":6,"win_rate":0.0,"timestamp":1528470114,"campfire_choices":[{"data":"Zap","floor":6,"key":"SMITH"},{"data":"Streamline","floor":8,"key":"SMITH"},{"data":"Ball Lightning","floor":10,"key":"SMITH"},{"data":"Redo","floor":12,"key":"SMITH"},{"floor":15,"key":"REST"},{"data":"Loop","floor":23,"key":"SMITH"},{"data":"Ball Lightning","floor":29,"key":"SMITH"},{"floor":32,"key":"REST"}],"path_taken":["M","$","M","?","M","R","M","R","T","R","?","R","M","?","R","BOSS","M","$","M","?","?","R","?","?","T","?","M","R","M","?","R","BOSS","M","$","M","$","M"],"build_version":"2018-06-07","seed_source_timestamp":1410176265325878,"purchased_purges":2,"victory":false,"master_deck":["Strike_B+1","Strike_B+1","Strike_B","Defend_B","Defend_B","Defend_B","Zap+1","Dualcast+1","Streamline+1","Redo+1","Redo+1","Beam Cell+1","Ball Lightning+1","Go for the Eyes","Fission","Loop+1","Ball Lightning+1","Ball Lightning+1","Recycle","Defragment"],"max_hp_per_floor":[75,75,75,75,75,75,75,75,75,75,75,75,75,75,75,75,75,75,75,75,75,75,75,75,75,75,75,75,75,75,75,75,75,75,75,82,82,82,82],"relics":["Cracked Core","Anchor","Golden Idol","Mercury Hourglass","Lizard Tail","Whetstone","Lantern","Happy Flower","Ancient Tea Set","Inserter","Lee\u0027s Waffle"],"card_choices":[{"not_picked":["Stack","Skim"],"picked":"Streamline","floor":1},{"not_picked":["Hologram","Capacitor"],"picked":"Redo","floor":3},{"not_picked":["Stack","Turbo"],"picked":"Beam Cell","floor":5},{"not_picked":["Recycle","Creative AI"],"picked":"Ball Lightning","floor":7},{"not_picked":["Aggregate","Beam Cell"],"picked":"Go for the Eyes","floor":13},{"not_picked":["Thunder Strike","Rainbow"],"picked":"Fission","floor":16},{"not_picked":["Redo","Rebound+1"],"picked":"Loop","floor":18},{"not_picked":["Blizzard","Coolheaded"],"picked":"Ball Lightning","floor":20},{"not_picked":["Stack","Redo","Coolheaded+1"],"picked":"SKIP","floor":28},{"not_picked":["Coolheaded","Beam Cell","Barrage+1"],"picked":"SKIP","floor":30},{"not_picked":["Coolheaded+1","Rip and Tear"],"picked":"Recycle","floor":35},{"not_picked":["Leap+1","Turbo","Streamline"],"picked":"SKIP","floor":37}],"player_experience":156135,"potions_floor_usage":[16,20,28,30,33,33],"damage_taken":[{"damage":5,"enemies":"Small Slimes","floor":1,"turns":4},{"damage":1,"enemies":"Jaw Worm","floor":3,"turns":2},{"damage":0,"enemies":"2 Louse","floor":5,"turns":2},{"damage":0,"enemies":"2 Fungi Beasts","floor":7,"turns":2},{"damage":0,"enemies":"Exordium Thugs","floor":13,"turns":3},{"damage":32,"enemies":"Hexaghost","floor":16,"turns":6},{"damage":15,"enemies":"2 Thieves","floor":18,"turns":3},{"damage":10,"enemies":"3 Byrds","floor":20,"turns":3},{"damage":8,"enemies":"Snecko","floor":28,"turns":3},{"damage":17,"enemies":"Snake Plant","floor":30,"turns":3},{"damage":103,"enemies":"Collector","floor":33,"turns":9},{"damage":18,"enemies":"Orb Walker","floor":35,"turns":3},{"damage":40,"enemies":"3 Darklings","floor":37,"turns":4},{"damage":50,"enemies":"Maw","floor":39,"turns":5}],"relics_obtained":[{"floor":9,"key":"Mercury Hourglass"},{"floor":26,"key":"Happy Flower"},{"floor":31,"key":"Ancient Tea Set"}],"event_choices":[{"event_name":"Golden Idol","player_choice":"Take Damage","floor":4,"damage_taken":0},{"event_name":"Living Wall","player_choice":"Grow","floor":11,"damage_taken":0},{"event_name":"Shining Light","player_choice":"Entered Light","floor":14,"damage_taken":0},{"event_name":"The Woman in Blue","player_choice":"Bought 1 Potion","floor":21,"damage_taken":0},{"event_name":"Addict","player_choice":"Obtained Relic","floor":22,"damage_taken":0},{"event_name":"Duplicator","player_choice":"One dupe","floor":24,"damage_taken":0},{"event_name":"Beggar","player_choice":"Ignored","floor":25,"damage_taken":0},{"event_name":"Nest","player_choice":"Stole From Cult","floor":27,"damage_taken":0}],"boss_relics":[{"not_picked":["Tiny House","Snecko Eye"],"picked":"Lizard Tail"},{"not_picked":["Pandora\u0027s Box","Velvet Choker"],"picked":"Inserter"}],"items_purged_floors":[2,36],"potions_floor_spawned":[3,13,16,18,28,30,37],"seed_played":"-510770560225815996","killed_by":"Maw","ascension_level":0,"potions_obtained":[{"floor":3,"key":"Weak Potion"},{"floor":13,"key":"Ancient Potion"},{"floor":16,"key":"Explosive Potion"},{"floor":18,"key":"Regen Potion"},{"floor":28,"key":"FocusPotion"},{"floor":30,"key":"PowerPotion"},{"floor":37,"key":"Dexterity Potion"}],"is_trial":false}