{"path_per_floor":["M","M","?","$","M","E","R","E","T","M","?","$","E","M","R"],"character_chosen":"THE_SILENT","items_purchased":["Omamori","Bouncing Flask","Regen Potion","Bouncing Flask"],"gold_per_floor":[314,329,329,29,41,73,73,106,106,121,121,34,62,82,82],"floor_reached":16,"campfire_rested":1,"playtime":681,"current_hp_per_floor":[70,70,63,63,63,51,51,22,22,22,15,15,29,24,45],"items_purged":["Strike_G"],"gold":82,"score":126,"play_id":"9fabf1e9-ece2-49dd-8823-cb2c456e5067","local_time":"20180313031935","is_prod":false,"is_daily":false,"is_ascension_mode":true,"campfire_upgraded":1,"timestamp":1520925575,"path_taken":["M","M","?","$","M","E","R","E","T","?","?","$","E","M","R","BOSS"],"build_version":"2018-03-08-BETA","purchased_purges":1,"victory":false,"master_deck":["Defend_G","Defend_G","Defend_G","Defend_G","Defend_G","Strike_G","Strike_G","Strike_G","Survivor","Neutralize","Die Die Die","Blur","Bouncing Flask","Bane","Noxious Fumes+1","Deadly Poison","Escape Plan","Bouncing Flask","Doppelganger","Malaise"],"max_hp_per_floor":[70,70,70,70,70,70,70,70,70,70,70,70,70,70,70],"relics":["Ring of the Snake","Old Coin","Omamori","Orichalcum","Gremlin Horn","Dodecahedron","Meat on the Bone","Bag of Preparation"],"card_choices":[{"not_picked":["Dagger Spray","Outmaneuver"],"picked":"Die Die Die"},{"not_picked":["Distraction","Deadly Poison"],"picked":"Blur"},{"not_picked":["Deflect","Prepared"],"picked":"Bane"},{"not_picked":["Slice","Quick Slash"],"picked":"Noxious Fumes"},{"not_picked":["Tactician","Acrobatics"],"picked":"Deadly Poison"},{"not_picked":["Well Laid Plans","Underhanded Strike"],"picked":"Escape Plan"},{"not_picked":["Sucker Punch","Escape Plan"],"picked":"Doppelganger"},{"not_picked":["Acrobatics","Dagger Throw"],"picked":"Malaise"}],"player_experience":58601,"potions_floor_usage":[6,13,13,14],"damage_taken":[{"damage":0,"enemies":"Small Slimes","floor":1,"turns":4},{"damage":0,"enemies":"2 Louse","floor":2,"turns":1},{"damage":0,"enemies":"Cultist","floor":5,"turns":4},{"damage":12,"enemies":"3 Sentries","floor":6,"turns":7},{"damage":29,"enemies":"Gremlin Nob","floor":8,"turns":4},{"damage":0,"enemies":"2 Fungi Beasts","floor":10,"turns":3},{"damage":13,"enemies":"3 Sentries","floor":13,"turns":5},{"damage":17,"enemies":"Gremlin Gang","floor":14,"turns":4},{"damage":51,"enemies":"Slime Boss","floor":16,"turns":8}],"event_choices":[{"event_name":"Golden Wing","player_choice":"Card Removal","floor":3,"damage_taken":0},{"event_name":"Scrap Ooze","player_choice":"success","floor":11,"damage_taken":7}],"boss_relics":[],"potions_floor_spawned":[5,8,10],"seed_played":"-4902622915844784989","killed_by":"Slime Boss","ascension_level":1,"is_trial":false}