{"gold_per_floor":[109,109,34,34,51,51,68,82,82,82,101,101,71,171,171,267,267,287,189,189,129,129,129,129,129,183,215,215,235,250,260,260,356,356,374,374,385,402,414,414,36,36,36,36,36],"floor_reached":45,"playtime":2818,"items_purged":["Strike_R"],"score":632,"play_id":"f296685c-f87f-46a3-abe2-c0804eb368ff","local_time":"20190131014722","is_ascension_mode":true,"campfire_choices":[{"data":"Iron Wave","floor":6,"key":"SMITH"},{"data":"Barricade","floor":10,"key":"SMITH"},{"data":"Exhume","floor":12,"key":"SMITH"},{"data":"Shockwave","floor":15,"key":"SMITH"},{"data":"Disarm","floor":23,"key":"SMITH"},{"data":"Rage","floor":25,"key":"SMITH"},{"floor":28,"key":"REST"},{"data":"Body Slam","floor":32,"key":"SMITH"},{"data":"Dark Embrace","floor":40,"key":"SMITH"}],"neow_cost":"NONE","seed_source_timestamp":117552452524431,"circlet_count":0,"master_deck":["AscendersBane","Strike_R+1","Strike_R+1","Defend_R+1","Defend_R+1","Defend_R+1","Exhume+1","Shockwave+1","Iron Wave+1","Seeing Red","Barricade+1","Disarm+1","Rage+1","Demon Form","Finesse","Body Slam+1","RitualDagger","Headbutt","Pommel Strike","Shrug It Off","Impervious","Intimidate","Evolve","Power Through","Dark Embrace+1","Corruption","Madness"],"relics":["Black Blood","Matryoshka","Sozu","Bird Faced Urn","Dream Catcher","Self Forming Clay","Strawberry","Boot","Incense Burner"],"potions_floor_usage":[27,27,27],"damage_taken":[{"damage":4,"enemies":"Small Slimes","floor":1,"turns":5},{"damage":11,"enemies":"2 Louse","floor":5,"turns":3},{"damage":2,"enemies":"Cultist","floor":7,"turns":4},{"damage":8,"enemies":"3 Louse","floor":8,"turns":3},{"damage":19,"enemies":"Exordium Wildlife","floor":11,"turns":6},{"damage":5,"enemies":"Looter","floor":13,"turns":4},{"damage":27,"enemies":"The Guardian","floor":16,"turns":22},{"damage":30,"enemies":"Spheric Guardian","floor":18,"turns":6},{"damage":15,"enemies":"2 Thieves","floor":21,"turns":4},{"damage":37,"enemies":"Slavers","floor":27,"turns":8},{"damage":21,"enemies":"Shelled Parasite and Fungi","floor":29,"turns":5},{"damage":0,"enemies":"3 Cultists","floor":30,"turns":6},{"damage":15,"enemies":"Centurion and Healer","floor":31,"turns":5},{"damage":21,"enemies":"Automaton","floor":33,"turns":8},{"damage":23,"enemies":"3 Shapes","floor":35,"turns":5},{"damage":19,"enemies":"Orb Walker","floor":37,"turns":8},{"damage":39,"enemies":"3 Darklings","floor":38,"turns":9},{"damage":17,"enemies":"4 Shapes","floor":39,"turns":6},{"damage":35,"enemies":"Reptomancer","floor":45,"turns":2}],"seed_played":"-4595750733615663420","potions_obtained":[{"floor":8,"key":"SpeedPotion"},{"floor":11,"key":"Ancient Potion"},{"floor":16,"key":"Weak Potion"}],"is_trial":false,"path_per_floor":["M","?","$","?","M","R","M","M","T","R","M","R","M","?","R","B",null,"M","$","?","M","T","R","?","R","T","E","R","M","M","M","R","B",null,"M","?","M","M","M","R","$","?","T","?","E"],"character_chosen":"IRONCLAD","items_purchased":["Finesse","Incense Burner","Corruption"],"campfire_rested":1,"item_purchase_floors":[19,41,41],"current_hp_per_floor":[74,67,67,67,62,62,66,64,64,64,51,51,52,52,52,31,68,44,44,44,35,35,35,29,29,36,9,35,24,34,29,29,18,70,61,61,56,33,32,32,32,32,32,32,0],"gold":36,"neow_bonus":"TRANSFORM_CARD","is_prod":false,"is_daily":false,"chose_seed":false,"campfire_upgraded":8,"win_rate":0,"timestamp":1548917242,"path_taken":["M","?","$","?","M","R","M","M","T","R","M","R","M","?","R","BOSS","M","?","?","M","?","R","?","R","T","E","R","M","M","M","R","BOSS","M","?","M","?","M","R","$","?","T","?","E"],"build_version":"2019-01-23","purchased_purges":1,"victory":false,"max_hp_per_floor":[80,80,80,80,80,80,80,80,80,80,80,80,80,80,80,80,80,80,80,80,80,80,80,80,80,87,87,87,87,87,87,87,87,87,87,87,87,87,87,87,87,87,87,87,87],"card_choices":[{"not_picked":["Havoc","Cleave"],"picked":"Shockwave","floor":1},{"not_picked":["Armaments","Reckless Charge"],"picked":"Iron Wave","floor":5},{"not_picked":["Thunderclap","Headbutt"],"picked":"Seeing Red","floor":7},{"not_picked":["Pommel Strike","Feel No Pain"],"picked":"Barricade","floor":8},{"not_picked":["Armaments","Cleave"],"picked":"Disarm","floor":11},{"not_picked":["True Grit","Pummel"],"picked":"Rage","floor":13},{"not_picked":["Fiend Fire","Immolate"],"picked":"Demon Form","floor":16},{"not_picked":["Havoc","Rage","Thunderclap"],"picked":"SKIP","floor":18},{"not_picked":["Rampage","Shockwave"],"picked":"Body Slam","floor":21},{"not_picked":["Warcry","Clash"],"picked":"Headbutt","floor":27},{"not_picked":["Perfected Strike","Havoc","Bloodletting+1"],"picked":"SKIP","floor":29},{"not_picked":["Body Slam","Headbutt"],"picked":"Pommel Strike","floor":30},{"not_picked":["Carnage","Seeing Red"],"picked":"Shrug It Off","floor":31},{"not_picked":["Fiend Fire","Barricade"],"picked":"Impervious","floor":33},{"not_picked":["Bloodletting","Clash"],"picked":"Intimidate","floor":35},{"not_picked":["Cleave","Armaments"],"picked":"Power Through","floor":37},{"not_picked":["Warcry","Armaments+1","Seeing Red+1"],"picked":"SKIP","floor":38},{"not_picked":["Armaments","Havoc"],"picked":"Dark Embrace","floor":39},{"not_picked":["Secret Weapon","Apotheosis"],"picked":"Madness","floor":44}],"player_experience":302671,"relics_obtained":[{"floor":9,"key":"Matryoshka"},{"floor":22,"key":"Bird Faced Urn"},{"floor":22,"key":"Dream Catcher"},{"floor":26,"key":"Self Forming Clay"},{"floor":26,"key":"Strawberry"},{"floor":27,"key":"Boot"}],"event_choices":[{"cards_removed":["Strike_R"],"damage_healed":0,"gold_gain":0,"player_choice":"Card Removal","damage_taken":7,"max_hp_gain":0,"max_hp_loss":0,"event_name":"Golden Wing","floor":2,"gold_loss":0},{"cards_removed":["Defend_R"],"damage_healed":0,"gold_gain":0,"player_choice":"Forget","damage_taken":0,"max_hp_gain":0,"max_hp_loss":0,"event_name":"Living Wall","floor":4,"gold_loss":0},{"damage_healed":0,"gold_gain":100,"player_choice":"Pray","damage_taken":0,"max_hp_gain":0,"max_hp_loss":0,"event_name":"Golden Shrine","floor":14,"gold_loss":0},{"damage_healed":0,"gold_gain":0,"player_choice":"Simplicity","damage_taken":0,"max_hp_gain":0,"max_hp_loss":0,"event_name":"Back to Basics","floor":20,"gold_loss":0,"cards_upgraded":["Strike_R","Strike_R","Strike_R","Defend_R","Defend_R","Defend_R"]},{"damage_healed":0,"gold_gain":0,"player_choice":"Joined the Cult","damage_taken":6,"max_hp_gain":0,"max_hp_loss":0,"event_name":"Nest","floor":24,"gold_loss":0,"cards_obtained":["RitualDagger"]},{"damage_healed":0,"gold_gain":0,"cards_transformed":["Strike_R"],"player_choice":"Transformed","damage_taken":0,"max_hp_gain":0,"max_hp_loss":0,"event_name":"Transmorgrifier","floor":36,"gold_loss":0,"cards_obtained":["Evolve"]},{"damage_healed":0,"gold_gain":0,"player_choice":"Ignored","damage_taken":0,"max_hp_gain":0,"max_hp_loss":0,"event_name":"The Moai Head","floor":42,"gold_loss":0},{"damage_healed":0,"gold_gain":0,"player_choice":"Memory 1","damage_taken":0,"max_hp_gain":0,"max_hp_loss":0,"event_name":"SensoryStone","floor":44,"gold_loss":0}],"is_beta":true,"boss_relics":[{"not_picked":["Calling Bell","Black Star"],"picked":"Sozu"},{"not_picked":["Orrery","Velvet Choker"],"picked":"Black Blood"}],"items_purged_floors":[3],"is_endless":false,"potions_floor_spawned":[8,11,16,18,29,30,35,38],"killed_by":"Reptomancer","ascension_level":10}