{"path_per_floor":["M","?","M","?","M","E","M","$","T","R","M","E","M","M","R"],"character_chosen":"THE_SILENT","items_purchased":["Unload"],"gold_per_floor":[112,83,98,98,111,136,147,6,6,6,23,58,77,90,90,90],"floor_reached":16,"campfire_rested":2,"playtime":1468,"current_hp_per_floor":[70,70,70,70,70,27,38,38,52,77,76,47,52,38,63,0],"items_purged":[],"gold":90,"score":114,"play_id":"e5cd0818-cc10-495d-9693-948f95c6f021","local_time":"20180329030135","is_prod":false,"is_daily":false,"is_ascension_mode":false,"campfire_upgraded":0,"timestamp":1522317695,"path_taken":["M","?","M","?","M","E","M","$","T","R","M","E","M","M","R","BOSS"],"build_version":"2018-03-22v2","purchased_purges":0,"victory":false,"master_deck":["Defend_G","Defend_G","Defend_G","Defend_G","Defend_G","Strike_G","Strike_G","Strike_G","Strike_G","Strike_G","Survivor","Neutralize","Deadly Poison","Slice","Outmaneuver","Flying Knee","Sucker Punch","Unload","Predator","Deadly Poison","Unload","Dagger Spray"],"max_hp_per_floor":[70,70,70,70,70,70,70,70,84,84,84,84,84,84,84,84],"relics":["Ring of the Snake","Meat on the Bone","Mango","Bronze Scales"],"card_choices":[{"not_picked":["Outmaneuver","Deflect"],"picked":"Deadly Poison","floor":1},{"not_picked":["Predator","Expertise"],"picked":"Slice","floor":3},{"not_picked":["Backflip","PiercingWail"],"picked":"Outmaneuver","floor":5},{"not_picked":["Finisher","PiercingWail"],"picked":"Flying Knee","floor":6},{"not_picked":["Prepared","Acrobatics"],"picked":"Sucker Punch","floor":7},{"not_picked":["Backflip","All Out Attack"],"picked":"Predator","floor":11},{"not_picked":["Eviscerate","Acrobatics"],"picked":"Deadly Poison","floor":12},{"not_picked":["Slice","Deflect"],"picked":"Unload","floor":13},{"not_picked":["Sucker Punch","Poisoned Stab"],"picked":"Dagger Spray","floor":14}],"player_experience":5819,"potions_floor_usage":[],"damage_taken":[{"damage":0,"enemies":"Cultist","floor":1,"turns":4},{"damage":0,"enemies":"2 Louse","floor":3,"turns":4},{"damage":0,"enemies":"Small Slimes","floor":5,"turns":4},{"damage":43,"enemies":"Lagavulin","floor":6,"turns":10},{"damage":1,"enemies":"Exordium Wildlife","floor":7,"turns":4},{"damage":1,"enemies":"Exordium Thugs","floor":11,"turns":5},{"damage":41,"enemies":"3 Sentries","floor":12,"turns":7},{"damage":7,"enemies":"3 Louse","floor":13,"turns":4},{"damage":26,"enemies":"Gremlin Gang","floor":14,"turns":3},{"damage":67,"enemies":"Slime Boss","floor":16,"turns":10}],"event_choices":[{"event_name":"World of Goop","player_choice":"Left","floor":2,"damage_taken":0},{"event_name":"Golden Wing","player_choice":"Ignored","floor":4,"damage_taken":0}],"boss_relics":[],"potions_floor_spawned":[5,7,11,13],"seed_played":"3957576719624987062","killed_by":"Slime Boss","ascension_level":0,"is_trial":false}