{"gold_per_floor":[116,116,116,133,151,177,177,190,241,271,271,299,322,34,34,105,105,125,145,70,90,4,4,4,4,34,84,97,111,111,141,141,220,220,237,237,237,25,25,56,0,16,16,16,26,44,89,105,105,105,105],"floor_reached":52,"playtime":2979,"items_purged":["Zap"],"score":1836,"play_id":"0d8f94c7-c888-4031-ac85-6c847d014a0f","local_time":"20181024231112","is_ascension_mode":true,"campfire_choices":[{"data":"Streamline","floor":7.0,"key":"SMITH"},{"floor":15,"key":"REST"},{"data":"Capacitor","floor":23,"key":"SMITH"},{"floor":25,"key":"REST"},{"data":"Loop","floor":32,"key":"SMITH"},{"data":"Go for the Eyes","floor":44,"key":"SMITH"},{"floor":49,"key":"DIG"}],"neow_cost":"NONE","seed_source_timestamp":1136916342231541,"circlet_count":0,"master_deck":["Defend_B","Defend_B","Defend_B","Defend_B","Dualcast","AscendersBane","Barrage","Streamline+1","Conserve Battery","Self Repair","Go for the Eyes+1","Multi-Cast","Electrodynamics","Recycle+1","Reinforced Body+1","Echo Form+1","Hologram+1","Ball Lightning","Capacitor+1","Coolheaded+1","Chill+1","Loop+1","Echo Form","Barrage","Glacier+1","Darkness+1","Conserve Battery+1"],"special_seed":0,"relics":["Cracked Core","NeowsBlessing","Oddly Smooth Stone","Thread and Needle","Bronze Scales","Vajra","Kunai","Smiling Mask","Odd Mushroom","Toxic Egg 2","Astrolabe","Tiny Chest","StoneCalendar","Mercury Hourglass","Coffee Dripper","Juzu Bracelet","Art of War","Incense Burner","Blue Candle","Dodecahedron","Torii","Shovel","Pen Nib"],"potions_floor_usage":[12,16,21,28,40,50,51],"damage_taken":[{"damage":0.0,"enemies":"Jaw Worm","floor":1.0,"turns":1.0},{"damage":0.0,"enemies":"Small Slimes","floor":4.0,"turns":1.0},{"damage":0.0,"enemies":"Cultist","floor":5.0,"turns":1.0},{"damage":21.0,"enemies":"Gremlin Nob","floor":6.0,"turns":4.0},{"damage":20,"enemies":"Exordium Thugs","floor":8,"turns":4},{"damage":0,"enemies":"3 Sentries","floor":10,"turns":6},{"damage":12,"enemies":"Gremlin Nob","floor":12,"turns":4},{"damage":2,"enemies":"The Mushroom Lair","floor":13,"turns":4},{"damage":32,"enemies":"Hexaghost","floor":16,"turns":9},{"damage":0,"enemies":"Chosen","floor":18,"turns":5},{"damage":0,"enemies":"3 Byrds","floor":19,"turns":2},{"damage":22,"enemies":"Cultist and Chosen","floor":21,"turns":6},{"damage":15,"enemies":"Snecko","floor":28,"turns":7},{"damage":4,"enemies":"Centurion and Healer","floor":29,"turns":9},{"damage":22,"enemies":"Slavers","floor":31,"turns":3},{"damage":19,"enemies":"Champ","floor":33,"turns":11},{"damage":0,"enemies":"3 Shapes","floor":35,"turns":7},{"damage":0,"enemies":"Mind Bloom Boss Battle","floor":39,"turns":5},{"damage":41,"enemies":"Nemesis","floor":40,"turns":7},{"damage":2,"enemies":"3 Darklings","floor":42,"turns":7},{"damage":0,"enemies":"Maw","floor":45,"turns":7},{"damage":3,"enemies":"Transient","floor":46,"turns":6},{"damage":1,"enemies":"2 Orb Walkers","floor":47,"turns":5},{"damage":13,"enemies":"Jaw Worm Horde","floor":48,"turns":5},{"damage":26,"enemies":"Donu and Deca","floor":50,"turns":9},{"damage":1,"enemies":"Time Eater","floor":51,"turns":15}],"seed_played":"-7527308143621951713","potions_obtained":[{"floor":10,"key":"Weak Potion"},{"floor":12,"key":"Fire Potion"},{"floor":13,"key":"Poison Potion"},{"floor":19,"key":"Poison Potion"},{"floor":21,"key":"Ancient Potion"},{"floor":33,"key":"GamblersBrew"},{"floor":42,"key":"GamblersBrew"},{"floor":47,"key":"SpeedPotion"},{"floor":48,"key":"FocusPotion"}],"is_trial":false,"path_per_floor":["M","?","T","M","M","E","R","M","T","E","?","E","?","$","R","B",null,"M","M","?","M","$","R","?","R","T","?","M","M","T","E","R","B",null,"M","T","?","$","?","E","?","M","T","R","M","M","?","M","R","B","B"],"character_chosen":"DEFECT","items_purchased":["Toxic Egg 2","Capacitor","Art of War"],"campfire_rested":2,"item_purchase_floors":[14,22,38],"current_hp_per_floor":[64,59,59,59,59,38,38,18,18,25,25,13,18,18,39,14,57,64,71,71,56,56,56,36,58,58,58,50,60,60,38,38,26,64,76,76,76,76,76,49,49,54,54,54,68,72,76,70,70,58,57],"gold":105,"neow_bonus":"THREE_ENEMY_KILL","is_prod":false,"is_daily":false,"chose_seed":false,"campfire_upgraded":4,"win_rate":0,"timestamp":1540437072,"path_taken":["M","?","?","M","M","E","R","?","T","E","?","E","?","?","R","BOSS","M","M","?","M","?","R","?","R","T","?","?","M","?","E","R","BOSS","M","?","?","?","?","E","?","M","T","R","M","M","?","M","R","BOSS","BOSS"],"build_version":"2018-10-18","purchased_purges":1,"victory":true,"max_hp_per_floor":[71,71,71,71,71,71,71,71,71,71,71,71,71,71,71,71,71,71,71,71,71,71,71,76,76,76,76,76,76,76,76,76,76,76,76,76,76,76,76,76,76,76,76,76,76,76,76,76,76,76,76],"card_choices":[{"not_picked":["Stack","Hologram"],"picked":"Barrage","floor":1.0},{"not_picked":["Gash","Coolheaded"],"picked":"Cold Snap","floor":4.0},{"not_picked":["Sweeping Beam","Tempest"],"picked":"Streamline","floor":5.0},{"not_picked":["Static Discharge","Sweeping Beam"],"picked":"Conserve Battery","floor":6.0},{"not_picked":["Double Energy","FTL"],"picked":"Self Repair","floor":8},{"not_picked":["Beam Cell","Redo"],"picked":"Go for the Eyes","floor":10},{"not_picked":["Conserve Battery","Sweeping Beam"],"picked":"Multi-Cast","floor":12},{"not_picked":["Buffer","Machine Learning"],"picked":"Electrodynamics","floor":16},{"not_picked":["Leap+1","Steam+1"],"picked":"Hologram+1","floor":18},{"not_picked":["Sweeping Beam","Barrage","Doom and Gloom"],"picked":"SKIP","floor":19},{"not_picked":["White Noise+1","Redo+1"],"picked":"Ball Lightning","floor":21},{"not_picked":["Turbo+1","Stack+1"],"picked":"Coolheaded+1","floor":28},{"not_picked":["Cold Snap","Fission+1"],"picked":"Chill+1","floor":29},{"not_picked":["Rip and Tear","Melter"],"picked":"Loop","floor":31},{"not_picked":["Multi-Cast+1","Rainbow+1"],"picked":"Echo Form","floor":33},{"not_picked":["Rebound","BootSequence+1"],"picked":"Barrage","floor":35},{"not_picked":["Darkness+1","BootSequence+1"],"picked":"Glacier+1","floor":40},{"not_picked":["Compile Driver","Beam Cell","Gash+1"],"picked":"SKIP","floor":42},{"not_picked":["Streamline+1","Compile Driver+1","Cold Snap"],"picked":"SKIP","floor":45},{"not_picked":["Redo+1","Beam Cell+1"],"picked":"Darkness+1","floor":46},{"not_picked":["Creative AI","Ball Lightning"],"picked":"Conserve Battery+1","floor":47},{"not_picked":["Beam Cell","Melter","Leap+1"],"picked":"SKIP","floor":48}],"player_experience":1014588,"relics_obtained":[{"floor":3.0,"key":"Thread and Needle"},{"floor":6.0,"key":"Bronze Scales"},{"floor":9,"key":"Vajra"},{"floor":10,"key":"Kunai"},{"floor":12,"key":"Smiling Mask"},{"floor":13,"key":"Odd Mushroom"},{"floor":26,"key":"Tiny Chest"},{"floor":30,"key":"StoneCalendar"},{"floor":31,"key":"Mercury Hourglass"},{"floor":36,"key":"Juzu Bracelet"},{"floor":39,"key":"Incense Burner"},{"floor":40,"key":"Blue Candle"},{"floor":43,"key":"Torii"},{"floor":47,"key":"Shovel"},{"floor":49,"key":"Pen Nib"}],"event_choices":[{"damage_healed":0.0,"max_hp_gain":0.0,"max_hp_loss":0.0,"gold_gain":0.0,"event_name":"Scrap Ooze","player_choice":"Success","floor":2.0,"gold_loss":0.0,"damage_taken":5.0,"relics_obtained":["Oddly Smooth Stone"]},{"damage_healed":0,"gold_gain":0,"player_choice":"Ignored","damage_taken":0,"max_hp_gain":0,"max_hp_loss":0,"event_name":"Shining Light","floor":11,"gold_loss":0},{"damage_healed":0,"gold_gain":0,"player_choice":"Fought Mushrooms","damage_taken":0,"max_hp_gain":0,"max_hp_loss":0,"event_name":"Mushrooms","floor":13,"gold_loss":0},{"cards_removed":["Strike_B"],"damage_healed":0,"gold_gain":0,"player_choice":"Gave Gold","damage_taken":0,"max_hp_gain":0,"max_hp_loss":0,"event_name":"Beggar","floor":20,"gold_loss":75},{"damage_healed":0,"gold_gain":0,"player_choice":"Shed Blood","damage_taken":25,"max_hp_gain":5,"max_hp_loss":0,"event_name":"Forgotten Altar","floor":24,"gold_loss":0},{"damage_healed":0,"gold_gain":50,"player_choice":"Stole From Cult","damage_taken":0,"max_hp_gain":0,"max_hp_loss":0,"event_name":"Nest","floor":27,"gold_loss":0},{"cards_removed":["Cold Snap"],"damage_healed":0,"gold_gain":0,"player_choice":"Removed Attack","damage_taken":0,"max_hp_gain":0,"max_hp_loss":0,"event_name":"Falling","floor":37,"gold_loss":0},{"damage_healed":0,"gold_gain":0,"player_choice":"Fight","damage_taken":0,"max_hp_gain":0,"max_hp_loss":0,"event_name":"MindBloom","floor":39,"gold_loss":0},{"damage_healed":0,"gold_gain":0,"player_choice":"Paid Gold","damage_taken":0,"relics_obtained":["Dodecahedron"],"max_hp_gain":0,"max_hp_loss":0,"event_name":"WeMeetAgain","floor":41,"gold_loss":56},{"damage_healed":0,"gold_gain":0,"player_choice":"Fight","damage_taken":0,"max_hp_gain":0,"max_hp_loss":0,"event_name":"Mysterious Sphere","floor":47,"gold_loss":0}],"is_beta":false,"boss_relics":[{"not_picked":["Eternal Feather","Tiny House"],"picked":"Astrolabe"},{"not_picked":["Cursed Key","White Beast Statue"],"picked":"Coffee Dripper"}],"items_purged_floors":[38],"is_endless":false,"potions_floor_spawned":[10,12,13,19,21,33,42,47,48],"ascension_level":20}