{"path_per_floor":["M","$","?","?","?","R","?","R","T","E","T","R","M","M","R","B",null,"M","M","?","M","$","?"],"character_chosen":"IRONCLAD","items_purchased":["Warcry"],"gold_per_floor":[111,36,36,1,1,1,1,1,25,52,52,52,62,81,81,176,176,196,212,137,148,96,146,146],"floor_reached":24,"campfire_rested":1,"playtime":876,"current_hp_per_floor":[80,80,80,80,64,64,61,61,61,42,42,66,74,80,80,17,80,50,27,27,10,10,10,0],"items_purged":["Strike_R"],"gold":146,"score":192,"play_id":"c196ad33-07c0-4721-9089-014de4109a80","local_time":"20180403162813","is_prod":false,"is_daily":false,"is_ascension_mode":false,"campfire_upgraded":3,"timestamp":1522798093,"path_taken":["M","$","?","?","?","R","?","R","T","E","?","R","?","M","R","BOSS","M","?","?","M","?","?","E"],"build_version":"2018-03-29v2","purchased_purges":1,"victory":false,"master_deck":["Strike_R+1","Strike_R","Strike_R","Strike_R","Defend_R","Defend_R","Defend_R","Defend_R","Bash+1","Cleave+1","Thunderclap+1","Second Wind","Pommel Strike","Offering","Rupture","Havoc+1","Inflame+1","Warcry"],"max_hp_per_floor":[80,80,80,80,80,80,80,80,80,80,80,80,80,80,80,80,80,80,80,80,80,80,80,80],"relics":["Burning Blood","Blood Vial","Anchor","Bottled Flame","Dead Branch","Runic Pyramid"],"card_choices":[{"not_picked":["Blood for Blood","True Grit"],"picked":"Cleave","floor":1},{"not_picked":["Clash","Feel No Pain"],"picked":"Thunderclap","floor":10},{"not_picked":["Sentinel","Headbutt"],"picked":"Second Wind","floor":13},{"not_picked":["Burning Pact","Anger"],"picked":"Pommel Strike","floor":14},{"not_picked":["Berserk","Juggernaut"],"picked":"Offering","floor":16},{"not_picked":["Shrug It Off","Havoc"],"picked":"Rupture","floor":18},{"not_picked":["Heavy Blade","Sword Boomerang"],"picked":"Havoc","floor":19},{"not_picked":["Perfected Strike","Wild Strike"],"picked":"Inflame","floor":21}],"player_experience":132758,"potions_floor_usage":[16,16],"damage_taken":[{"damage":6,"enemies":"Jaw Worm","floor":1,"turns":6},{"damage":27,"enemies":"3 Sentries","floor":10,"turns":6},{"damage":0,"enemies":"Small Slimes","floor":13,"turns":2},{"damage":0,"enemies":"2 Louse","floor":14,"turns":1},{"damage":69,"enemies":"Hexaghost","floor":16,"turns":8},{"damage":42,"enemies":"Shell Parasite","floor":18,"turns":6},{"damage":31,"enemies":"3 Byrds","floor":19,"turns":6},{"damage":25,"enemies":"Snake Plant","floor":21,"turns":5},{"damage":24,"enemies":"Book of Stabbing","floor":24,"turns":3}],"event_choices":[{"event_name":"Liars Game","player_choice":"disagreed","floor":3,"damage_taken":0},{"event_name":"The Cleric","player_choice":"Healed","floor":4,"damage_taken":0},{"event_name":"Shining Light","player_choice":"Entered Light","floor":5,"damage_taken":0},{"event_name":"Scrap Ooze","player_choice":"success","floor":7,"damage_taken":3},{"event_name":"Beggar","player_choice":"Gave Gold","floor":20,"damage_taken":0},{"event_name":"The Joust","player_choice":"Bet on Murderer","floor":23,"damage_taken":0}],"boss_relics":[{"not_picked":["Velvet Choker","Ectoplasm"],"picked":"Runic Pyramid"}],"potions_floor_spawned":[10,14],"seed_played":"3639211639445241141","killed_by":"Book of Stabbing","ascension_level":0,"is_trial":false}