{"gold_per_floor":[109,109,109,134,59,59,99,119,119,189,210,210,110,110],"floor_reached":14,"playtime":521,"items_purged":["Defend_B","Steam"],"score":176,"play_id":"a9651d40-045a-403f-8691-89dd7bc429f9","local_time":"20181007011836","is_ascension_mode":true,"campfire_choices":[{"data":"Dualcast","floor":6.0,"key":"SMITH"},{"data":"Go for the Eyes","floor":12.0,"key":"SMITH"}],"neow_cost":"NONE","seed_source_timestamp":291770880897898,"circlet_count":0,"master_deck":["Strike_B","Strike_B","Strike_B","Defend_B","Defend_B","Defend_B","Zap","Dualcast+1","AscendersBane","Cold Snap","Leap","Streamline","Glacier","Go for the Eyes+1","Turbo"],"special_seed":0,"relics":["Cracked Core","Omamori","Golden Idol","Bottled Flame","FossilizedHelix","Gremlin Horn"],"potions_floor_usage":[],"damage_taken":[{"damage":0.0,"enemies":"2 Louse","floor":1.0,"turns":4.0},{"damage":0.0,"enemies":"Small Slimes","floor":4.0,"turns":3.0},{"damage":20.0,"enemies":"3 Sentries","floor":7.0,"turns":8.0},{"damage":0.0,"enemies":"Cultist","floor":8.0,"turns":3.0},{"damage":11.0,"enemies":"Lagavulin Event","floor":10.0,"turns":9.0},{"damage":0.0,"enemies":"Large Slime","floor":11.0,"turns":6.0},{"damage":34,"enemies":"Gremlin Nob","floor":14,"turns":4}],"seed_played":"5861086265950823837","potions_obtained":[{"floor":1.0,"key":"PowerPotion"},{"floor":10.0,"key":"Dexterity Potion"}],"is_trial":false,"path_per_floor":["M","?","?","M","$","R","E","M","T","?","M","R","$"],"character_chosen":"DEFECT","items_purchased":[],"campfire_rested":0,"item_purchase_floors":[],"current_hp_per_floor":[64,64,64,64,64,64,44,44,44,33,33,33,33,0],"gold":110,"neow_bonus":"RANDOM_COMMON_RELIC","is_prod":false,"is_daily":false,"chose_seed":false,"campfire_upgraded":2,"win_rate":0,"timestamp":1538889516,"path_taken":["M","?","?","M","$","R","E","M","T","?","M","R","?","E"],"build_version":"2018-10-04v2","purchased_purges":2,"victory":false,"max_hp_per_floor":[71,71,71,71,71,71,71,71,71,71,71,71,71,71],"card_choices":[{"not_picked":["Steam Power","Fusion"],"picked":"Cold Snap","floor":1.0},{"not_picked":["Recycle","Double Energy"],"picked":"Leap","floor":4.0},{"not_picked":["Scrape","Hologram"],"picked":"Streamline","floor":7.0},{"not_picked":["Buffer","Turbo"],"picked":"Glacier","floor":8.0},{"not_picked":["Redo","Auto Shields"],"picked":"Go for the Eyes","floor":10.0},{"not_picked":["Barrage","Darkness"],"picked":"Turbo","floor":11.0}],"player_experience":942401,"relics_obtained":[{"floor":7.0,"key":"Bottled Flame"},{"floor":9.0,"key":"FossilizedHelix"},{"floor":10.0,"key":"Gremlin Horn"}],"event_choices":[{"event_name":"Living Wall","player_choice":"Change","floor":2.0,"damage_taken":0.0},{"event_name":"Golden Idol","player_choice":"Take Wound","floor":3.0,"damage_taken":0.0},{"event_name":"Dead Adventurer","player_choice":"Searched \u00271\u0027 times","floor":10.0,"damage_taken":0.0}],"is_beta":false,"boss_relics":[],"items_purged_floors":[5,13],"is_endless":false,"potions_floor_spawned":[1,10],"killed_by":"Gremlin Nob","ascension_level":20}