{"gold_per_floor":[115,40,140,157,172,197,197,197,245,280,280,280,330,341,341,341],"floor_reached":16,"playtime":716,"items_purged":[],"score":205,"play_id":"e5254262-446f-45ca-8e6a-810dda3aa5fd","local_time":"20190318151959","is_ascension_mode":true,"campfire_choices":[{"floor":7,"key":"REST"},{"floor":11,"key":"REST"},{"floor":15,"key":"REST"}],"neow_cost":"NONE","seed_source_timestamp":23313221599227,"circlet_count":0,"master_deck":["AscendersBane","Defend_G","Defend_G","Defend_G","Defend_G","Defend_G","Strike_G","Strike_G","Strike_G","Strike_G","Strike_G","Survivor","Neutralize","Sucker Punch","Footwork+1","Backflip","Deflect","Cloak And Dagger","Leg Sweep","Poisoned Stab"],"relics":["Ring of the Snake","NeowsBlessing","Juzu Bracelet","Happy Flower","Blood Vial","SsserpentHead"],"potions_floor_usage":[6,16],"damage_taken":[{"damage":0,"enemies":"Small Slimes","floor":1,"turns":1},{"damage":0,"enemies":"Cultist","floor":4,"turns":1},{"damage":0,"enemies":"2 Louse","floor":5,"turns":1},{"damage":48,"enemies":"Gremlin Nob","floor":6,"turns":6},{"damage":24,"enemies":"3 Sentries","floor":10,"turns":20},{"damage":15,"enemies":"Lots of Slimes","floor":14,"turns":7},{"damage":36,"enemies":"Hexaghost","floor":16,"turns":18}],"seed_played":"-5817203934730321122","potions_obtained":[{"floor":4,"key":"GamblersBrew"},{"floor":5,"key":"SpeedPotion"}],"is_trial":false,"path_per_floor":["M","$","?","M","M","E","R","?","T","E","R","?","?","M","R","B"],"character_chosen":"THE_SILENT","items_purchased":["Footwork"],"campfire_rested":3,"item_purchase_floors":[2],"current_hp_per_floor":[59,59,59,59,59,11,30,30,30,6,25,25,25,12,31,0],"gold":341,"neow_bonus":"THREE_ENEMY_KILL","is_prod":false,"is_daily":false,"chose_seed":false,"campfire_upgraded":0,"win_rate":0,"timestamp":1552936799,"path_taken":["M","$","?","M","?","E","R","?","T","E","R","?","?","M","R","BOSS"],"build_version":"2019-03-15","purchased_purges":0,"victory":false,"max_hp_per_floor":[66,66,66,66,66,66,66,66,66,66,66,66,66,66,66,66],"card_choices":[{"not_picked":["Quick Slash","Slice"],"picked":"Sucker Punch","floor":1},{"not_picked":["Escape Plan","Dagger Throw"],"picked":"Backflip","floor":4},{"not_picked":["Concentrate","Outmaneuver"],"picked":"Deflect","floor":5},{"not_picked":["Backflip","Distraction"],"picked":"Cloak And Dagger","floor":6},{"not_picked":["Quick Slash","Poisoned Stab"],"picked":"Leg Sweep","floor":10},{"not_picked":["PiercingWail","Expertise"],"picked":"Poisoned Stab","floor":14}],"player_experience":570034,"relics_obtained":[{"floor":6,"key":"Juzu Bracelet"},{"floor":9,"key":"Happy Flower"},{"floor":10,"key":"Blood Vial"}],"event_choices":[{"damage_healed":0,"gold_gain":100,"player_choice":"Gold","damage_taken":0,"max_hp_gain":0,"max_hp_loss":0,"event_name":"Wheel of Change","floor":3,"gold_loss":0},{"damage_healed":0,"gold_gain":0,"player_choice":"Ignored","damage_taken":0,"max_hp_gain":0,"max_hp_loss":0,"event_name":"Shining Light","floor":8,"gold_loss":0},{"damage_healed":0,"gold_gain":0,"player_choice":"Trade","damage_taken":0,"relics_obtained":["SsserpentHead"],"max_hp_gain":0,"max_hp_loss":0,"event_name":"FaceTrader","floor":12,"gold_loss":0},{"damage_healed":0,"gold_gain":0,"player_choice":"Forge","damage_taken":0,"max_hp_gain":0,"max_hp_loss":0,"event_name":"Accursed Blacksmith","floor":13,"gold_loss":0,"cards_upgraded":["Footwork"]}],"is_beta":true,"boss_relics":[],"items_purged_floors":[],"is_endless":false,"potions_floor_spawned":[4,5],"killed_by":"Hexaghost","ascension_level":18}