{"path_per_floor":["M","M","?","M","$","E","R","E","T","M","$","M","?","M","R","B",null,"M","?","M","?","?","R","M","M","T","$","M","R","?","M","R"],"character_chosen":"THE_SILENT","items_purchased":["Bouncing Flask"],"gold_per_floor":[15,32,32,46,46,73,73,102,172,183,30,47,10,30,30,132,132,145,145,163,78,78,78,93,108,162,62,79,79,79,94,94,94],"floor_reached":33,"campfire_rested":2,"playtime":1378,"current_hp_per_floor":[70,70,56,56,56,46,67,53,53,50,50,50,50,50,50,15,70,55,55,54,54,70,70,64,60,60,60,47,51,38,33,59,0],"items_purged":["Strike_G","Strike_G"],"gold":94,"score":259,"play_id":"f35a7b99-f433-4e3e-8e1d-cb17738aa4ae","local_time":"20180401183727","is_prod":false,"is_daily":false,"is_ascension_mode":false,"campfire_upgraded":3,"timestamp":1522633047,"path_taken":["M","M","?","M","$","E","R","E","T","M","?","M","?","?","R","BOSS","M","?","M","?","?","R","M","M","T","$","M","R","?","M","R","BOSS"],"build_version":"2018-03-29v2","purchased_purges":3,"victory":false,"master_deck":["Defend_G","Defend_G","Defend_G","Defend_G","Strike_G+1","Strike_G","Strike_G","Survivor+1","Neutralize+1","Unload","Poisoned Stab+1","Bouncing Flask+1"],"max_hp_per_floor":[70,70,70,70,70,70,70,70,70,70,70,70,70,70,70,70,70,70,70,70,70,70,70,70,70,70,70,70,70,75,75,75,75],"relics":["Ring of the Snake","Thread and Needle","Mercury Hourglass","Matryoshka","Eternal Feather","Centennial Puzzle","Ornamental Fan","Juzu Bracelet"],"card_choices":[{"not_picked":["A Thousand Cuts","Phantasmal Killer"],"picked":"Unload","floor":0},{"not_picked":["Underhanded Strike","Dagger Spray"],"picked":"Poisoned Stab","floor":1}],"player_experience":103242,"potions_floor_usage":[6,16,16,18],"damage_taken":[{"damage":0,"enemies":"2 Louse","floor":1,"turns":3},{"damage":0,"enemies":"Small Slimes","floor":2,"turns":5},{"damage":0,"enemies":"Cultist","floor":4,"turns":4},{"damage":10,"enemies":"Lagavulin","floor":6,"turns":8},{"damage":14,"enemies":"3 Sentries","floor":8,"turns":9},{"damage":3,"enemies":"2 Fungi Beasts","floor":10,"turns":3},{"damage":0,"enemies":"Large Slime","floor":12,"turns":4},{"damage":0,"enemies":"Exordium Wildlife","floor":14,"turns":2},{"damage":35,"enemies":"Hexaghost","floor":16,"turns":7},{"damage":15,"enemies":"2 Thieves","floor":18,"turns":4},{"damage":1,"enemies":"Spheric Guardian","floor":20,"turns":4},{"damage":6,"enemies":"Snake Plant","floor":24,"turns":3},{"damage":4,"enemies":"Centurion and Healer","floor":25,"turns":7},{"damage":13,"enemies":"Cultist and Chosen","floor":28,"turns":6},{"damage":5,"enemies":"Snecko","floor":31,"turns":4},{"damage":70,"enemies":"Automaton","floor":33,"turns":10}],"event_choices":[{"event_name":"Shining Light","player_choice":"Entered Light","floor":3,"damage_taken":0},{"event_name":"World of Goop","player_choice":"Left","floor":13,"damage_taken":0},{"event_name":"Bonfire Elementals","player_choice":"BASIC","floor":19,"damage_taken":0},{"event_name":"Addict","player_choice":"Obtained Relic","floor":21,"damage_taken":0},{"event_name":"The Library","player_choice":"Heal","floor":22,"damage_taken":0},{"event_name":"Forgotten Altar","player_choice":"Shed Blood","floor":30,"damage_taken":0}],"boss_relics":[{"not_picked":["Runic Pyramid","Pandora\u0027s Box"],"picked":"Eternal Feather"}],"potions_floor_spawned":[2,4,12,16,25,28],"seed_played":"-7985236969885334537","killed_by":"Automaton","ascension_level":0,"is_trial":false}