{"gold_per_floor":[16,16,16,16,35,68,68,109,109,109,125,125],"floor_reached":12,"playtime":608,"items_purged":[],"score":95,"play_id":"16cc2613-8ccd-4092-87da-a5662c4fd25a","local_time":"20181104132537","is_ascension_mode":true,"campfire_choices":[{"floor":7,"key":"REST"},{"data":"Night Terror","floor":10,"key":"SMITH"}],"neow_cost":"NO_GOLD","seed_source_timestamp":247823145736,"circlet_count":0,"master_deck":["Defend_G","Defend_G","Defend_G+1","Defend_G","Strike_G","Strike_G","Strike_G","Survivor+1","Neutralize","Dash","Night Terror+1","Noxious Fumes","Cloak And Dagger","Backflip","Backstab","Deadly Poison"],"relics":["Ring of the Snake","Golden Idol","Prayer Wheel","War Paint","Letter Opener"],"potions_floor_usage":[6,12,12],"damage_taken":[{"damage":0,"enemies":"2 Louse","floor":1,"turns":3},{"damage":0,"enemies":"Small Slimes","floor":5,"turns":4},{"damage":50,"enemies":"Gremlin Nob","floor":6,"turns":7},{"damage":17,"enemies":"3 Sentries","floor":8,"turns":8},{"damage":0,"enemies":"Jaw Worm","floor":11,"turns":6},{"damage":22,"enemies":"Gremlin Nob","floor":12,"turns":3}],"seed_played":"-7854704899260313190","potions_obtained":[{"floor":5,"key":"AttackPotion"},{"floor":6,"key":"Fruit Juice"},{"floor":11,"key":"Poison Potion"}],"is_trial":false,"path_per_floor":["M","?","?","?","M","E","R","E","T","R","M","E"],"character_chosen":"THE_SILENT","items_purchased":[],"campfire_rested":1,"item_purchase_floors":[],"current_hp_per_floor":[70,53,53,53,53,8,30,13,13,13,13,0],"gold":125,"neow_bonus":"REMOVE_TWO","is_prod":false,"is_daily":false,"chose_seed":false,"campfire_upgraded":1,"win_rate":0,"timestamp":1541355937,"path_taken":["M","?","?","?","M","E","R","E","T","R","?","E"],"build_version":"2018-11-02","purchased_purges":0,"victory":false,"max_hp_per_floor":[70,70,70,70,70,75,75,75,75,75,75,75],"card_choices":[{"not_picked":["Underhanded Strike","Backflip"],"picked":"Dash","floor":1},{"not_picked":["Dash","Cloak And Dagger"],"picked":"Noxious Fumes","floor":5},{"not_picked":["Slice","Blade Dance"],"picked":"Cloak And Dagger","floor":6},{"not_picked":["Dash","All Out Attack"],"picked":"Backflip","floor":8},{"not_picked":["Choke","Outmaneuver"],"picked":"Backstab","floor":11},{"not_picked":["Corpse Explosion","Predator"],"picked":"Deadly Poison","floor":11}],"player_experience":95748,"relics_obtained":[{"floor":6,"key":"Prayer Wheel"},{"floor":8,"key":"War Paint"},{"floor":9,"key":"Letter Opener"}],"event_choices":[{"damage_healed":0,"gold_gain":0,"player_choice":"Take Damage","damage_taken":17,"relics_obtained":["Golden Idol"],"max_hp_gain":0,"max_hp_loss":0,"event_name":"Golden Idol","floor":2,"gold_loss":0},{"damage_healed":0,"gold_gain":0,"player_choice":"Fled","damage_taken":0,"max_hp_gain":0,"max_hp_loss":0,"event_name":"Scrap Ooze","floor":3,"gold_loss":0},{"damage_healed":0,"gold_gain":0,"cards_transformed":["Strike_G"],"player_choice":"Change","damage_taken":0,"max_hp_gain":0,"max_hp_loss":0,"event_name":"Living Wall","floor":4,"gold_loss":0,"cards_obtained":["Night Terror"]}],"is_beta":true,"boss_relics":[],"items_purged_floors":[],"is_endless":false,"potions_floor_spawned":[5,6,11],"killed_by":"Gremlin Nob","ascension_level":2}