{"gold_per_floor":[112,112,123,123,136,136,163,163,163,173,173,192,222,239,239,313,313,326,341,352,364,414,439,439,469,469,469,469,469,492,508,508,579,579,591,591,424,441,366,366,392,132,157,177,191,237,237,264,264,264,264,264,264,9,37,37],"floor_reached":57,"playtime":3653,"items_purged":["Strike_G","Strike_G"],"score":2820,"play_id":"4f67021e-d2d8-465c-acee-ace31662a3b9","local_time":"20190310125117","is_ascension_mode":true,"campfire_choices":[{"data":"Night Terror","floor":6.0,"key":"SMITH"},{"data":"After Image","floor":8.0,"key":"SMITH"},{"data":"Noxious Fumes","floor":11.0,"key":"SMITH"},{"data":"Crippling Poison","floor":15.0,"key":"SMITH"},{"floor":24.0,"key":"REST"},{"floor":27.0,"key":"REST"},{"floor":29.0,"key":"REST"},{"data":"Burst","floor":32.0,"key":"SMITH"},{"floor":40.0,"key":"RECALL"},{"floor":49.0,"key":"REST"},{"floor":53,"key":"REST"}],"neow_cost":"TEN_PERCENT_HP_LOSS","seed_source_timestamp":289225357657812,"circlet_count":0,"master_deck":["AscendersBane","Defend_G","Defend_G","Defend_G+1","Defend_G","Defend_G","Strike_G","Strike_G","Survivor","Neutralize+1","After Image+1","Dagger Spray","Backstab","Night Terror+1","Flying Knee","Burst+1","Noxious Fumes+1","Poisoned Stab","Backflip","Crippling Poison+1","Corpse Explosion","Noxious Fumes","Backflip","Dodge and Roll+1","Acrobatics","Footwork+1","Corpse Explosion","Dash","Calculated Gamble+1","Bouncing Flask","After Image+1","Noxious Fumes+1"],"special_seed":0,"relics":["Ring of the Snake","Calipers","Mummified Hand","Blood Vial","Sozu","War Paint","Du-Vu Doll","Pocketwatch","Enchiridion","Bag of Preparation","Fusion Hammer","Anchor","Bird Faced Urn","Ancient Tea Set","PreservedInsect","Frozen Egg 2","DollysMirror","Centennial Puzzle"],"potions_floor_usage":[56,56],"damage_taken":[{"damage":5.0,"enemies":"Small Slimes","floor":1.0,"turns":4.0},{"damage":0.0,"enemies":"Cultist","floor":3.0,"turns":4.0},{"damage":0.0,"enemies":"Jaw Worm","floor":5.0,"turns":6.0},{"damage":8.0,"enemies":"3 Sentries","floor":7.0,"turns":10.0},{"damage":1.0,"enemies":"Exordium Wildlife","floor":10.0,"turns":6.0},{"damage":0.0,"enemies":"Blue Slaver","floor":12.0,"turns":3.0},{"damage":16.0,"enemies":"Lagavulin","floor":13.0,"turns":6.0},{"damage":0.0,"enemies":"Exordium Thugs","floor":14.0,"turns":3.0},{"damage":13.0,"enemies":"Hexaghost","floor":16.0,"turns":8.0},{"damage":9.0,"enemies":"Shell Parasite","floor":18.0,"turns":2.0},{"damage":14.0,"enemies":"2 Thieves","floor":19.0,"turns":4.0},{"damage":9.0,"enemies":"Sentry and Sphere","floor":20.0,"turns":4.0},{"damage":0.0,"enemies":"Centurion and Healer","floor":21.0,"turns":5.0},{"damage":22.0,"enemies":"Slavers","floor":23.0,"turns":3.0},{"damage":10.0,"enemies":"Book of Stabbing","floor":25.0,"turns":8.0},{"damage":0.0,"enemies":"Snake Plant","floor":31.0,"turns":3.0},{"damage":0.0,"enemies":"Collector","floor":33.0,"turns":8.0},{"damage":0.0,"enemies":"3 Darklings","floor":35.0,"turns":2.0},{"damage":0.0,"enemies":"Orb Walker","floor":38.0,"turns":4.0},{"damage":1.0,"enemies":"Nemesis","floor":41.0,"turns":9.0},{"damage":17.0,"enemies":"Spire Growth","floor":44.0,"turns":6.0},{"damage":0.0,"enemies":"Writhing Mass","floor":45.0,"turns":5.0},{"damage":0.0,"enemies":"Giant Head","floor":48.0,"turns":9.0},{"damage":2,"enemies":"Time Eater","floor":50,"turns":18},{"damage":20,"enemies":"Donu and Deca","floor":51,"turns":9},{"damage":18,"enemies":"Shield and Spear","floor":55,"turns":5},{"damage":38,"enemies":"The Heart","floor":56,"turns":12}],"seed_played":"-2734043218863405556","potions_obtained":[{"floor":3.0,"key":"EssenceOfSteel"},{"floor":5.0,"key":"LiquidBronze"},{"floor":7.0,"key":"SkillPotion"},{"floor":12.0,"key":"Fire Potion"},{"floor":16.0,"key":"Ancient Potion"}],"is_trial":false,"path_per_floor":["M","?","M","?","M","R","E","R","T","M","R","M","E","M","R","B",null,"M","M","M","M","?","E","R","E","T","R","?","R","T","M","R","B",null,"M","?","$","M","$","R","E","$","T","M","M","T","?","E","R","B","B",null,"R","$","E","B",null],"character_chosen":"THE_SILENT","items_purchased":["Anchor","Ancient Tea Set","DollysMirror","Noxious Fumes+1"],"campfire_rested":5,"item_purchase_floors":[37,42,54,54],"current_hp_per_floor":[54,54,54,54,54,54,46,46,46,45,45,45,29,31,31,20,50,43,31,24,26,26,6,24,16,16,34,13,31,31,33,33,35,54,56,53,53,55,55,55,56,56,56,43,60,60,60,60,60,60,40,55,60,60,46,30],"gold":37,"neow_bonus":"THREE_RARE_CARDS","is_prod":false,"is_daily":false,"chose_seed":false,"campfire_upgraded":5,"win_rate":0,"timestamp":1552236677,"path_taken":["M","?","M","?","?","R","E","R","T","M","R","M","E","M","R","BOSS","M","M","M","M","?","E","R","E","T","R","?","R","?","?","R","BOSS","M","?","$","?","$","R","E","?","T","M","M","?","?","E","R","BOSS","BOSS","R","$","E","BOSS"],"build_version":"2019-02-06","purchased_purges":2,"victory":true,"max_hp_per_floor":[60,60,60,60,60,60,60,60,60,60,60,60,60,60,60,60,60,60,60,60,60,60,60,60,60,60,60,60,60,60,60,60,60,60,60,60,60,60,60,60,60,60,60,60,60,60,60,60,60,60,60,60,60,60,60,60],"card_choices":[{"not_picked":["A Thousand Cuts","Burst"],"picked":"After Image","floor":0.0},{"not_picked":["Acrobatics","Backflip"],"picked":"Dagger Spray","floor":1.0},{"not_picked":["Quick Slash","Slice"],"picked":"Backstab","floor":3.0},{"not_picked":["Flechettes","Accuracy"],"picked":"Flying Knee","floor":5.0},{"not_picked":["Eviscerate","Riddle With Holes"],"picked":"Burst","floor":7.0},{"not_picked":["Riddle With Holes","Infinite Blades"],"picked":"Noxious Fumes","floor":10.0},{"not_picked":["Outmaneuver","Dagger Throw"],"picked":"Poisoned Stab","floor":12.0},{"not_picked":["Distraction","Sucker Punch"],"picked":"Backflip","floor":13.0},{"not_picked":["Acrobatics","Deflect"],"picked":"Crippling Poison","floor":14.0},{"not_picked":["Adrenaline","Unload"],"picked":"Corpse Explosion","floor":16.0},{"not_picked":["Flying Knee","Prepared"],"picked":"Noxious Fumes","floor":18.0},{"not_picked":["Quick Slash","Underhanded Strike+1"],"picked":"Backflip","floor":19.0},{"not_picked":["Slice","Cloak And Dagger"],"picked":"Dodge and Roll","floor":20.0},{"not_picked":["Dagger Throw","Masterful Stab"],"picked":"Acrobatics","floor":21.0},{"not_picked":["Concentrate","Dagger Throw+1","Flying Knee"],"picked":"SKIP","floor":23.0},{"not_picked":["Wraith Form v2","Tactician"],"picked":"Footwork+1","floor":25.0},{"not_picked":["Predator","Setup+1","Underhanded Strike"],"picked":"SKIP","floor":31.0},{"not_picked":["Venomology","Adrenaline"],"picked":"Corpse Explosion","floor":33.0},{"not_picked":["Bane","Flying Knee","Deadly Poison"],"picked":"SKIP","floor":35.0},{"not_picked":["Dagger Spray","Tactician"],"picked":"Dash","floor":38.0},{"not_picked":["Quick Slash","Infinite Blades"],"picked":"Calculated Gamble+1","floor":41.0},{"not_picked":["Underhanded Strike","Predator"],"picked":"Bouncing Flask","floor":44.0},{"not_picked":["Outmaneuver","Calculated Gamble+1"],"picked":"Poisoned Stab+1","floor":45.0},{"not_picked":["Backstab","Outmaneuver","Concentrate"],"picked":"SKIP","floor":48.0},{"not_picked":["Bullet Time","Dagger Spray","Deadly Poison"],"picked":"SKIP","floor":55}],"player_experience":1071644,"relics_obtained":[{"floor":7.0,"key":"Calipers"},{"floor":9.0,"key":"Mummified Hand"},{"floor":13.0,"key":"Blood Vial"},{"floor":23.0,"key":"War Paint"},{"floor":25.0,"key":"Du-Vu Doll"},{"floor":26.0,"key":"Pocketwatch"},{"floor":28.0,"key":"Enchiridion"},{"floor":30.0,"key":"Bag of Preparation"},{"floor":41.0,"key":"Bird Faced Urn"},{"floor":46.0,"key":"PreservedInsect"},{"floor":48.0,"key":"Frozen Egg 2"},{"floor":55,"key":"Centennial Puzzle"}],"event_choices":[{"damage_healed":0.0,"max_hp_gain":0.0,"max_hp_loss":0.0,"gold_gain":0.0,"event_name":"Living Wall","player_choice":"Grow","floor":2.0,"gold_loss":0.0,"damage_taken":0.0,"cards_upgraded":["Neutralize"]},{"damage_healed":0.0,"max_hp_gain":0.0,"max_hp_loss":0.0,"gold_gain":0.0,"cards_transformed":["Strike_G"],"event_name":"Transmorgrifier","player_choice":"Transformed","floor":4.0,"gold_loss":0.0,"damage_taken":0.0,"cards_obtained":["Night Terror"]},{"damage_healed":0.0,"max_hp_gain":0.0,"max_hp_loss":0.0,"gold_gain":50.0,"event_name":"Nest","player_choice":"Stole From Cult","floor":22.0,"gold_loss":0.0,"damage_taken":0.0},{"damage_healed":0.0,"max_hp_gain":0.0,"max_hp_loss":0.0,"gold_gain":0.0,"event_name":"Cursed Tome","player_choice":"Obtained Book","floor":28.0,"gold_loss":0.0,"damage_taken":21.0},{"damage_healed":0.0,"max_hp_gain":0.0,"max_hp_loss":0.0,"gold_gain":0.0,"event_name":"The Woman in Blue","player_choice":"Bought 0 Potions","floor":36.0,"gold_loss":0.0,"damage_taken":0.0},{"cards_removed":["Poisoned Stab"],"damage_healed":0.0,"max_hp_gain":0.0,"max_hp_loss":0.0,"gold_gain":0.0,"event_name":"Falling","player_choice":"Removed Attack","floor":47.0,"gold_loss":0.0,"damage_taken":0.0}],"is_beta":true,"boss_relics":[{"not_picked":["HoveringKite","Pandora\u0027s Box"],"picked":"Sozu"},{"not_picked":["Calling Bell","Cursed Key"],"picked":"Fusion Hammer"}],"items_purged_floors":[39,42],"is_endless":false,"potions_floor_spawned":[3,5,7,12,16,18,19,23,38,41,45],"ascension_level":20}