{"gold_per_floor":[115,115,265,265,190,190,217,233,307,320,320,331,331,366,366,438,438,457,457,467,301,319,319,347,347,395,395,463,479,479,499,499,499],"floor_reached":33,"playtime":1108,"items_purged":["Regret"],"score":646,"play_id":"113e8c57-843b-43b4-bbf3-b761b1ea67b1","local_time":"20190301111722","is_ascension_mode":true,"campfire_choices":[{"data":"Bouncing Flask","floor":6,"key":"SMITH"},{"data":"Doubt","floor":11,"key":"PURGE"},{"data":"Crippling Poison","floor":13,"key":"SMITH"},{"data":"Neutralize","floor":15,"key":"SMITH"},{"data":"Shame","floor":23,"key":"PURGE"},{"data":"Footwork","floor":27,"key":"SMITH"},{"data":"Leg Sweep","floor":30,"key":"SMITH"},{"floor":32,"key":"REST"}],"neow_cost":"NONE","seed_source_timestamp":569102234778022,"circlet_count":0,"master_deck":["AscendersBane","Defend_G+1","Defend_G+1","Defend_G+1","Defend_G+1","Defend_G+1","Strike_G+1","Strike_G+1","Strike_G+1","Strike_G+1","Strike_G+1","Survivor","Neutralize+1","Bouncing Flask+1","Crippling Poison+1","Predator+1","PiercingWail","Footwork+1","Corpse Explosion","Deadly Poison","Leg Sweep+1","Dodge and Roll","Adrenaline","Backflip+1"],"relics":["Ring of the Snake","NeowsBlessing","Question Card","Peace Pipe","Vajra","Meat on the Bone","Velvet Choker","Bag of Marbles","Anchor","WingedGreaves","Whetstone","Dodecahedron"],"potions_floor_usage":[14,24,33],"damage_taken":[{"damage":0,"enemies":"2 Louse","floor":1,"turns":1},{"damage":0,"enemies":"Lagavulin","floor":7,"turns":2},{"damage":0,"enemies":"Jaw Worm","floor":8,"turns":1},{"damage":4,"enemies":"Small Slimes","floor":10,"turns":5},{"damage":12,"enemies":"Blue Slaver","floor":12,"turns":5},{"damage":12,"enemies":"3 Sentries","floor":14,"turns":8},{"damage":12,"enemies":"The Guardian","floor":16,"turns":10},{"damage":24,"enemies":"Shell Parasite","floor":18,"turns":6},{"damage":11,"enemies":"Spheric Guardian","floor":20,"turns":3},{"damage":17,"enemies":"Centurion and Healer","floor":22,"turns":7},{"damage":37,"enemies":"Slavers","floor":24,"turns":4},{"damage":13,"enemies":"Shelled Parasite and Fungi","floor":29,"turns":5},{"damage":0,"enemies":"Snake Plant","floor":31,"turns":4},{"damage":24,"enemies":"Champ","floor":33,"turns":12}],"seed_played":"4659526726821408030","potions_obtained":[{"floor":1,"key":"Dexterity Potion"},{"floor":10,"key":"GamblersBrew"},{"floor":12,"key":"GhostInAJar"},{"floor":14,"key":"GamblersBrew"},{"floor":24,"key":"Energy Potion"}],"is_trial":false,"path_per_floor":["M","?","?","?","$","R","E","M","T","M","R","M","R","E","R","B",null,"M","?","M","$","M","R","E","?","T","R","T","M","R","M","R","B"],"character_chosen":"THE_SILENT","items_purchased":["Anchor"],"campfire_rested":1,"item_purchase_floors":[21],"current_hp_per_floor":[59,54,54,54,54,54,54,54,54,50,50,38,38,26,26,26,56,44,44,45,45,40,40,15,15,15,15,15,14,14,26,45,21],"gold":499,"neow_bonus":"THREE_ENEMY_KILL","is_prod":false,"is_daily":false,"chose_seed":false,"campfire_upgraded":5,"win_rate":0,"timestamp":1551457042,"path_taken":["M","?","?","?","$","R","E","M","T","M","R","M","R","E","R","BOSS","M","?","M","$","M","R","E","?","T","R","?","M","R","M","R","BOSS"],"build_version":"2019-02-06","purchased_purges":1,"victory":false,"max_hp_per_floor":[66,66,66,66,66,66,66,66,66,66,66,66,66,66,66,66,66,66,66,66,66,66,66,66,66,66,66,66,66,66,66,66,66],"card_choices":[{"not_picked":["Blade Dance","Riddle With Holes"],"picked":"Bouncing Flask","floor":1},{"not_picked":["Reflex","Blade Dance","Quick Slash","Infinite Blades"],"picked":"SKIP","floor":7},{"not_picked":["Reflex","Blade Dance","Quick Slash","Infinite Blades"],"picked":"SKIP","floor":7},{"not_picked":["Deadly Poison","Flechettes","Slice"],"picked":"Crippling Poison","floor":8},{"not_picked":["Bane","Infinite Blades","Acrobatics"],"picked":"Predator","floor":10},{"not_picked":["Terror","Bane","Finisher"],"picked":"PiercingWail","floor":12},{"not_picked":["Dash","Night Terror","Escape Plan"],"picked":"Footwork","floor":14},{"not_picked":["Unload","Glass Knife","Die Die Die"],"picked":"Corpse Explosion","floor":16},{"not_picked":["Blade Dance","Dagger Spray","Dagger Throw"],"picked":"Deadly Poison","floor":18},{"not_picked":["Bane+1","Bouncing Flask","Masterful Stab"],"picked":"Leg Sweep","floor":20},{"not_picked":["Outmaneuver+1","Masterful Stab+1","Sucker Punch","Blade Dance"],"picked":"SKIP","floor":22},{"not_picked":["All Out Attack","Deadly Poison","Flying Knee+1"],"picked":"Dodge and Roll","floor":24},{"not_picked":["Underhanded Strike","PiercingWail","Deadly Poison"],"picked":"Adrenaline","floor":29},{"not_picked":["Underhanded Strike","Dagger Throw","Bouncing Flask"],"picked":"Backflip+1","floor":31}],"player_experience":1021320,"relics_obtained":[{"floor":7,"key":"Vajra"},{"floor":14,"key":"Meat on the Bone"},{"floor":24,"key":"WingedGreaves"},{"floor":26,"key":"Whetstone"},{"floor":28,"key":"Dodecahedron"}],"event_choices":[{"damage_healed":0,"gold_gain":0,"player_choice":"Success","damage_taken":5,"relics_obtained":["Question Card"],"max_hp_gain":0,"max_hp_loss":0,"event_name":"Scrap Ooze","floor":2,"gold_loss":0},{"damage_healed":0,"gold_gain":150,"player_choice":"AGREE","damage_taken":0,"max_hp_gain":0,"max_hp_loss":0,"event_name":"Liars Game","floor":3,"gold_loss":0,"cards_obtained":["Doubt"]},{"damage_healed":0,"gold_gain":0,"player_choice":"Box","damage_taken":0,"relics_obtained":["Peace Pipe"],"max_hp_gain":0,"max_hp_loss":0,"event_name":"Big Fish","floor":4,"gold_loss":0,"cards_obtained":["Regret"]},{"damage_healed":0,"gold_gain":0,"player_choice":"Stole Relic","damage_taken":0,"relics_obtained":["Bag of Marbles"],"max_hp_gain":0,"max_hp_loss":0,"event_name":"Addict","floor":19,"gold_loss":0,"cards_obtained":["Shame"]},{"damage_healed":0,"gold_gain":0,"player_choice":"Simplicity","damage_taken":0,"max_hp_gain":0,"max_hp_loss":0,"event_name":"Back to Basics","floor":25,"gold_loss":0,"cards_upgraded":["Defend_G","Defend_G","Defend_G","Defend_G","Defend_G","Strike_G","Strike_G","Strike_G","Strike_G","Strike_G"]}],"is_beta":true,"boss_relics":[{"not_picked":["Sozu","HoveringKite"],"picked":"Velvet Choker"}],"items_purged_floors":[5],"is_endless":false,"potions_floor_spawned":[1,10,12,14,18,20,24],"killed_by":"Champ","ascension_level":20}