{"gold_per_floor":[119,137,137,150,225,256,256,291,291,291,441,459,1,1,1,1],"floor_reached":16,"playtime":610,"items_purged":["Doubt"],"score":216,"play_id":"fc64fd56-a77c-4018-92d3-53fb250f794c","local_time":"20190326153704","is_ascension_mode":true,"campfire_choices":[{"floor":7,"key":"REST"},{"floor":10,"key":"REST"},{"data":"Armaments","floor":15,"key":"SMITH"}],"neow_cost":"NONE","seed_source_timestamp":108857171863626,"circlet_count":0,"master_deck":["AscendersBane","Strike_R","Strike_R","Strike_R","Defend_R","Defend_R","Defend_R","Defend_R","Bash","Inflame","Metallicize","Pommel Strike","Armaments+1","Twin Strike","Shrug It Off"],"relics":["Burning Blood","Potion Belt","Letter Opener","Orichalcum","Happy Flower","Vajra"],"potions_floor_usage":[2,16],"damage_taken":[{"damage":8,"enemies":"2 Louse","floor":1,"turns":4},{"damage":12,"enemies":"Small Slimes","floor":2,"turns":3},{"damage":1,"enemies":"Cultist","floor":4,"turns":4},{"damage":50,"enemies":"Gremlin Nob","floor":6,"turns":5},{"damage":34,"enemies":"Lagavulin","floor":8,"turns":7},{"damage":26,"enemies":"Large Slime","floor":12,"turns":8},{"damage":22,"enemies":"Slime Boss","floor":16,"turns":9}],"seed_played":"-1611128153035683823","potions_obtained":[{"floor":1,"key":"Poison Potion"},{"floor":12,"key":"EssenceOfSteel"}],"is_trial":false,"path_per_floor":["M","M","?","M","?","E","R","E","T","R","?","M","$","?","R","B"],"character_chosen":"IRONCLAD","items_purchased":["Happy Flower","Vajra","Shrug It Off"],"campfire_rested":2,"item_purchase_floors":[13,13,13],"current_hp_per_floor":[73,67,67,72,61,17,41,13,13,37,37,17,17,17,17,0],"gold":1,"neow_bonus":"TEN_PERCENT_HP_BONUS","is_prod":false,"is_daily":false,"chose_seed":false,"campfire_upgraded":1,"win_rate":0,"timestamp":1553629024,"path_taken":["M","M","?","M","?","E","R","E","T","R","?","M","$","?","R","BOSS"],"build_version":"2019-03-15","purchased_purges":1,"victory":false,"max_hp_per_floor":[82,82,82,82,82,82,82,82,82,82,82,82,82,82,82,82],"card_choices":[{"not_picked":["Whirlwind","Hemokinesis"],"picked":"Inflame","floor":1},{"not_picked":["Reckless Charge","Flex"],"picked":"Metallicize","floor":2},{"not_picked":["Bloodletting","Body Slam"],"picked":"Pommel Strike","floor":4},{"not_picked":["Warcry","Hemokinesis","Combust"],"picked":"SKIP","floor":6},{"not_picked":["Wild Strike","Pummel"],"picked":"Armaments","floor":8},{"not_picked":["Clothesline","True Grit"],"picked":"Twin Strike","floor":12}],"player_experience":616113,"relics_obtained":[{"floor":6,"key":"Potion Belt"},{"floor":8,"key":"Letter Opener"},{"floor":9,"key":"Orichalcum"}],"event_choices":[{"cards_removed":["Strike_R"],"damage_healed":0,"gold_gain":0,"player_choice":"Forget","damage_taken":0,"max_hp_gain":0,"max_hp_loss":0,"event_name":"Living Wall","floor":3,"gold_loss":0},{"damage_healed":0,"gold_gain":75,"player_choice":"Gather Gold","damage_taken":11,"max_hp_gain":0,"max_hp_loss":0,"event_name":"World of Goop","floor":5,"gold_loss":0},{"damage_healed":0,"gold_gain":150,"player_choice":"AGREE","damage_taken":0,"max_hp_gain":0,"max_hp_loss":0,"event_name":"Liars Game","floor":11,"gold_loss":0,"cards_obtained":["Doubt"]},{"cards_removed":["Strike_R"],"damage_healed":0,"gold_gain":0,"player_choice":"Purged","damage_taken":0,"max_hp_gain":0,"max_hp_loss":0,"event_name":"Purifier","floor":14,"gold_loss":0}],"is_beta":true,"boss_relics":[],"items_purged_floors":[13],"is_endless":false,"potions_floor_spawned":[1,12],"killed_by":"Slime Boss","ascension_level":20}