{"gold_per_floor":[115,115,36,52,52,52,66,77,122,0,62,62,87,87,87,165,165,175,175,186,196,45,75,75,89,112,132,151,167,167,201,201,275,275,293,309,309,364,364,364,394,394,419,438,463,477,494,254,254,254],"floor_reached":51,"playtime":3229,"items_purged":["Strike_B"],"score":1217,"play_id":"734f8db8-bdc9-42f6-869b-3c5189d0f758","local_time":"20190220201621","is_ascension_mode":true,"campfire_choices":[{"data":"Zap","floor":6,"key":"SMITH"},{"data":"Capacitor","floor":12,"key":"SMITH"},{"floor":15,"key":"REST"},{"data":"Buffer","floor":24,"key":"SMITH"},{"data":"Consume","floor":30,"key":"SMITH"},{"data":"Loop","floor":32,"key":"SMITH"},{"data":"Hologram","floor":40,"key":"SMITH"},{"data":"Hologram","floor":42,"key":"SMITH"},{"data":"Loop","floor":49,"key":"SMITH"}],"neow_cost":"NONE","seed_source_timestamp":32564578202189,"circlet_count":0,"master_deck":["AscendersBane","Defend_B","Defend_B","Defend_B","Defend_B","Zap+1","Dualcast","Hologram","Electrodynamics","Hologram+1","Conserve Battery","Consume+1","Capacitor+1","Cold Snap","Steam","Undo","Buffer+1","Hologram+1","BootSequence","Compile Driver+1","Loop+1","Skim","Hologram+1","Leap","Conserve Battery+1","Meteor Strike","Fusion+1","Sunder","Madness+1","Madness+1","Capacitor+1","Consume+1","Glacier+1","Loop+1"],"relics":["FrozenCore","NeowsBlessing","Bronze Scales","Tiny Chest","Happy Flower","Symbiotic Virus","Ice Cream","Centennial Puzzle","Toxic Egg 2","Busted Crown","Blood Vial","Mummified Hand","Potion Belt","Vajra","Frozen Eye"],"potions_floor_usage":[11,16,16,20,23,33,36,45,46,47,50],"damage_taken":[{"damage":0,"enemies":"2 Louse","floor":1,"turns":1},{"damage":0,"enemies":"Cultist","floor":4,"turns":1},{"damage":0,"enemies":"Jaw Worm","floor":7,"turns":1},{"damage":1,"enemies":"Blue Slaver","floor":8,"turns":3},{"damage":28,"enemies":"Gremlin Nob","floor":11,"turns":5},{"damage":17,"enemies":"3 Sentries","floor":13,"turns":3},{"damage":25,"enemies":"The Guardian","floor":16,"turns":8},{"damage":2,"enemies":"Spheric Guardian","floor":18,"turns":4},{"damage":7,"enemies":"3 Byrds","floor":20,"turns":2},{"damage":7,"enemies":"Cultist and Chosen","floor":21,"turns":7},{"damage":3,"enemies":"Gremlin Leader","floor":23,"turns":7},{"damage":0,"enemies":"Snecko","floor":25,"turns":7},{"damage":7,"enemies":"3 Cultists","floor":27,"turns":5},{"damage":4,"enemies":"Centurion and Healer","floor":28,"turns":7},{"damage":9,"enemies":"Snecko","floor":29,"turns":5},{"damage":8,"enemies":"Book of Stabbing","floor":31,"turns":5},{"damage":13,"enemies":"Collector","floor":33,"turns":9},{"damage":0,"enemies":"Orb Walker","floor":35,"turns":4},{"damage":0,"enemies":"3 Shapes","floor":36,"turns":6},{"damage":8,"enemies":"Nemesis","floor":41,"turns":11},{"damage":0,"enemies":"Maw","floor":44,"turns":7},{"damage":6,"enemies":"Reptomancer","floor":45,"turns":8},{"damage":0,"enemies":"Transient","floor":46,"turns":5},{"damage":8,"enemies":"3 Darklings","floor":47,"turns":3},{"damage":8,"enemies":"Awakened One","floor":50,"turns":17}],"seed_played":"2136107134953166456","potions_obtained":[{"floor":1,"key":"SpeedPotion"},{"floor":7,"key":"Weak Potion"},{"floor":13,"key":"PowerPotion"},{"floor":18,"key":"Weak Potion"},{"floor":21,"key":"Regen Potion"},{"floor":23,"key":"SpeedPotion"},{"floor":27,"key":"FocusPotion"},{"floor":33,"key":"Dexterity Potion"},{"floor":36,"key":"Fire Potion"},{"floor":44,"key":"EssenceOfSteel"},{"floor":46,"key":"Regen Potion"}],"is_trial":false,"path_per_floor":["M","?","$","M","?","R","M","M","T","$","E","R","E","T","R","B",null,"M","?","M","M","$","E","R","M","T","M","M","M","R","E","R","B",null,"M","M","?","T","?","R","E","R","T","M","E","M","M","$","R","B",null],"character_chosen":"DEFECT","items_purchased":["Electrodynamics","Capacitor","Cold Snap","Loop","Loop","Frozen Eye"],"campfire_rested":1,"item_purchase_floors":[3,10,10,22,48,48],"current_hp_per_floor":[68,68,68,68,61,61,61,60,60,60,32,32,15,15,37,12,59,57,57,50,43,43,55,55,55,55,48,44,35,35,27,27,14,60,60,60,51,51,51,51,45,45,45,47,43,45,48,48,48,42],"gold":254,"neow_bonus":"THREE_ENEMY_KILL","is_prod":false,"is_daily":false,"chose_seed":false,"campfire_upgraded":8,"win_rate":0,"timestamp":1550711781,"path_taken":["M","?","$","?","?","R","M","M","T","$","E","R","E","?","R","BOSS","M","?","M","M","$","E","R","M","T","M","?","?","R","E","R","BOSS","M","M","?","?","?","R","E","R","T","M","E","M","?","$","R","BOSS"],"build_version":"2019-02-06","purchased_purges":1,"victory":true,"max_hp_per_floor":[75,75,75,75,75,75,75,75,75,75,75,75,75,75,75,75,75,75,75,75,75,75,75,75,75,75,75,75,75,75,75,75,75,75,75,75,75,75,75,75,75,75,75,75,75,75,75,75,75,75],"card_choices":[{"not_picked":["Static Discharge","Coolheaded"],"picked":"Hologram","floor":1},{"not_picked":["Ball Lightning","Streamline"],"picked":"Hologram","floor":4},{"not_picked":["Undo","Steam"],"picked":"Conserve Battery","floor":7},{"not_picked":["Barrage","Turbo"],"picked":"Consume","floor":8},{"not_picked":["Fusion","Heatsinks"],"picked":"Steam","floor":11},{"not_picked":["Hyperbeam","Chaos"],"picked":"Undo","floor":13},{"not_picked":["Multi-Cast","Rainbow"],"picked":"Buffer","floor":16},{"not_picked":["Undo","Coolheaded"],"picked":"Hologram","floor":18},{"not_picked":["Doom and Gloom","Beam Cell"],"picked":"BootSequence","floor":20},{"not_picked":["Go for the Eyes","Ball Lightning"],"picked":"Compile Driver+1","floor":21},{"not_picked":["Barrage","Thunder Strike"],"picked":"Skim","floor":23},{"not_picked":["Coolheaded","Cold Snap"],"picked":"Hologram+1","floor":25},{"not_picked":["Doom and Gloom","Go for the Eyes","Stack"],"picked":"SKIP","floor":27},{"not_picked":["Go for the Eyes","BootSequence"],"picked":"Leap","floor":28},{"not_picked":["Barrage","Reprogram","Beam Cell"],"picked":"SKIP","floor":29},{"not_picked":["Reprogram","Go for the Eyes"],"picked":"Conserve Battery","floor":31},{"not_picked":["Creative AI","Reboot+1"],"picked":"Meteor Strike","floor":33},{"not_picked":[],"picked":"Fusion+1","floor":35},{"not_picked":[],"picked":"Sunder","floor":36},{"not_picked":["Rip and Tear+1"],"picked":"SKIP","floor":41},{"not_picked":[],"picked":"Consume+1","floor":44},{"not_picked":["Streamline"],"picked":"SKIP","floor":45},{"not_picked":[],"picked":"Glacier+1","floor":46},{"not_picked":["Barrage+1"],"picked":"SKIP","floor":47}],"player_experience":404547,"relics_obtained":[{"floor":9,"key":"Bronze Scales"},{"floor":11,"key":"Tiny Chest"},{"floor":13,"key":"Happy Flower"},{"floor":14,"key":"Symbiotic Virus"},{"floor":23,"key":"Ice Cream"},{"floor":26,"key":"Centennial Puzzle"},{"floor":31,"key":"Toxic Egg 2"},{"floor":38,"key":"Blood Vial"},{"floor":41,"key":"Mummified Hand"},{"floor":43,"key":"Potion Belt"},{"floor":45,"key":"Vajra"}],"event_choices":[{"cards_removed":["Strike_B"],"damage_healed":0,"gold_gain":0,"player_choice":"Purged","damage_taken":0,"max_hp_gain":0,"max_hp_loss":0,"event_name":"Purifier","floor":2,"gold_loss":0},{"cards_removed":["Strike_B"],"damage_healed":0,"gold_gain":0,"player_choice":"Card Removal","damage_taken":7,"max_hp_gain":0,"max_hp_loss":0,"event_name":"Golden Wing","floor":5,"gold_loss":0},{"cards_removed":["Strike_B"],"damage_healed":0,"gold_gain":0,"player_choice":"Purged","damage_taken":0,"max_hp_gain":0,"max_hp_loss":0,"event_name":"Purifier","floor":19,"gold_loss":0},{"damage_healed":0,"gold_gain":0,"player_choice":"Embrace Madness","damage_taken":9,"max_hp_gain":0,"max_hp_loss":0,"event_name":"Winding Halls","floor":37,"gold_loss":0,"cards_obtained":["Madness","Madness"]},{"damage_healed":0,"gold_gain":0,"player_choice":"Copied","damage_taken":0,"max_hp_gain":0,"max_hp_loss":0,"event_name":"Duplicator","floor":39,"gold_loss":0,"cards_obtained":["Capacitor"]}],"is_beta":true,"boss_relics":[{"not_picked":["Cursed Key","White Beast Statue"],"picked":"FrozenCore"},{"not_picked":["Sozu","Velvet Choker"],"picked":"Busted Crown"}],"items_purged_floors":[22],"is_endless":false,"potions_floor_spawned":[1,7,8,13,18,21,23,27,33,36,41,44,46],"ascension_level":13}