{"gold_per_floor":[17,17,35,35,6,38,38,49,74,86,111,111,111,131,131,210,210,210,210,150,75,75,75,75,0,0,0,0,0,0,0],"floor_reached":31,"playtime":1331,"items_purged":["Pain"],"score":524,"play_id":"a62341c8-c20d-4f70-890b-a1e2b3276580","local_time":"20190313093653","is_ascension_mode":true,"campfire_choices":[{"data":"Zap","floor":7,"key":"SMITH"},{"data":"Defragment","floor":13,"key":"SMITH"},{"data":"Dualcast","floor":15,"key":"SMITH"},{"data":"All For One","floor":23,"key":"SMITH"},{"data":"Loop","floor":29,"key":"SMITH"}],"neow_cost":"NO_GOLD","seed_source_timestamp":22112462484726,"circlet_count":0,"master_deck":["AscendersBane","Defend_B","Defend_B+1","Defend_B","Zap+1","Dualcast+1","Hologram+1","Conserve Battery","Gash","Defragment+1","Cold Snap","Gash","All For One+1","Steam","Steam+1","Melter","Barrage","Loop+1","FTL+1","Gash"],"relics":["Cracked Core","Symbiotic Virus","Pantograph","War Paint","Oddly Smooth Stone","Ectoplasm","WarpedTongs","Prayer Wheel","Strawberry","FossilizedHelix","Lantern"],"potions_floor_usage":[6,14,18,24,30],"damage_taken":[{"damage":7,"enemies":"Jaw Worm","floor":1,"turns":4},{"damage":0,"enemies":"2 Louse","floor":3,"turns":3},{"damage":14,"enemies":"Gremlin Nob","floor":6,"turns":4},{"damage":0,"enemies":"Cultist","floor":8,"turns":3},{"damage":16,"enemies":"3 Louse","floor":10,"turns":3},{"damage":13,"enemies":"3 Sentries","floor":11,"turns":7},{"damage":0,"enemies":"Gremlin Gang","floor":14,"turns":3},{"damage":54,"enemies":"Slime Boss","floor":16,"turns":11},{"damage":0,"enemies":"3 Byrds","floor":18,"turns":2},{"damage":13,"enemies":"2 Thieves","floor":20,"turns":3},{"damage":22,"enemies":"Book of Stabbing","floor":24,"turns":5},{"damage":0,"enemies":"Sentry and Sphere","floor":27,"turns":2},{"damage":5,"enemies":"3 Cultists","floor":28,"turns":6},{"damage":7,"enemies":"Gremlin Leader","floor":30,"turns":7},{"damage":19,"enemies":"Snake Plant","floor":31,"turns":2}],"seed_played":"525082029047976804","potions_obtained":[{"floor":1,"key":"Block Potion"},{"floor":10,"key":"LiquidBronze"},{"floor":11,"key":"AttackPotion"},{"floor":16,"key":"SteroidPotion"},{"floor":18,"key":"Ancient Potion"},{"floor":27,"key":"Dexterity Potion"}],"is_trial":false,"path_per_floor":["M","?","M","T","$","E","R","M","T","M","E","?","R","M","R","B",null,"M","?","M","$","T","R","E","?","T","M","M","R","E","M"],"character_chosen":"DEFECT","items_purchased":["Conserve Battery"],"campfire_rested":0,"item_purchase_floors":[5],"current_hp_per_floor":[57,57,57,57,57,43,43,43,43,27,14,37,37,37,37,8,55,55,55,42,42,42,42,27,27,27,27,22,22,15,0],"gold":0,"neow_bonus":"REMOVE_TWO","is_prod":false,"is_daily":false,"chose_seed":false,"campfire_upgraded":5,"win_rate":0,"timestamp":1552484213,"path_taken":["M","?","M","?","$","E","R","M","T","M","E","?","R","M","R","BOSS","M","?","M","$","?","R","E","?","T","?","M","R","E","M"],"build_version":"2019-02-06","purchased_purges":1,"victory":false,"max_hp_per_floor":[71,71,71,71,71,71,71,71,71,71,71,71,71,71,71,71,71,71,71,71,71,71,71,78,78,78,78,78,78,78,78],"card_choices":[{"not_picked":["Auto Shields","Stack","Melter"],"picked":"SKIP","floor":1},{"not_picked":["Auto Shields","Turbo"],"picked":"Hologram","floor":3},{"not_picked":["Sunder","Conserve Battery"],"picked":"Gash","floor":6},{"not_picked":["Ball Lightning","Cold Snap"],"picked":"Defragment","floor":8},{"not_picked":["Auto Shields","Hello World"],"picked":"Cold Snap","floor":10},{"not_picked":["Sunder","Conserve Battery"],"picked":"Gash","floor":11},{"not_picked":["Aggregate","Redo","Storm"],"picked":"SKIP","floor":14},{"not_picked":["Rainbow","Multi-Cast"],"picked":"All For One","floor":16},{"not_picked":["Conserve Battery","Turbo","Redo"],"picked":"SKIP","floor":18},{"not_picked":["Turbo","Redo"],"picked":"Steam","floor":20},{"not_picked":["Biased Cognition","Sunder"],"picked":"Steam+1","floor":24},{"not_picked":["Steam","Compile Driver"],"picked":"Loop","floor":27},{"not_picked":["Consume","Compile Driver","Doom and Gloom"],"picked":"SKIP","floor":27},{"not_picked":["Turbo+1","Sweeping Beam"],"picked":"FTL+1","floor":28},{"not_picked":["Turbo","Sunder"],"picked":"Gash","floor":28},{"not_picked":["Cold Snap","Barrage","Compile Driver"],"picked":"SKIP","floor":30}],"player_experience":487033,"relics_obtained":[{"floor":4,"key":"Symbiotic Virus"},{"floor":6,"key":"Pantograph"},{"floor":9,"key":"War Paint"},{"floor":11,"key":"Oddly Smooth Stone"},{"floor":22,"key":"Prayer Wheel"},{"floor":24,"key":"Strawberry"},{"floor":26,"key":"FossilizedHelix"},{"floor":30,"key":"Lantern"}],"event_choices":[{"cards_removed":["Defend_B"],"damage_healed":0,"gold_gain":0,"player_choice":"Forget","damage_taken":0,"max_hp_gain":0,"max_hp_loss":0,"event_name":"Living Wall","floor":2,"gold_loss":0},{"damage_healed":23,"gold_gain":0,"player_choice":"Banana","damage_taken":0,"max_hp_gain":0,"max_hp_loss":0,"event_name":"Big Fish","floor":12,"gold_loss":0},{"damage_healed":0,"gold_gain":0,"player_choice":"Rummage","damage_taken":0,"relics_obtained":["WarpedTongs"],"max_hp_gain":0,"max_hp_loss":0,"event_name":"Accursed Blacksmith","floor":19,"gold_loss":0,"cards_obtained":["Pain"]},{"damage_healed":0,"gold_gain":0,"cards_transformed":["Strike_B","Strike_B"],"player_choice":"Transformed Cards","damage_taken":0,"max_hp_gain":0,"max_hp_loss":0,"event_name":"Designer","floor":25,"gold_loss":75,"cards_obtained":["Melter","Barrage"]}],"is_beta":true,"boss_relics":[{"not_picked":["Calling Bell","Runic Dome"],"picked":"Ectoplasm"}],"items_purged_floors":[21],"is_endless":false,"potions_floor_spawned":[1,10,11,16,18,27],"killed_by":"Snake Plant","ascension_level":17}