{"gold_per_floor":[112,124,139,152,163,163,190,190,190,190,265,265,78,90,90,166,166,185,162,162,182,20,20,20],"floor_reached":24,"playtime":1364,"items_purged":["Strike_B"],"score":401,"play_id":"f6a5a675-2089-47f0-8abe-0655e7cfbfb3","local_time":"20190318154259","is_ascension_mode":true,"campfire_choices":[{"floor":6,"key":"REST"},{"floor":8,"key":"REST"},{"floor":10,"key":"REST"},{"data":"Hologram","floor":15,"key":"SMITH"},{"floor":23,"key":"REST"}],"neow_cost":"NONE","seed_source_timestamp":24043036952831,"circlet_count":0,"master_deck":["AscendersBane","Defend_B","Defend_B","Defend_B","Defend_B","Zap","Dualcast","Hologram+1","Sweeping Beam","Steam","Doom and Gloom","Rebound","Genetic Algorithm","Redo","Doom and Gloom","Auto Shields","All For One","Conserve Battery","Turbo","Bite","Bite","Bite","Bite","Bite","FTL+1"],"relics":["Cracked Core","Dodecahedron","Bag of Marbles","Strawberry","Cursed Key","DataDisk"],"potions_floor_usage":[16,19,21,24],"damage_taken":[{"damage":10,"enemies":"Small Slimes","floor":1,"turns":3},{"damage":4,"enemies":"Jaw Worm","floor":2,"turns":4},{"damage":6,"enemies":"Cultist","floor":3,"turns":3},{"damage":26,"enemies":"Large Slime","floor":4,"turns":6},{"damage":10,"enemies":"Looter","floor":5,"turns":4},{"damage":26,"enemies":"3 Sentries","floor":7,"turns":5},{"damage":0,"enemies":"Exordium Thugs","floor":14,"turns":4},{"damage":52,"enemies":"Hexaghost","floor":16,"turns":10},{"damage":8,"enemies":"Chosen","floor":18,"turns":4},{"damage":10,"enemies":"2 Thieves","floor":19,"turns":4},{"damage":53,"enemies":"Chosen and Byrds","floor":21,"turns":7},{"damage":37,"enemies":"Snake Plant","floor":24,"turns":5}],"seed_played":"6820909605902891605","potions_obtained":[{"floor":3,"key":"Ancient Potion"},{"floor":4,"key":"Ancient Potion"},{"floor":14,"key":"Regen Potion"},{"floor":16,"key":"Block Potion"},{"floor":21,"key":"GamblersBrew"}],"is_trial":false,"path_per_floor":["M","M","M","M","M","R","E","R","T","R","?","?","$","M","R","B",null,"M","M","?","M","$","R","M"],"character_chosen":"DEFECT","items_purchased":["Redo","Doom and Gloom","DataDisk"],"campfire_rested":4,"item_purchase_floors":[13,13,22],"current_hp_per_floor":[61,57,51,25,15,38,12,35,35,58,47,43,43,43,43,6,65,57,47,47,10,10,27,0],"gold":20,"neow_bonus":"TEN_PERCENT_HP_BONUS","is_prod":false,"is_daily":false,"chose_seed":false,"campfire_upgraded":1,"win_rate":0,"timestamp":1552938179,"path_taken":["M","M","M","M","M","R","E","R","T","R","?","?","?","M","R","BOSS","M","M","?","M","$","R","M"],"build_version":"2019-03-15","purchased_purges":1,"victory":false,"max_hp_per_floor":[78,78,78,78,78,78,78,78,78,78,78,85,85,85,85,85,85,85,85,59,59,59,59,59],"card_choices":[{"not_picked":["Auto Shields","Redo"],"picked":"Hologram","floor":1},{"not_picked":["Skim","Streamline"],"picked":"Sweeping Beam","floor":2},{"not_picked":["Fission","Barrage"],"picked":"Steam","floor":3},{"not_picked":["Tempest","Genetic Algorithm"],"picked":"Doom and Gloom","floor":4},{"not_picked":["Gash","Steam Power"],"picked":"Rebound","floor":5},{"not_picked":["Ball Lightning","Fusion"],"picked":"Genetic Algorithm","floor":7},{"not_picked":["Streamline","Stack"],"picked":"Auto Shields","floor":14},{"not_picked":["Core Surge","Creative AI"],"picked":"All For One","floor":16},{"not_picked":["Heatsinks","Sweeping Beam"],"picked":"Conserve Battery","floor":18},{"not_picked":["Rebound","Sweeping Beam+1"],"picked":"Turbo","floor":19},{"not_picked":["Rip and Tear","BootSequence"],"picked":"FTL+1","floor":21}],"player_experience":570750,"relics_obtained":[{"floor":7,"key":"Dodecahedron"},{"floor":9,"key":"Bag of Marbles"}],"event_choices":[{"damage_healed":0,"gold_gain":75,"player_choice":"Gather Gold","damage_taken":11,"max_hp_gain":0,"max_hp_loss":0,"event_name":"World of Goop","floor":11,"gold_loss":0},{"damage_healed":0,"gold_gain":0,"player_choice":"Success","damage_taken":11,"relics_obtained":["Strawberry"],"max_hp_gain":0,"max_hp_loss":0,"event_name":"Scrap Ooze","floor":12,"gold_loss":0},{"damage_healed":0,"gold_gain":0,"player_choice":"Became a vampire","damage_taken":0,"max_hp_gain":0,"max_hp_loss":26,"event_name":"Vampires","floor":20,"gold_loss":0,"cards_obtained":["Bite","Bite","Bite","Bite","Bite"]}],"is_beta":true,"boss_relics":[{"not_picked":["Tiny House","FrozenCore"],"picked":"Cursed Key"}],"items_purged_floors":[13],"is_endless":false,"potions_floor_spawned":[3,4,14,16,21],"killed_by":"Snake Plant","ascension_level":18}