{"gold_per_floor":[113,63,9,9,9,9,29,41,41,41,51,51,51,67,67,165,165,181,57,57,1,1,35,35,49,73,93,93,111,111,131,131,228,228,242,47,147,165,179,195,195,206,206,206,206,132,164,3,3,3],"floor_reached":50,"playtime":2011,"items_purged":[],"score":504,"play_id":"f4906f86-f482-43d7-940d-387910da531b","local_time":"20190305072438","is_ascension_mode":true,"campfire_choices":[{"data":"Cold Snap","floor":6,"key":"SMITH"},{"data":"Sunder","floor":10,"key":"SMITH"},{"data":"Static Discharge","floor":12,"key":"SMITH"},{"data":"Redo","floor":15,"key":"SMITH"},{"floor":24,"key":"REST"},{"floor":28,"key":"REST"},{"data":"Buffer","floor":30,"key":"SMITH"},{"floor":32,"key":"REST"},{"data":"Defragment","floor":41,"key":"SMITH"},{"data":"Loop","floor":45,"key":"SMITH"},{"data":"Capacitor","floor":49,"key":"SMITH"}],"neow_cost":"NONE","seed_source_timestamp":11551466311929,"circlet_count":0,"master_deck":["Strike_B","Defend_B","Defend_B","Defend_B","Defend_B","Zap","Dualcast","Cold Snap+1","Redo+1","Rebound+1","Sunder+1","Static Discharge+1","Go for the Eyes","Melter","Loop+1","Defragment+1","Buffer+1","Capacitor+1","Chill+1","Cold Snap+1","FTL+1","Echo Form","Coolheaded+1","Lockon+1","Gash+1","Turbo","Bandage Up","Rebound+1"],"relics":["Cracked Core","Regal Pillow","The Courier","Lizard Tail","Enchiridion","Ornamental Fan","Vajra","Eternal Feather","Bottled Tornado","Calipers","Emotion Chip","Darkstone Periapt","Lee\u0027s Waffle"],"potions_floor_usage":[17,27,33,33,39,42,47,47,50],"damage_taken":[{"damage":6,"enemies":"2 Louse","floor":1,"turns":3},{"damage":0,"enemies":"Small Slimes","floor":7,"turns":3},{"damage":0,"enemies":"Cultist","floor":8,"turns":3},{"damage":7,"enemies":"Blue Slaver","floor":11,"turns":3},{"damage":13,"enemies":"Exordium Thugs","floor":14,"turns":4},{"damage":24,"enemies":"Slime Boss","floor":16,"turns":8},{"damage":17,"enemies":"3 Byrds","floor":18,"turns":3},{"damage":27,"enemies":"Book of Stabbing","floor":23,"turns":3},{"damage":26,"enemies":"2 Thieves","floor":25,"turns":4},{"damage":11,"enemies":"Centurion and Healer","floor":27,"turns":8},{"damage":16,"enemies":"Shelled Parasite and Fungi","floor":29,"turns":5},{"damage":30,"enemies":"Snake Plant","floor":31,"turns":4},{"damage":16,"enemies":"Automaton","floor":33,"turns":11},{"damage":19,"enemies":"3 Shapes","floor":35,"turns":7},{"damage":8,"enemies":"Mind Bloom Boss Battle","floor":37,"turns":6},{"damage":26,"enemies":"3 Darklings","floor":38,"turns":3},{"damage":14,"enemies":"4 Shapes","floor":39,"turns":5},{"damage":25,"enemies":"Transient","floor":40,"turns":5},{"damage":16,"enemies":"Sphere and 2 Shapes","floor":42,"turns":6},{"damage":25,"enemies":"Nemesis","floor":47,"turns":11},{"damage":85,"enemies":"Awakened One","floor":50,"turns":13}],"seed_played":"-1865186611854114944","potions_obtained":[{"floor":7,"key":"Strength Potion"},{"floor":16,"key":"Fruit Juice"},{"floor":29,"key":"Weak Potion"},{"floor":31,"key":"SkillPotion"},{"floor":33,"key":"Strength Potion"},{"floor":38,"key":"Fire Potion"},{"floor":40,"key":"LiquidBronze"},{"floor":42,"key":"Swift Potion"},{"floor":47,"key":"Weak Potion"}],"is_trial":false,"path_per_floor":["M","?","$","?","?","R","M","M","T","R","M","R","?","M","R","B",null,"M","$","?","$","?","E","R","M","T","M","R","M","R","M","R","B",null,"M","$","?","M","M","M","R","M","T","?","R","$","E","$","R","B"],"character_chosen":"DEFECT","items_purchased":["Redo","Melter","Loop","Defragment","Bottled Tornado","Bandage Up","Lee\u0027s Waffle"],"campfire_rested":3,"item_purchase_floors":[3,19,19,21,36,46,48],"current_hp_per_floor":[76,76,76,64,64,64,64,64,64,64,57,57,57,44,44,20,87,70,70,54,54,54,27,68,42,42,31,72,56,56,26,67,51,87,68,68,60,34,20,43,58,42,42,76,76,76,51,83,83,0],"gold":3,"neow_bonus":"TEN_PERCENT_HP_BONUS","is_prod":false,"is_daily":false,"chose_seed":false,"campfire_upgraded":8,"win_rate":0,"timestamp":1551799478,"path_taken":["M","?","$","?","?","R","M","?","T","R","M","R","?","M","R","BOSS","M","$","?","$","?","E","R","M","T","M","R","M","R","M","R","BOSS","M","$","?","M","M","M","R","M","T","?","R","$","E","$","R","BOSS"],"build_version":"2019-01-23","purchased_purges":0,"victory":false,"max_hp_per_floor":[82,82,82,82,82,82,82,82,82,82,82,82,82,82,82,82,87,87,87,87,87,87,87,87,87,87,87,87,87,87,87,87,87,87,87,87,87,87,87,87,87,87,87,76,76,76,76,83,83,83],"card_choices":[{"not_picked":["Hologram","Stack"],"picked":"Cold Snap","floor":1},{"not_picked":["Steam","Leap"],"picked":"Rebound","floor":7},{"not_picked":["Turbo","Rebound"],"picked":"Sunder","floor":8},{"not_picked":["Reinforced Body","Reprogram"],"picked":"Static Discharge","floor":11},{"not_picked":["Multi-Cast","Redo"],"picked":"Go for the Eyes","floor":14},{"not_picked":["Fusion","Hologram","Chaos+1"],"picked":"SKIP","floor":18},{"not_picked":["Scrape","Ball Lightning"],"picked":"Capacitor","floor":23},{"not_picked":["Scrape","Rip and Tear+1"],"picked":"Chill+1","floor":25},{"not_picked":["Turbo","Sweeping Beam","Stack"],"picked":"SKIP","floor":27},{"not_picked":["Streamline","Tempest"],"picked":"Cold Snap+1","floor":29},{"not_picked":["Redo","Recycle+1"],"picked":"FTL+1","floor":31},{"not_picked":["Rainbow","Electrodynamics"],"picked":"Echo Form","floor":33},{"not_picked":["Beam Cell","Cold Snap"],"picked":"Coolheaded+1","floor":35},{"not_picked":["Rip and Tear","Coolheaded+1","Skim"],"picked":"SKIP","floor":38},{"not_picked":["Conserve Battery+1","Melter"],"picked":"Lockon+1","floor":39},{"not_picked":["Auto Shields","Stack"],"picked":"Gash+1","floor":40},{"not_picked":["Aggregate","Auto Shields"],"picked":"Turbo","floor":42},{"not_picked":["Fission","Gash"],"picked":"Rebound+1","floor":47}],"player_experience":300929,"relics_obtained":[{"floor":9,"key":"The Courier"},{"floor":20,"key":"Enchiridion"},{"floor":23,"key":"Ornamental Fan"},{"floor":26,"key":"Vajra"},{"floor":37,"key":"Calipers"},{"floor":43,"key":"Emotion Chip"},{"floor":47,"key":"Darkstone Periapt"}],"event_choices":[{"cards_removed":["Strike_B"],"damage_healed":0,"gold_gain":0,"player_choice":"Card Removal","damage_taken":0,"max_hp_gain":0,"max_hp_loss":0,"event_name":"The Cleric","floor":2,"gold_loss":50},{"damage_healed":0,"gold_gain":0,"player_choice":"Success","damage_taken":12,"relics_obtained":["Regal Pillow"],"max_hp_gain":0,"max_hp_loss":0,"event_name":"Scrap Ooze","floor":4,"gold_loss":0},{"cards_removed":["Strike_B"],"damage_healed":0,"gold_gain":0,"player_choice":"Offered Basic","damage_taken":0,"max_hp_gain":0,"max_hp_loss":0,"event_name":"Bonfire Elementals","floor":5,"gold_loss":0},{"damage_healed":0,"gold_gain":0,"player_choice":"Forge","damage_taken":0,"max_hp_gain":0,"max_hp_loss":0,"event_name":"Accursed Blacksmith","floor":13,"gold_loss":0,"cards_upgraded":["Rebound"]},{"damage_healed":0,"gold_gain":0,"player_choice":"Obtained Book","damage_taken":16,"max_hp_gain":0,"max_hp_loss":0,"event_name":"Cursed Tome","floor":20,"gold_loss":0},{"damage_healed":0,"gold_gain":0,"cards_transformed":["Strike_B"],"player_choice":"Transformed","damage_taken":0,"max_hp_gain":0,"max_hp_loss":0,"event_name":"Transmorgrifier","floor":22,"gold_loss":0,"cards_obtained":["Buffer"]},{"damage_healed":0,"gold_gain":0,"player_choice":"Fight","damage_taken":0,"max_hp_gain":0,"max_hp_loss":0,"event_name":"MindBloom","floor":37,"gold_loss":0},{"damage_healed":76,"gold_gain":0,"player_choice":"Heal","damage_taken":0,"max_hp_gain":0,"max_hp_loss":11,"event_name":"The Moai Head","floor":44,"gold_loss":0}],"is_beta":false,"boss_relics":[{"not_picked":["White Beast Statue","Busted Crown"],"picked":"Lizard Tail"},{"not_picked":["Tiny House","Calling Bell"],"picked":"Eternal Feather"}],"items_purged_floors":[],"is_endless":false,"potions_floor_spawned":[7,16,29,31,33,38,40,42,47],"killed_by":"Awakened One","ascension_level":1}