{"gold_per_floor":[115,11,11,21,39,39,4,4,4,24,52,65,91,91,91,91,91,101,113,127,49,49,49,49],"floor_reached":24,"playtime":2187,"items_purged":["Shame"],"score":512,"play_id":"0d54b970-fd69-4ec7-862d-b50dee14ea21","local_time":"20181003213631","is_ascension_mode":true,"campfire_choices":[{"data":"Buffer","floor":6.0,"key":"SMITH"},{"data":"Dualcast","floor":8.0,"key":"SMITH"},{"floor":15.0,"key":"REST"},{"floor":23,"key":"REST"}],"neow_cost":"CURSE","seed_source_timestamp":0,"circlet_count":0,"master_deck":["Strike_B","Strike_B","Defend_B","Defend_B","Defend_B","Defend_B","Zap","Dualcast+1","AscendersBane","Buffer+1","Reinforced Body","Cold Snap","Coolheaded","Cold Snap","Turbo","Sweeping Beam","Cold Snap","Darkness","Capacitor"],"special_seed":0,"relics":["Cracked Core","Pocketwatch","Singing Bowl","Omamori","Mummified Hand","Runic Dome"],"potions_floor_usage":[20,20],"damage_taken":[{"damage":0.0,"enemies":"Cultist","floor":1.0,"turns":4.0},{"damage":0.0,"enemies":"Jaw Worm","floor":4.0,"turns":6.0},{"damage":7.0,"enemies":"2 Louse","floor":5.0,"turns":5.0},{"damage":10.0,"enemies":"Large Slime","floor":10.0,"turns":6.0},{"damage":6.0,"enemies":"Gremlin Nob","floor":11.0,"turns":7.0},{"damage":14.0,"enemies":"Gremlin Gang","floor":12.0,"turns":4.0},{"damage":11.0,"enemies":"3 Sentries","floor":13.0,"turns":8.0},{"damage":0.0,"enemies":"Slime Boss","floor":16.0,"turns":7.0},{"damage":12.0,"enemies":"3 Byrds","floor":18.0,"turns":5.0},{"damage":5.0,"enemies":"Shell Parasite","floor":19.0,"turns":6.0},{"damage":21,"enemies":"Cultist and Chosen","floor":20,"turns":10},{"damage":10,"enemies":"Colosseum Slavers","floor":22,"turns":7},{"damage":35,"enemies":"Gremlin Leader","floor":24,"turns":8}],"seed_played":"498755076574022242","potions_obtained":[{"floor":4.0,"key":"Ancient Potion"},{"floor":10.0,"key":"Block Potion"},{"floor":13.0,"key":"Energy Potion"},{"floor":20,"key":"Block Potion"}],"is_trial":false,"path_per_floor":["M","$","$","M","M","R","?","R","T","M","E","M","E","?","R","B",null,"M","M","M","$","?","R"],"character_chosen":"DEFECT","items_purchased":["Coolheaded","Capacitor"],"campfire_rested":2,"item_purchase_floors":[2,21],"current_hp_per_floor":[64,64,64,64,57,57,71,71,71,61,55,41,30,12,33,33,62,52,49,30,30,20,43,8],"gold":49,"neow_bonus":"TRANSFORM_TWO_CARDS","is_prod":false,"is_daily":false,"chose_seed":false,"campfire_upgraded":2,"win_rate":0,"timestamp":1538616991,"path_taken":["M","?","$","M","M","R","?","R","T","M","E","?","E","?","R","BOSS","M","M","?","$","?","R","E"],"build_version":"2018-09-27","purchased_purges":1,"victory":false,"max_hp_per_floor":[71,71,71,71,71,71,71,71,71,71,71,71,71,71,71,71,71,73,75,77,77,77,77,77],"card_choices":[{"not_picked":["Beam Cell","Go for the Eyes"],"picked":"Cold Snap","floor":1.0},{"not_picked":["Barrage","Undo"],"picked":"Cold Snap","floor":4.0},{"not_picked":["Double Energy","Beam Cell","Hello World"],"picked":"SKIP","floor":5.0},{"not_picked":["Streamline","Doom and Gloom"],"picked":"Turbo","floor":10.0},{"not_picked":["Stack","Barrage"],"picked":"Sweeping Beam","floor":11.0},{"not_picked":["Barrage","Go for the Eyes"],"picked":"Cold Snap","floor":12.0},{"not_picked":["Go for the Eyes","Cold Snap"],"picked":"Darkness","floor":13.0},{"not_picked":["Coolheaded","Go for the Eyes","Gash"],"picked":"Singing Bowl","floor":18.0},{"not_picked":["Barrage","Ball Lightning","Leap"],"picked":"Singing Bowl","floor":19.0},{"not_picked":["Rainbow","Redo","Consume"],"picked":"Singing Bowl","floor":20}],"player_experience":915110,"relics_obtained":[{"floor":9.0,"key":"Pocketwatch"},{"floor":11.0,"key":"Singing Bowl"},{"floor":13.0,"key":"Omamori"}],"event_choices":[{"event_name":"The Cleric","player_choice":"Healed","floor":7.0,"damage_taken":0.0},{"event_name":"Scrap Ooze","player_choice":"success","floor":14.0,"damage_taken":18.0},{"event_name":"Colosseum","player_choice":"Fight","floor":22,"damage_taken":0},{"event_name":"Colosseum","player_choice":"Fled From Nobs","floor":22,"damage_taken":0}],"is_beta":false,"boss_relics":[{"not_picked":["Snecko Eye","Fusion Hammer"],"picked":"Runic Dome"}],"items_purged_floors":[2],"is_endless":false,"potions_floor_spawned":[4,10,13,16,20,22],"killed_by":"Gremlin Leader","ascension_level":20}