{"gold_per_floor":[112,130,55,74,88,88,114,114,138,165,165,265,22,41,41,145,145,165,165,165,17,28,28,40,40],"floor_reached":25,"playtime":809,"items_purged":["Strike_B","Strike_B"],"score":222,"play_id":"0900bdbf-950e-418d-b34d-d644fbe50b45","local_time":"20190228055822","is_ascension_mode":true,"campfire_choices":[{"data":"Zap","floor":6,"key":"SMITH"},{"data":"Sunder","floor":11,"key":"SMITH"},{"floor":15,"key":"REST"},{"data":"Fission","floor":23,"key":"SMITH"}],"neow_cost":"NONE","seed_source_timestamp":655224929574935,"circlet_count":0,"master_deck":["Strike_B","Strike_B","Defend_B","Defend_B","Defend_B","Defend_B","Zap+1","Dualcast","Gash","Redo","Sweeping Beam","Sunder+1","Fission+1","Chaos","Beam Cell","Turbo","Rainbow","Gash","Finesse+1","Self Repair+1"],"relics":["Cracked Core","NeowsBlessing","Bronze Scales","Dream Catcher","Oddly Smooth Stone","Potion Belt","PreservedInsect","Inserter","Toxic Egg 2"],"potions_floor_usage":[5,7,16,24,25],"damage_taken":[{"damage":0,"enemies":"Small Slimes","floor":1,"turns":1},{"damage":0,"enemies":"Jaw Worm","floor":2,"turns":1},{"damage":0,"enemies":"Cultist","floor":4,"turns":1},{"damage":7,"enemies":"2 Fungi Beasts","floor":5,"turns":3},{"damage":30,"enemies":"3 Sentries","floor":7,"turns":8},{"damage":30,"enemies":"Lagavulin","floor":10,"turns":7},{"damage":4,"enemies":"Exordium Thugs","floor":14,"turns":3},{"damage":21,"enemies":"Slime Boss","floor":16,"turns":9},{"damage":32,"enemies":"2 Thieves","floor":18,"turns":4},{"damage":26,"enemies":"Shell Parasite","floor":22,"turns":5},{"damage":22,"enemies":"Shelled Parasite and Fungi","floor":24,"turns":5},{"damage":21,"enemies":"Snake Plant","floor":25,"turns":1}],"seed_played":"96348420587838291","potions_obtained":[{"floor":1,"key":"Regen Potion"},{"floor":2,"key":"PowerPotion"},{"floor":10,"key":"LiquidBronze"},{"floor":16,"key":"Dexterity Potion"},{"floor":18,"key":"FocusPotion"},{"floor":22,"key":"LiquidBronze"}],"is_trial":false,"path_per_floor":["M","M","$","M","M","R","E","?","T","E","R","?","$","M","R","B",null,"M","?","T","$","M","R","M","M"],"character_chosen":"DEFECT","items_purchased":["PreservedInsect","Gash","Finesse+1"],"campfire_rested":1,"item_purchase_floors":[13,21,21],"current_hp_per_floor":[75,75,75,75,68,68,53,46,46,16,16,16,16,12,34,13,75,43,68,68,68,42,42,20,0],"gold":40,"neow_bonus":"THREE_ENEMY_KILL","is_prod":false,"is_daily":false,"chose_seed":false,"campfire_upgraded":3,"win_rate":0,"timestamp":1551362302,"path_taken":["M","M","$","M","M","R","E","?","T","E","R","?","$","?","R","BOSS","M","?","?","$","M","R","M","M"],"build_version":"2019-01-23","purchased_purges":2,"victory":false,"max_hp_per_floor":[75,75,75,75,75,75,75,75,75,75,75,75,75,75,75,75,75,75,75,75,75,75,75,75,75],"card_choices":[{"not_picked":["Capacitor","Rebound"],"picked":"Gash","floor":1},{"not_picked":["Coolheaded","Go for the Eyes"],"picked":"Redo","floor":2},{"not_picked":["Stack","Steam Power"],"picked":"Sweeping Beam","floor":4},{"not_picked":["Steam","Hologram"],"picked":"Sunder","floor":5},{"not_picked":["Rainbow","Compile Driver"],"picked":"Fission","floor":7},{"not_picked":["Compile Driver","Hologram"],"picked":"Chaos","floor":10},{"not_picked":["Coolheaded","Sweeping Beam"],"picked":"Beam Cell","floor":14},{"not_picked":["Double Energy","Blizzard"],"picked":"Turbo","floor":15},{"not_picked":["Multi-Cast","Buffer"],"picked":"Rainbow","floor":16},{"not_picked":["Coolheaded","Cold Snap","Recycle"],"picked":"SKIP","floor":18},{"not_picked":["Go for the Eyes","Reprogram+1","Lockon"],"picked":"SKIP","floor":22},{"not_picked":["FTL+1","Capacitor"],"picked":"Self Repair+1","floor":24}],"player_experience":293362,"relics_obtained":[{"floor":7,"key":"Bronze Scales"},{"floor":9,"key":"Oddly Smooth Stone"},{"floor":10,"key":"Potion Belt"},{"floor":20,"key":"Toxic Egg 2"}],"event_choices":[{"damage_healed":0,"gold_gain":0,"player_choice":"Success","damage_taken":7,"relics_obtained":["Dream Catcher"],"max_hp_gain":0,"max_hp_loss":0,"event_name":"Scrap Ooze","floor":8,"gold_loss":0},{"damage_healed":0,"gold_gain":100,"player_choice":"Pray","damage_taken":0,"max_hp_gain":0,"max_hp_loss":0,"event_name":"Golden Shrine","floor":12,"gold_loss":0},{"damage_healed":25,"gold_gain":0,"player_choice":"Heal","damage_taken":0,"max_hp_gain":0,"max_hp_loss":0,"event_name":"The Library","floor":19,"gold_loss":0}],"is_beta":false,"boss_relics":[{"not_picked":["Snecko Eye","Runic Dome"],"picked":"Inserter"}],"items_purged_floors":[3,13],"is_endless":false,"potions_floor_spawned":[1,2,10,16,18,22],"killed_by":"Snake Plant","ascension_level":1}