{"gold_per_floor":[110,127,145,156,166,166,191,218,218,218,229,4,4,20,20,95,95,111,111],"floor_reached":19,"playtime":1398,"items_purged":[],"score":308,"play_id":"a293534f-7120-4506-ad40-5963278c8139","local_time":"20190311165107","is_ascension_mode":true,"campfire_choices":[{"data":"Fusion","floor":6,"key":"SMITH"},{"data":"Hologram","floor":10,"key":"SMITH"},{"floor":15,"key":"REST"}],"neow_cost":"NONE","seed_source_timestamp":206800125875273,"circlet_count":0,"master_deck":["AscendersBane","Strike_B","Defend_B","Defend_B","Defend_B","Defend_B","Zap+1","Dualcast","Go for the Eyes","BootSequence","Sweeping Beam","Fusion+1","Hologram+1","Ball Lightning","Capacitor","Seek+1","Conserve Battery+1","Loop","Buffer","Aggregate+1","Hello World+1","Melter+1","Coolheaded+1"],"relics":["Cracked Core","Odd Mushroom","Toxic Egg 2","Incense Burner","Membership Card","Astrolabe"],"potions_floor_usage":[7,7,8,16,19],"damage_taken":[{"damage":6,"enemies":"Small Slimes","floor":1,"turns":3},{"damage":0,"enemies":"2 Louse","floor":2,"turns":3},{"damage":2,"enemies":"Jaw Worm","floor":3,"turns":3},{"damage":2,"enemies":"Large Slime","floor":4,"turns":5},{"damage":3,"enemies":"Looter","floor":5,"turns":3},{"damage":16,"enemies":"The Mushroom Lair","floor":7,"turns":4},{"damage":35,"enemies":"3 Sentries","floor":8,"turns":6},{"damage":9,"enemies":"Exordium Thugs","floor":11,"turns":4},{"damage":0,"enemies":"3 Louse","floor":14,"turns":3},{"damage":34,"enemies":"The Guardian","floor":16,"turns":12},{"damage":21,"enemies":"3 Byrds","floor":18,"turns":6},{"damage":47,"enemies":"Masked Bandits","floor":19,"turns":4}],"seed_played":"2343134910816231404","potions_obtained":[{"floor":1,"key":"Regen Potion"},{"floor":2,"key":"Energy Potion"},{"floor":7,"key":"Regen Potion"},{"floor":14,"key":"Regen Potion"},{"floor":18,"key":"Fruit Juice"}],"is_trial":false,"path_per_floor":["M","M","M","M","M","R","?","E","T","R","M","$","?","M","R","B",null,"M","?"],"character_chosen":"DEFECT","items_purchased":["Membership Card","Conserve Battery+1"],"campfire_rested":1,"item_purchase_floors":[12,12],"current_hp_per_floor":[58,58,56,54,51,51,47,21,21,21,12,12,12,12,33,14,57,36,0],"gold":111,"neow_bonus":"UPGRADE_CARD","is_prod":false,"is_daily":false,"chose_seed":false,"campfire_upgraded":2,"win_rate":0,"timestamp":1552337467,"path_taken":["M","M","M","M","M","R","?","E","T","R","M","$","?","M","R","BOSS","M","?"],"build_version":"2019-02-06","purchased_purges":0,"victory":false,"max_hp_per_floor":[71,71,71,71,71,71,71,71,71,71,71,71,71,71,71,71,71,71,76],"card_choices":[{"not_picked":["Recycle","Static Discharge"],"picked":"Go for the Eyes","floor":1},{"not_picked":["Go for the Eyes","Redo"],"picked":"BootSequence","floor":2},{"not_picked":["Redo","Reprogram"],"picked":"Sweeping Beam","floor":3},{"not_picked":["BootSequence","Tempest"],"picked":"Fusion","floor":4},{"not_picked":["Lockon","Scrape"],"picked":"Hologram","floor":5},{"not_picked":["Go for the Eyes","Steam"],"picked":"Ball Lightning","floor":7},{"not_picked":["Sweeping Beam","Go for the Eyes"],"picked":"Capacitor","floor":8},{"not_picked":["Storm","Doom and Gloom"],"picked":"Seek+1","floor":11},{"not_picked":["Reprogram+1","BootSequence+1"],"picked":"Loop","floor":14},{"not_picked":["Machine Learning","Hyperbeam"],"picked":"Buffer","floor":16},{"not_picked":["Melter","Reinforced Body+1"],"picked":"Coolheaded+1","floor":18}],"player_experience":477199,"relics_obtained":[{"floor":7,"key":"Odd Mushroom"},{"floor":8,"key":"Toxic Egg 2"},{"floor":9,"key":"Incense Burner"}],"event_choices":[{"damage_healed":0,"gold_gain":0,"player_choice":"Fought Mushrooms","damage_taken":0,"max_hp_gain":0,"max_hp_loss":0,"event_name":"Mushrooms","floor":7,"gold_loss":0},{"damage_healed":0,"gold_gain":0,"player_choice":"Ignored","damage_taken":0,"max_hp_gain":0,"max_hp_loss":0,"event_name":"Golden Wing","floor":13,"gold_loss":0},{"damage_healed":0,"gold_gain":0,"player_choice":"Fought Bandits","damage_taken":0,"max_hp_gain":0,"max_hp_loss":0,"event_name":"Masked Bandits","floor":19,"gold_loss":0}],"is_beta":true,"boss_relics":[{"not_picked":["Nuclear Battery","Fusion Hammer"],"picked":"Astrolabe"}],"items_purged_floors":[],"is_endless":false,"potions_floor_spawned":[1,2,5,7,14,18],"killed_by":"Masked Bandits","ascension_level":16}