{"gold_per_floor":[211,60,60,75,75,75,98,98,98,98,119,142,73,104,104,235,235,258,111,91,16,16],"floor_reached":22,"playtime":1035,"items_purged":["Strike_B"],"score":202,"play_id":"4ce877b7-629d-4c6b-aa55-209caaf834f0","local_time":"20181112032916","is_ascension_mode":true,"campfire_choices":[{"data":"Fusion","floor":6,"key":"SMITH"},{"data":"Chaos","floor":8,"key":"SMITH"},{"data":"Conserve Battery","floor":10,"key":"SMITH"},{"data":"Echo Form","floor":15,"key":"SMITH"}],"neow_cost":"NONE","seed_source_timestamp":38422396401765,"circlet_count":0,"master_deck":["Strike_B","Strike_B","Defend_B","Defend_B","Defend_B","Defend_B","Dualcast","Conserve Battery+1","Capacitor","Fusion+1","Chaos+1","Leap","Streamline","Defragment","Echo Form+1","Seek","Streamline+1","Force Field","Consume+1"],"relics":["Cracked Core","Golden Idol","Blood Vial","Inserter"],"potions_floor_usage":[11,14],"damage_taken":[{"damage":0,"enemies":"2 Louse","floor":1,"turns":3},{"damage":8,"enemies":"Jaw Worm","floor":4,"turns":6},{"damage":0,"enemies":"Cultist","floor":7,"turns":5},{"damage":13,"enemies":"Lots of Slimes","floor":11,"turns":5},{"damage":5,"enemies":"2 Fungi Beasts","floor":12,"turns":5},{"damage":4,"enemies":"Lagavulin","floor":14,"turns":7},{"damage":19,"enemies":"The Guardian","floor":16,"turns":12},{"damage":26,"enemies":"Chosen","floor":18,"turns":5},{"damage":42,"enemies":"2 Thieves","floor":20,"turns":5},{"damage":13,"enemies":"Sentry and Sphere","floor":22,"turns":3}],"seed_played":"4536162956354829207","potions_obtained":[{"floor":4,"key":"Block Potion"},{"floor":12,"key":"AttackPotion"},{"floor":14,"key":"Dexterity Potion"},{"floor":16,"key":"Ancient Potion"},{"floor":18,"key":"Ancient Potion"}],"is_trial":false,"path_per_floor":["M","$","?","M","?","R","M","R","T","R","M","M","$","E","R","B",null,"M","$","M","?","M"],"character_chosen":"DEFECT","items_purchased":["Capacitor","Fusion","Defragment","Force Field"],"campfire_rested":0,"item_purchase_floors":[2,2,13,19],"current_hp_per_floor":[75,75,57,49,49,49,49,49,49,49,36,31,31,27,27,10,75,49,49,9,9,0],"gold":16,"neow_bonus":"HUNDRED_GOLD","is_prod":false,"is_daily":false,"chose_seed":false,"campfire_upgraded":4,"win_rate":0,"timestamp":1542011356,"path_taken":["M","$","?","M","?","R","?","R","T","R","M","M","?","E","R","BOSS","M","$","M","?","M"],"build_version":"2018-11-08","purchased_purges":1,"victory":false,"max_hp_per_floor":[75,75,75,75,75,75,75,75,75,75,75,75,75,75,75,75,75,75,75,75,75,75],"card_choices":[{"not_picked":["Leap","BootSequence"],"picked":"Conserve Battery","floor":1},{"not_picked":["Go for the Eyes","Static Discharge","Redo"],"picked":"SKIP","floor":4},{"not_picked":["Conserve Battery","Capacitor"],"picked":"Chaos","floor":7},{"not_picked":["Streamline","Cold Snap"],"picked":"Leap","floor":11},{"not_picked":["Lockon","Rebound"],"picked":"Streamline","floor":12},{"not_picked":["Scrape","Doom and Gloom"],"picked":"Echo Form","floor":14},{"not_picked":["Multi-Cast","Echo Form"],"picked":"Seek","floor":16},{"not_picked":["Leap","Tempest+1"],"picked":"Streamline+1","floor":18},{"not_picked":["Self Repair","Ball Lightning"],"picked":"Consume+1","floor":20}],"player_experience":131994,"relics_obtained":[{"floor":14,"key":"Blood Vial"}],"event_choices":[{"damage_healed":0,"gold_gain":0,"player_choice":"Take Damage","damage_taken":18,"relics_obtained":["Golden Idol"],"max_hp_gain":0,"max_hp_loss":0,"event_name":"Golden Idol","floor":3,"gold_loss":0},{"cards_removed":["Zap"],"damage_healed":0,"gold_gain":0,"player_choice":"Purged","damage_taken":0,"max_hp_gain":0,"max_hp_loss":0,"event_name":"Purifier","floor":5,"gold_loss":0},{"cards_removed":["Strike_B"],"damage_healed":0,"gold_gain":0,"player_choice":"Gave Gold","damage_taken":0,"max_hp_gain":0,"max_hp_loss":0,"event_name":"Beggar","floor":21,"gold_loss":75}],"is_beta":true,"boss_relics":[{"not_picked":["White Beast Statue","Coffee Dripper"],"picked":"Inserter"}],"items_purged_floors":[19],"is_endless":false,"potions_floor_spawned":[4,12,14,16,18],"killed_by":"Sentry and Sphere","ascension_level":2}