{"gold_per_floor":[365,378,398,416,56,87,87,98,98,112,130,130,162,162,162,260,260,270,280,29,29,29,59,59,93,93,105,121,121,121,136,136,236,236,251,45,63,73,88,88,106,0,0,19,50,50,65,165,165,165],"floor_reached":51,"playtime":3591,"items_purged":["Strike_B","Regret"],"score":1137,"play_id":"a25a8d90-57d7-4ed9-b725-d381261eb657","local_time":"20190203060346","is_ascension_mode":true,"campfire_choices":[{"floor":7,"key":"REST"},{"data":"Cold Snap","floor":12,"key":"SMITH"},{"data":"Loop","floor":15,"key":"SMITH"},{"data":"Defragment","floor":24,"key":"SMITH"},{"data":"Zap","floor":29,"key":"SMITH"},{"data":"Double Energy","floor":32,"key":"SMITH"},{"data":"Creative AI","floor":40,"key":"SMITH"},{"data":"Hologram","floor":46,"key":"SMITH"},{"data":"Undo","floor":49,"key":"SMITH"}],"neow_cost":"PERCENT_DAMAGE","seed_source_timestamp":3335288426434,"circlet_count":0,"master_deck":["AscendersBane","Strike_B","Strike_B","Defend_B","Defend_B","Defend_B","Defend_B","Zap+1","Dualcast","Rebound","Turbo","Double Energy+1","Leap","Loop+1","Cold Snap+1","Leap","All For One","Rebound","Glacier","Defragment+1","Gash","Swift Strike","Steam","Streamline+1","FTL","Glacier","Meteor Strike","Go for the Eyes","Undo+1","Electrodynamics","Decay","Creative AI+1","Compile Driver","BootSequence+1","Glacier+1","Hologram+1","Self Repair+1","Cold Snap+1"],"relics":["Cracked Core","Omamori","Toolbox","Lantern","Pantograph","Matryoshka","Nuclear Battery","Mercury Hourglass","Centennial Puzzle","Boot","Meat on the Bone","Anchor","Calling Bell","Happy Flower","The Courier","Ice Cream","Red Mask","Mummified Hand","Pen Nib","Orichalcum","Thread and Needle"],"potions_floor_usage":[16,16,16,23,25,33,41,45,48,50,50],"damage_taken":[{"damage":0,"enemies":"Cultist","floor":1,"turns":3},{"damage":2,"enemies":"Jaw Worm","floor":2,"turns":3},{"damage":0,"enemies":"2 Louse","floor":3,"turns":3},{"damage":12,"enemies":"2 Fungi Beasts","floor":4,"turns":4},{"damage":24,"enemies":"Gremlin Nob","floor":6,"turns":4},{"damage":6,"enemies":"Looter","floor":8,"turns":2},{"damage":0,"enemies":"Large Slime","floor":10,"turns":3},{"damage":6,"enemies":"Exordium Thugs","floor":11,"turns":4},{"damage":1,"enemies":"3 Sentries","floor":13,"turns":2},{"damage":44,"enemies":"Hexaghost","floor":16,"turns":12},{"damage":0,"enemies":"Spheric Guardian","floor":18,"turns":3},{"damage":5,"enemies":"2 Thieves","floor":19,"turns":2},{"damage":24,"enemies":"Book of Stabbing","floor":23,"turns":6},{"damage":25,"enemies":"Slavers","floor":25,"turns":4},{"damage":2,"enemies":"3 Cultists","floor":27,"turns":4},{"damage":15,"enemies":"Centurion and Healer","floor":28,"turns":6},{"damage":10,"enemies":"Snake Plant","floor":31,"turns":3},{"damage":32,"enemies":"Automaton","floor":33,"turns":8},{"damage":4,"enemies":"3 Shapes","floor":35,"turns":6},{"damage":14,"enemies":"3 Darklings","floor":37,"turns":5},{"damage":0,"enemies":"Sphere and 2 Shapes","floor":38,"turns":6},{"damage":10,"enemies":"4 Shapes","floor":39,"turns":3},{"damage":0,"enemies":"3 Darklings","floor":41,"turns":6},{"damage":0,"enemies":"Sphere and 2 Shapes","floor":44,"turns":3},{"damage":0,"enemies":"Nemesis","floor":45,"turns":6},{"damage":29,"enemies":"Jaw Worm Horde","floor":47,"turns":3},{"damage":12,"enemies":"Mind Bloom Boss Battle","floor":48,"turns":7},{"damage":14,"enemies":"Donu and Deca","floor":50,"turns":10}],"seed_played":"-3692027351339978451","potions_obtained":[{"floor":6,"key":"Explosive Potion"},{"floor":8,"key":"EssenceOfSteel"},{"floor":11,"key":"Swift Potion"},{"floor":14,"key":"Regen Potion"},{"floor":16,"key":"SkillPotion"},{"floor":18,"key":"Fire Potion"},{"floor":28,"key":"LiquidBronze"},{"floor":31,"key":"PowerPotion"},{"floor":38,"key":"SneckoOil"},{"floor":41,"key":"Block Potion"},{"floor":44,"key":"EssenceOfSteel"},{"floor":48,"key":"Regen Potion"}],"is_trial":false,"path_per_floor":["M","M","M","M","$","E","R","M","T","M","M","R","E","?","R","B",null,"M","M","$","?","$","E","R","E","T","M","M","R","?","M","R","B",null,"M","$","M","M","M","R","M","?","T","M","E","R","M","?","R","B",null],"character_chosen":"DEFECT","items_purchased":["Omamori","Toolbox","Defragment","Gash","Swift Strike","Creative AI"],"campfire_rested":1,"item_purchase_floors":[5,5,20,20,20,36],"current_hp_per_floor":[50,48,48,36,36,12,34,28,28,28,22,22,21,21,21,17,61,61,56,56,56,56,32,32,7,7,17,14,14,14,16,16,21,62,58,58,44,44,46,46,46,46,46,46,46,46,29,52,52,75],"gold":165,"neow_bonus":"TWO_FIFTY_GOLD","is_prod":false,"is_daily":false,"chose_seed":false,"campfire_upgraded":8,"win_rate":0,"timestamp":1549191826,"path_taken":["M","M","M","M","$","E","R","?","T","M","M","R","E","?","R","BOSS","M","?","$","?","$","E","R","E","T","M","M","R","?","M","R","BOSS","M","$","M","M","M","R","M","?","T","M","E","R","M","?","R","BOSS"],"build_version":"2019-01-23","purchased_purges":2,"victory":true,"max_hp_per_floor":[75,75,75,75,75,75,75,75,75,75,75,75,75,75,75,75,75,75,75,75,75,75,75,75,75,75,75,75,75,75,75,75,75,75,75,75,75,75,75,75,75,75,75,75,75,75,75,75,75,75],"card_choices":[{"not_picked":["Redo","Coolheaded"],"picked":"Rebound","floor":1},{"not_picked":["Rebound","Steam Power"],"picked":"Turbo","floor":2},{"not_picked":["Beam Cell","Reboot"],"picked":"Double Energy","floor":3},{"not_picked":["Barrage","Double Energy"],"picked":"Leap","floor":4},{"not_picked":["Ball Lightning","Turbo"],"picked":"Hyperbeam","floor":6},{"not_picked":["Rebound","Ball Lightning"],"picked":"Loop","floor":8},{"not_picked":["Compile Driver","Darkness","Barrage"],"picked":"SKIP","floor":10},{"not_picked":["Loop","Conserve Battery"],"picked":"Cold Snap","floor":11},{"not_picked":["Stack","Multi-Cast"],"picked":"Leap","floor":13},{"not_picked":["Fission","Thunder Strike"],"picked":"All For One","floor":16},{"not_picked":["Turbo","Leap"],"picked":"Rebound","floor":18},{"not_picked":["Redo+1","Loop"],"picked":"Glacier","floor":19},{"not_picked":["Beam Cell+1","Hologram"],"picked":"Steam","floor":23},{"not_picked":["Redo","Steam"],"picked":"Streamline+1","floor":25},{"not_picked":["Barrage","Redo"],"picked":"FTL","floor":27},{"not_picked":["Streamline","Lockon+1"],"picked":"Glacier","floor":28},{"not_picked":["Sunder","Streamline"],"picked":"Undo","floor":31},{"not_picked":["Hyperbeam","Thunder Strike"],"picked":"Electrodynamics","floor":33},{"not_picked":["Darkness+1","Chaos","Rebound"],"picked":"SKIP","floor":35},{"not_picked":["Force Field","Beam Cell","Rebound+1"],"picked":"SKIP","floor":37},{"not_picked":["Hologram+1","All For One"],"picked":"Compile Driver","floor":38},{"not_picked":["Reinforced Body+1","Beam Cell+1","Redo"],"picked":"SKIP","floor":39},{"not_picked":["Stack+1","Turbo+1"],"picked":"BootSequence+1","floor":41},{"not_picked":["Reinforced Body+1","Turbo"],"picked":"Glacier+1","floor":44},{"not_picked":["Ball Lightning+1","Coolheaded"],"picked":"Hologram","floor":45},{"not_picked":["Stack+1","Lockon"],"picked":"Self Repair+1","floor":47},{"not_picked":["Steam","Thunder Strike"],"picked":"Cold Snap+1","floor":48}],"player_experience":330830,"relics_obtained":[{"floor":6,"key":"Lantern"},{"floor":9,"key":"Pantograph"},{"floor":13,"key":"Matryoshka"},{"floor":23,"key":"Centennial Puzzle"},{"floor":25,"key":"Boot"},{"floor":26,"key":"Meat on the Bone"},{"floor":26,"key":"Anchor"},{"floor":34,"key":"Happy Flower"},{"floor":34,"key":"The Courier"},{"floor":34,"key":"Ice Cream"},{"floor":43,"key":"Mummified Hand"},{"floor":43,"key":"Pen Nib"},{"floor":45,"key":"Orichalcum"},{"floor":48,"key":"Thread and Needle"}],"event_choices":[{"damage_healed":0,"gold_gain":0,"player_choice":"Got Potions","damage_taken":0,"max_hp_gain":0,"max_hp_loss":0,"event_name":"Lab","floor":14,"gold_loss":0},{"damage_healed":0,"gold_gain":0,"player_choice":"Stole Relic","damage_taken":0,"relics_obtained":["Mercury Hourglass"],"max_hp_gain":0,"max_hp_loss":0,"event_name":"Addict","floor":21,"gold_loss":0,"cards_obtained":["Shame"]},{"damage_healed":0,"gold_gain":0,"cards_transformed":["Hyperbeam","Strike_B"],"player_choice":"Became Test Subject","damage_taken":0,"max_hp_gain":0,"max_hp_loss":0,"event_name":"Drug Dealer","floor":30,"gold_loss":0,"cards_obtained":["Meteor Strike","Go for the Eyes"]},{"damage_healed":0,"gold_gain":0,"player_choice":"Paid","damage_taken":0,"relics_obtained":["Red Mask"],"max_hp_gain":0,"max_hp_loss":0,"event_name":"Tomb of Lord Red Mask","floor":42,"gold_loss":106},{"damage_healed":0,"gold_gain":0,"player_choice":"Fight","damage_taken":0,"max_hp_gain":0,"max_hp_loss":0,"event_name":"MindBloom","floor":48,"gold_loss":0}],"is_beta":true,"boss_relics":[{"not_picked":["Eternal Feather","Philosopher\u0027s Stone"],"picked":"Nuclear Battery"},{"not_picked":["Runic Pyramid","Coffee Dripper"],"picked":"Calling Bell"}],"items_purged_floors":[20,36],"is_endless":false,"potions_floor_spawned":[6,8,11,13,16,18,28,31,38,41,44,48],"ascension_level":10}