{"gold_per_floor":[111,111,127,138,213,213,243,275,311,348,376,388,400,432,444,456],"floor_reached":16,"playtime":596,"items_purged":[],"score":224,"play_id":"c1f40994-be7e-4f28-9e3d-d66434a016c9","local_time":"20181117105057","is_ascension_mode":true,"campfire_choices":[{"data":"Sweeping Beam","floor":6,"key":"SMITH"},{"data":"Sweeping Beam","floor":12,"key":"SMITH"},{"data":"Echo Form","floor":15,"key":"SMITH"}],"neow_cost":"NONE","seed_source_timestamp":226346840558811,"circlet_count":0,"master_deck":["AscendersBane","Strike_B","Strike_B","Strike_B","Strike_B","Defend_B","Defend_B","Defend_B","Defend_B","Zap","Dualcast","Melter","Sweeping Beam+1","Compile Driver","Sweeping Beam+1","Echo Form+1","Coolheaded","Cold Snap","Cold Snap"],"relics":["Cracked Core","MawBank","Art of War","Regal Pillow"],"potions_floor_usage":[4,7,16],"damage_taken":[{"damage":0,"enemies":"2 Louse","floor":1,"turns":3},{"damage":1,"enemies":"Cultist","floor":3,"turns":3},{"damage":0,"enemies":"Small Slimes","floor":4,"turns":2},{"damage":27,"enemies":"3 Sentries","floor":7,"turns":7},{"damage":1,"enemies":"2 Fungi Beasts","floor":8,"turns":2},{"damage":10,"enemies":"Lagavulin","floor":10,"turns":7},{"damage":0,"enemies":"Large Slime","floor":11,"turns":4},{"damage":2,"enemies":"Red Slaver","floor":14,"turns":3},{"damage":25,"enemies":"Hexaghost","floor":16,"turns":9}],"seed_played":"2421267272534759052","potions_obtained":[{"floor":1,"key":"SkillPotion"},{"floor":2,"key":"Fire Potion"},{"floor":8,"key":"Strength Potion"},{"floor":14,"key":"Dexterity Potion"}],"is_trial":false,"path_per_floor":["M","?","M","M","?","R","E","M","T","E","M","R","?","M","R","B"],"character_chosen":"DEFECT","items_purchased":[],"campfire_rested":0,"item_purchase_floors":[],"current_hp_per_floor":[64,64,63,63,63,63,36,35,35,25,25,25,25,23,23,0],"gold":456,"neow_bonus":"THREE_CARDS","is_prod":false,"is_daily":false,"chose_seed":false,"campfire_upgraded":3,"win_rate":0,"timestamp":1542469857,"path_taken":["M","?","M","?","?","R","E","M","T","E","M","R","?","M","R","BOSS"],"build_version":"2018-11-15","purchased_purges":0,"victory":false,"max_hp_per_floor":[71,71,71,71,71,71,71,71,71,71,71,71,71,71,71,71],"card_choices":[{"not_picked":["Hello World","Redo"],"picked":"Melter","floor":0},{"not_picked":["Skim","Redo"],"picked":"Sweeping Beam","floor":1},{"not_picked":["Redo","Heatsinks"],"picked":"Compile Driver","floor":3},{"not_picked":["Recycle","Hologram","Barrage"],"picked":"SKIP","floor":4},{"not_picked":["Double Energy","Beam Cell"],"picked":"Sweeping Beam","floor":7},{"not_picked":["Compile Driver","Leap"],"picked":"Echo Form","floor":8},{"not_picked":["Lockon","All For One"],"picked":"Coolheaded","floor":10},{"not_picked":["Conserve Battery","Steam"],"picked":"Cold Snap","floor":11},{"not_picked":["Heatsinks","Hologram"],"picked":"Cold Snap","floor":14}],"player_experience":873827,"relics_obtained":[{"floor":7,"key":"MawBank"},{"floor":9,"key":"Art of War"},{"floor":10,"key":"Regal Pillow"}],"event_choices":[{"damage_healed":0,"gold_gain":0,"player_choice":"Got Potions","damage_taken":0,"max_hp_gain":0,"max_hp_loss":0,"event_name":"Lab","floor":2,"gold_loss":0},{"damage_healed":0,"gold_gain":75,"player_choice":"Gained Gold","damage_taken":0,"max_hp_gain":0,"max_hp_loss":0,"event_name":"Golden Wing","floor":5,"gold_loss":0},{"damage_healed":0,"gold_gain":0,"player_choice":"Ignored","damage_taken":0,"max_hp_gain":0,"max_hp_loss":0,"event_name":"Liars Game","floor":13,"gold_loss":0}],"is_beta":true,"boss_relics":[],"items_purged_floors":[],"is_endless":false,"potions_floor_spawned":[1,3,8,14],"killed_by":"Hexaghost","ascension_level":20}