{"gold_per_floor":[118,132,132,132,147,147,163,163,212,212,230,230,245,261,261,337,337,348,362,389,407,44,44,44],"floor_reached":24,"playtime":1259,"items_purged":["Strike_G"],"score":333,"play_id":"77ea6094-61a3-40d4-9078-937b07d2e0d4","local_time":"20190114213046","is_ascension_mode":true,"campfire_choices":[{"data":"Infinite Blades","floor":6,"key":"SMITH"},{"data":"Neutralize","floor":8,"key":"SMITH"},{"data":"Neutralize","floor":10,"key":"SMITH"},{"data":"Escape Plan","floor":12,"key":"SMITH"},{"data":"Skewer","floor":15,"key":"SMITH"},{"floor":23,"key":"REST"}],"neow_cost":"NONE","seed_source_timestamp":0,"circlet_count":0,"master_deck":["AscendersBane","Defend_G","Defend_G","Defend_G","Defend_G","Defend_G","Strike_G","Strike_G","Strike_G","Strike_G","Survivor","Neutralize+1","Infinite Blades+1","Escape Plan","Neutralize+1","Escape Plan+1","Predator","Crippling Poison","Skewer+1","Corpse Explosion","Dash","Well Laid Plans","Terror"],"special_seed":0,"relics":["Runic Dome","Smiling Mask","Cursed Key","Red Mask","TheAbacus"],"potions_floor_usage":[16,16,20,20],"damage_taken":[{"damage":5.0,"enemies":"Small Slimes","floor":1.0,"turns":4.0},{"damage":5.0,"enemies":"2 Louse","floor":2.0,"turns":2.0},{"damage":0,"enemies":"Cultist","floor":5,"turns":4},{"damage":0,"enemies":"2 Fungi Beasts","floor":7,"turns":4},{"damage":2,"enemies":"Blue Slaver","floor":11,"turns":5},{"damage":4,"enemies":"Large Slime","floor":13,"turns":5},{"damage":3,"enemies":"Looter","floor":14,"turns":4},{"damage":35,"enemies":"Slime Boss","floor":16,"turns":15},{"damage":16,"enemies":"Chosen","floor":18,"turns":4},{"damage":12,"enemies":"Shell Parasite","floor":19,"turns":6},{"damage":5,"enemies":"Masked Bandits","floor":20,"turns":2},{"damage":6,"enemies":"Centurion and Healer","floor":21,"turns":4},{"damage":44,"enemies":"Gremlin Leader","floor":24,"turns":5}],"seed_played":"-7019391648405732031","potions_obtained":[{"floor":1.0,"key":"EssenceOfSteel"},{"floor":5,"key":"Energy Potion"},{"floor":13,"key":"EssenceOfSteel"},{"floor":14,"key":"Regen Potion"},{"floor":18,"key":"Weak Potion"},{"floor":19,"key":"PowerPotion"}],"is_trial":false,"path_per_floor":["M","M","?","?","M","R","M","R","T","R","M","R","M","M","R","B",null,"M","M","?","M","$","R","E"],"character_chosen":"THE_SILENT","items_purchased":["TheAbacus","Well Laid Plans","Terror"],"campfire_rested":1,"item_purchase_floors":[22,22,22],"current_hp_per_floor":[54,49,49,49,49,49,49,49,49,49,47,47,43,40,40,20,55,39,27,22,16,16,35,0],"gold":44,"neow_bonus":"BOSS_RELIC","is_prod":false,"is_daily":false,"chose_seed":false,"campfire_upgraded":5,"win_rate":0,"timestamp":1547519446,"path_taken":["M","M","?","?","M","R","M","R","T","R","M","R","M","?","R","BOSS","M","M","?","M","$","R","E"],"build_version":"2019-01-10","purchased_purges":1,"victory":false,"max_hp_per_floor":[66,66,66,66,66,66,66,66,66,66,66,66,66,66,66,66,66,66,66,66,66,66,66,66],"card_choices":[{"not_picked":["Flechettes","PiercingWail","Slice"],"picked":"SKIP","floor":1.0},{"not_picked":["Leg Sweep","Backflip"],"picked":"Infinite Blades","floor":2.0},{"not_picked":["Sucker Punch","Finisher"],"picked":"Escape Plan","floor":5},{"not_picked":["Finisher","Slice"],"picked":"Predator","floor":7},{"not_picked":["Riddle With Holes","Reflex"],"picked":"Crippling Poison","floor":11},{"not_picked":["Predator","Accuracy","Dodge and Roll"],"picked":"SKIP","floor":13},{"not_picked":["PiercingWail","Wraith Form v2"],"picked":"Skewer","floor":14},{"not_picked":["Burst","Grand Finale"],"picked":"Corpse Explosion","floor":16},{"not_picked":["Caltrops+1","Dodge and Roll"],"picked":"Dash","floor":18},{"not_picked":["Outmaneuver","Endless Agony","Blade Dance"],"picked":"SKIP","floor":19},{"not_picked":["Acrobatics","Quick Slash","Underhanded Strike"],"picked":"SKIP","floor":21}],"player_experience":427578,"relics_obtained":[{"floor":9,"key":"Smiling Mask"},{"floor":20,"key":"Red Mask"}],"event_choices":[{"damage_healed":0.0,"max_hp_gain":0.0,"max_hp_loss":0.0,"gold_gain":0.0,"event_name":"Liars Game","player_choice":"Ignored","floor":3.0,"gold_loss":0.0,"damage_taken":0.0},{"damage_healed":0,"gold_gain":0,"player_choice":"2 cards matched","damage_taken":0,"max_hp_gain":0,"max_hp_loss":0,"event_name":"Match and Keep!","floor":4,"gold_loss":0,"cards_obtained":["Escape Plan","Neutralize"]},{"damage_healed":0,"gold_gain":0,"player_choice":"Fought Bandits","damage_taken":0,"max_hp_gain":0,"max_hp_loss":0,"event_name":"Masked Bandits","floor":20,"gold_loss":0}],"is_beta":false,"boss_relics":[{"not_picked":["Velvet Choker","Fusion Hammer"],"picked":"Cursed Key"}],"items_purged_floors":[22],"is_endless":false,"potions_floor_spawned":[1,5,11,13,14,18,19],"killed_by":"Gremlin Leader","ascension_level":15}