{"gold_per_floor":[118,138,61,74,85,115,128,128,128,128,178,178,194,235,235,235],"floor_reached":16,"playtime":578,"items_purged":[],"score":118,"play_id":"42a7883d-b215-4734-89ef-b1627ca7cf48","local_time":"20190224051503","is_ascension_mode":true,"campfire_choices":[{"floor":12,"key":"REST"},{"floor":15,"key":"REST"}],"neow_cost":"NONE","seed_source_timestamp":307228240795429,"circlet_count":0,"master_deck":["Strike_B","Strike_B","Strike_B","Strike_B","Defend_B","Defend_B","Defend_B","Defend_B","Zap+1","Dualcast","Multi-Cast","Streamline","FTL","Genetic Algorithm","FTL","Gash","Turbo","White Noise"],"relics":["Cracked Core","Omamori","Golden Idol","Dead Branch","Gambling Chip"],"potions_floor_usage":[6,14,16],"damage_taken":[{"damage":6,"enemies":"Jaw Worm","floor":1,"turns":3},{"damage":6,"enemies":"2 Louse","floor":2,"turns":2},{"damage":0,"enemies":"Small Slimes","floor":4,"turns":3},{"damage":8,"enemies":"Red Slaver","floor":5,"turns":3},{"damage":26,"enemies":"Lagavulin","floor":6,"turns":6},{"damage":28,"enemies":"Large Slime","floor":7,"turns":4},{"damage":2,"enemies":"Exordium Wildlife","floor":13,"turns":4},{"damage":13,"enemies":"3 Sentries","floor":14,"turns":6},{"damage":31,"enemies":"The Guardian","floor":16,"turns":5}],"seed_played":"-1511284995149172015","potions_obtained":[{"floor":4,"key":"Strength Potion"},{"floor":7,"key":"Weak Potion"},{"floor":13,"key":"GamblersBrew"}],"is_trial":false,"path_per_floor":["M","M","$","M","M","E","M","?","T","?","?","R","M","E","R","B"],"character_chosen":"DEFECT","items_purchased":["Genetic Algorithm"],"campfire_rested":2,"item_purchase_floors":[3],"current_hp_per_floor":[69,63,63,63,55,29,1,1,1,1,1,23,21,8,30,0],"gold":235,"neow_bonus":"ONE_RANDOM_RARE_CARD","is_prod":false,"is_daily":false,"chose_seed":false,"campfire_upgraded":0,"win_rate":0,"timestamp":1551014103,"path_taken":["M","M","$","M","M","E","M","?","T","?","?","R","M","E","R","BOSS"],"build_version":"2019-01-23","purchased_purges":0,"victory":false,"max_hp_per_floor":[75,75,75,75,75,75,75,75,75,75,75,75,75,75,75,75],"card_choices":[{"not_picked":["Conserve Battery","Capacitor"],"picked":"Streamline","floor":1},{"not_picked":["Force Field","Redo"],"picked":"FTL","floor":2},{"not_picked":["Barrage","Aggregate","Streamline"],"picked":"SKIP","floor":4},{"not_picked":["Beam Cell","Compile Driver"],"picked":"FTL","floor":5},{"not_picked":["FTL","Sweeping Beam","Chill"],"picked":"SKIP","floor":6},{"not_picked":["Genetic Algorithm","Conserve Battery"],"picked":"Gash","floor":7},{"not_picked":["Streamline","Stack"],"picked":"Turbo","floor":13},{"not_picked":["Redo","Coolheaded"],"picked":"White Noise","floor":14}],"player_experience":271650,"relics_obtained":[{"floor":6,"key":"Omamori"},{"floor":9,"key":"Dead Branch"},{"floor":14,"key":"Gambling Chip"}],"event_choices":[{"damage_healed":0,"gold_gain":0,"player_choice":"Take Wound","damage_taken":0,"relics_obtained":["Golden Idol"],"max_hp_gain":0,"max_hp_loss":0,"event_name":"Golden Idol","floor":8,"gold_loss":0,"cards_obtained":["Injury"]},{"damage_healed":0,"gold_gain":0,"player_choice":"Grow","damage_taken":0,"max_hp_gain":0,"max_hp_loss":0,"event_name":"Living Wall","floor":10,"gold_loss":0,"cards_upgraded":["Zap"]},{"damage_healed":0,"gold_gain":50,"player_choice":"Gained Gold","damage_taken":0,"max_hp_gain":0,"max_hp_loss":0,"event_name":"Golden Wing","floor":11,"gold_loss":0}],"is_beta":false,"boss_relics":[],"items_purged_floors":[],"is_endless":false,"potions_floor_spawned":[4,7,13],"killed_by":"The Guardian","ascension_level":1}