{"gold_per_floor":[110,120,1,1,1,35,35,78,78,105,135,147,193,225,237,249],"floor_reached":16,"playtime":570,"items_purged":["Doubt"],"score":240,"play_id":"66a61659-96bf-423d-b367-cb2cb97c4b49","local_time":"20190325031100","is_ascension_mode":true,"campfire_choices":[{"data":"Bludgeon","floor":7,"key":"SMITH"},{"data":"True Grit","floor":12,"key":"SMITH"},{"data":"Metallicize","floor":15,"key":"SMITH"}],"neow_cost":"CURSE","seed_source_timestamp":1032336192750066,"circlet_count":0,"master_deck":["AscendersBane","Strike_R","Strike_R","Strike_R","Strike_R","Strike_R","Defend_R","Defend_R","Defend_R","Defend_R","Bash","Bludgeon+1","True Grit+1","Shrug It Off","Metallicize+1","Impervious","Pummel","Headbutt","Bludgeon"],"relics":["Burning Blood","Golden Idol","Shuriken","Smiling Mask","MawBank","Self Forming Clay"],"potions_floor_usage":[5,6,13],"damage_taken":[{"damage":7,"enemies":"Jaw Worm","floor":1,"turns":2},{"damage":2,"enemies":"2 Louse","floor":2,"turns":4},{"damage":18,"enemies":"Gremlin Nob","floor":6,"turns":4},{"damage":24,"enemies":"3 Sentries","floor":8,"turns":8},{"damage":0,"enemies":"Cultist","floor":10,"turns":2},{"damage":23,"enemies":"Lots of Slimes","floor":11,"turns":8},{"damage":24,"enemies":"Lagavulin","floor":13,"turns":7},{"damage":6,"enemies":"2 Fungi Beasts","floor":14,"turns":4},{"damage":25,"enemies":"Hexaghost","floor":16,"turns":9}],"seed_played":"6494348867632290211","potions_obtained":[{"floor":1,"key":"Fruit Juice"},{"floor":5,"key":"Ancient Potion"},{"floor":5,"key":"Dexterity Potion"},{"floor":8,"key":"Dexterity Potion"},{"floor":11,"key":"Regen Potion"},{"floor":14,"key":"Explosive Potion"}],"is_trial":false,"path_per_floor":["M","M","$","?","?","E","R","E","T","M","M","R","E","M","R","B"],"character_chosen":"IRONCLAD","items_purchased":["Metallicize"],"campfire_rested":0,"item_purchase_floors":[3],"current_hp_per_floor":[67,71,71,68,73,61,61,43,43,49,32,32,29,29,29,4],"gold":249,"neow_bonus":"THREE_RARE_CARDS","is_prod":false,"is_daily":false,"chose_seed":false,"campfire_upgraded":3,"win_rate":0,"timestamp":1553497860,"path_taken":["M","M","$","?","?","E","R","E","T","M","?","R","E","M","R","BOSS"],"build_version":"2019-03-15","purchased_purges":1,"victory":false,"max_hp_per_floor":[75,75,75,68,73,73,73,73,73,73,73,73,73,73,73,73],"card_choices":[{"not_picked":["Barricade","Limit Break"],"picked":"Bludgeon","floor":0},{"not_picked":["Heavy Blade","Havoc"],"picked":"True Grit","floor":1},{"not_picked":["Clothesline","Rage"],"picked":"Shrug It Off","floor":2},{"not_picked":["Sever Soul","Flex"],"picked":"Impervious","floor":6},{"not_picked":["Pummel","Heavy Blade","Blood for Blood"],"picked":"SKIP","floor":8},{"not_picked":["Heavy Blade","Blood for Blood"],"picked":"Pummel","floor":8},{"not_picked":["Body Slam","Twin Strike"],"picked":"Headbutt","floor":10},{"not_picked":["Sword Boomerang","Searing Blow","Wild Strike"],"picked":"SKIP","floor":11},{"not_picked":["Anger","Searing Blow","Thunderclap"],"picked":"SKIP","floor":13},{"not_picked":["Iron Wave","Bludgeon","Fire Breathing"],"picked":"SKIP","floor":14},{"not_picked":["Iron Wave","Fire Breathing"],"picked":"Bludgeon","floor":14}],"player_experience":1259365,"relics_obtained":[{"floor":6,"key":"Shuriken"},{"floor":8,"key":"Smiling Mask"},{"floor":9,"key":"MawBank"},{"floor":13,"key":"Self Forming Clay"}],"event_choices":[{"damage_healed":0,"gold_gain":0,"player_choice":"Lose Max HP","damage_taken":0,"relics_obtained":["Golden Idol"],"max_hp_gain":0,"max_hp_loss":7,"event_name":"Golden Idol","floor":4,"gold_loss":0},{"damage_healed":0,"gold_gain":0,"player_choice":"Got Potions","damage_taken":0,"max_hp_gain":0,"max_hp_loss":0,"event_name":"Lab","floor":5,"gold_loss":0}],"is_beta":true,"boss_relics":[],"items_purged_floors":[3],"is_endless":false,"potions_floor_spawned":[1,8,11,14],"killed_by":"Hexaghost","ascension_level":20}