{"gold_per_floor":[218,230,0,16,191,191,225,244,244,264,292,292,12,29,29,130,130,144,243,158,158,158,158,168,179,205,205,205,205,223,223,223,319,319,333,333,333],"floor_reached":37,"playtime":1869,"items_purged":["Strike_R","Doubt"],"score":566,"play_id":"b518c67a-75e0-4508-9628-11f75dd854dd","local_time":"20190130033342","is_ascension_mode":true,"campfire_choices":[{"data":"Metallicize","floor":6,"key":"SMITH"},{"data":"Metallicize","floor":12,"key":"SMITH"},{"data":"Panacea","floor":15,"key":"SMITH"},{"data":"Dual Wield","floor":23,"key":"SMITH"},{"data":"Havoc","floor":27,"key":"SMITH"},{"data":"Uppercut","floor":29,"key":"SMITH"},{"floor":32,"key":"REST"}],"neow_cost":"NONE","seed_source_timestamp":38501670483208,"circlet_count":0,"master_deck":["AscendersBane","Strike_R","Strike_R","Strike_R","Strike_R","Defend_R","Defend_R","Defend_R","Defend_R","Bash","Iron Wave","Uppercut+1","Metallicize+1","Metallicize+1","Havoc+1","Infernal Blade","Flame Barrier","Panacea+1","Flex","Dual Wield+1","Carnage","Exhume","Feel No Pain","Spot Weakness","Pain","Demon Form","Fire Breathing+1"],"relics":["Burning Blood","Bronze Scales","Potion Belt","Regal Pillow","Mummified Hand","Runic Pyramid","Question Card","MutagenicStrength","Strawberry","WarpedTongs","Black Star","Gremlin Horn"],"potions_floor_usage":[11,16,16,25,33],"damage_taken":[{"damage":0,"enemies":"2 Louse","floor":1,"turns":3},{"damage":6,"enemies":"Jaw Worm","floor":2,"turns":5},{"damage":0,"enemies":"Small Slimes","floor":4,"turns":3},{"damage":27,"enemies":"3 Sentries","floor":7,"turns":12},{"damage":8,"enemies":"2 Fungi Beasts","floor":8,"turns":4},{"damage":0,"enemies":"Blue Slaver","floor":10,"turns":5},{"damage":31,"enemies":"Gremlin Nob","floor":11,"turns":5},{"damage":10,"enemies":"3 Louse","floor":14,"turns":3},{"damage":18,"enemies":"Hexaghost","floor":16,"turns":9},{"damage":14,"enemies":"Spheric Guardian","floor":18,"turns":5},{"damage":12,"enemies":"Chosen","floor":24,"turns":4},{"damage":13,"enemies":"Centurion and Healer","floor":25,"turns":10},{"damage":9,"enemies":"Snake Plant","floor":30,"turns":4},{"damage":37,"enemies":"Champ","floor":33,"turns":11},{"damage":32,"enemies":"Orb Walker","floor":35,"turns":4},{"damage":47,"enemies":"3 Darklings","floor":37,"turns":3}],"seed_played":"-6622158511156606830","potions_obtained":[{"floor":4,"key":"BloodPotion"},{"floor":8,"key":"LiquidBronze"},{"floor":10,"key":"Swift Potion"},{"floor":14,"key":"Block Potion"},{"floor":16,"key":"FairyPotion"},{"floor":18,"key":"FairyPotion"},{"floor":30,"key":"PowerPotion"},{"floor":35,"key":"SpeedPotion"}],"is_trial":false,"path_per_floor":["M","M","$","M","?","R","E","M","T","M","E","R","$","M","R","B",null,"M","?","?","?","?","R","M","M","T","R","?","R","M","?","R","B",null,"M","T","M"],"character_chosen":"IRONCLAD","items_purchased":["Bronze Scales","Panacea","Flex","Dual Wield"],"campfire_rested":1,"item_purchase_floors":[3,13,13,13],"current_hp_per_floor":[78,78,78,80,80,80,59,57,57,63,38,38,38,34,34,30,68,60,60,60,60,45,45,39,32,39,39,69,69,66,66,92,61,84,58,58,11],"gold":333,"neow_bonus":"HUNDRED_GOLD","is_prod":false,"is_daily":false,"chose_seed":false,"campfire_upgraded":6,"win_rate":0,"timestamp":1548837222,"path_taken":["M","M","$","M","?","R","E","M","T","M","E","R","$","M","R","BOSS","M","?","?","?","?","R","?","M","T","R","?","R","M","?","R","BOSS","M","?","?"],"build_version":"2019-01-23","purchased_purges":2,"victory":false,"max_hp_per_floor":[80,80,80,80,80,80,80,80,80,80,80,80,80,80,80,80,80,80,80,80,80,85,85,85,85,92,92,92,92,92,92,92,92,92,92,92,92],"card_choices":[{"not_picked":["Corruption","Armaments"],"picked":"Iron Wave","floor":1},{"not_picked":["True Grit","Searing Blow"],"picked":"Uppercut","floor":2},{"not_picked":["Anger","Armaments"],"picked":"Metallicize","floor":4},{"not_picked":["Bludgeon","Seeing Red"],"picked":"Metallicize","floor":7},{"not_picked":["Pummel","Warcry"],"picked":"Havoc","floor":8},{"not_picked":["Power Through","Infernal Blade","Flex"],"picked":"SKIP","floor":10},{"not_picked":["Power Through","Flex"],"picked":"Infernal Blade","floor":10},{"not_picked":["Heavy Blade","Wild Strike"],"picked":"Flame Barrier","floor":11},{"not_picked":["Burning Pact","Bloodletting"],"picked":"Carnage","floor":14},{"not_picked":["Immolate","Fiend Fire"],"picked":"Exhume","floor":16},{"not_picked":["Sword Boomerang+1","Heavy Blade","Searing Blow"],"picked":"SKIP","floor":18},{"not_picked":["Sentinel","Warcry","Havoc+1","Flex"],"picked":"SKIP","floor":24},{"not_picked":["True Grit","Shockwave+1","Combust"],"picked":"Feel No Pain","floor":25},{"not_picked":["Heavy Blade+1","Thunderclap","Twin Strike+1"],"picked":"Spot Weakness","floor":30},{"not_picked":["Impervious","Dark Embrace","Brutality"],"picked":"Demon Form","floor":33},{"not_picked":["Armaments","Sword Boomerang","Feel No Pain"],"picked":"Fire Breathing+1","floor":35}],"player_experience":300802,"relics_obtained":[{"floor":7,"key":"Potion Belt"},{"floor":9,"key":"Regal Pillow"},{"floor":11,"key":"Mummified Hand"},{"floor":26,"key":"Strawberry"},{"floor":36,"key":"Gremlin Horn"}],"event_choices":[{"damage_healed":0,"gold_gain":175,"player_choice":"AGREE","damage_taken":0,"max_hp_gain":0,"max_hp_loss":0,"event_name":"Liars Game","floor":5,"gold_loss":0,"cards_obtained":["Doubt"]},{"damage_healed":0,"gold_gain":99,"player_choice":"Stole From Cult","damage_taken":0,"max_hp_gain":0,"max_hp_loss":0,"event_name":"Nest","floor":19,"gold_loss":0},{"damage_healed":0,"gold_gain":0,"player_choice":"Obtained Relic","damage_taken":0,"relics_obtained":["Question Card"],"max_hp_gain":0,"max_hp_loss":0,"event_name":"Addict","floor":20,"gold_loss":85},{"damage_healed":0,"gold_gain":0,"player_choice":"Inject Mutagens","damage_taken":0,"relics_obtained":["MutagenicStrength"],"max_hp_gain":0,"max_hp_loss":0,"event_name":"Drug Dealer","floor":21,"gold_loss":0},{"damage_healed":0,"gold_gain":0,"player_choice":"Shed Blood","damage_taken":20,"max_hp_gain":5,"max_hp_loss":0,"event_name":"Forgotten Altar","floor":22,"gold_loss":0},{"damage_healed":30,"gold_gain":0,"player_choice":"Heal","damage_taken":0,"max_hp_gain":0,"max_hp_loss":0,"event_name":"The Library","floor":28,"gold_loss":0},{"damage_healed":0,"gold_gain":0,"player_choice":"Rummage","damage_taken":0,"relics_obtained":["WarpedTongs"],"max_hp_gain":0,"max_hp_loss":0,"event_name":"Accursed Blacksmith","floor":31,"gold_loss":0,"cards_obtained":["Pain"]}],"is_beta":true,"boss_relics":[{"not_picked":["Runic Cube","Pandora\u0027s Box"],"picked":"Runic Pyramid"},{"not_picked":["Eternal Feather","Lizard Tail"],"picked":"Black Star"}],"items_purged_floors":[3,13],"is_endless":false,"potions_floor_spawned":[4,8,10,14,16,18,30,35],"killed_by":"3 Darklings","ascension_level":10}