{"gold_per_floor":[112,29,29,29,52,96,96,111,111,130,130,149,168,168],"floor_reached":14,"playtime":361,"items_purged":[],"score":117,"play_id":"e1481f03-cc49-4b89-acf5-63935317178e","local_time":"20190128084352","is_ascension_mode":false,"campfire_choices":[{"data":"Redo","floor":7,"key":"SMITH"},{"floor":11,"key":"REST"}],"neow_cost":"NONE","seed_source_timestamp":92942427428187,"circlet_count":0,"master_deck":["Strike_B","Strike_B","Strike_B","Strike_B","Defend_B","Defend_B","Defend_B","Defend_B","Zap","Dualcast","Trip","Injury","Redo","Redo+1","Self Repair","White Noise"],"relics":["Cracked Core","NeowsBlessing","Dodecahedron","Golden Idol","Centennial Puzzle","Kunai"],"potions_floor_usage":[8],"damage_taken":[{"damage":0,"enemies":"Small Slimes","floor":1,"turns":1},{"damage":0,"enemies":"2 Louse","floor":5,"turns":1},{"damage":0,"enemies":"Gremlin Nob","floor":6,"turns":1},{"damage":6,"enemies":"Jaw Worm","floor":8,"turns":2},{"damage":33,"enemies":"Large Slime","floor":10,"turns":5},{"damage":15,"enemies":"Exordium Wildlife","floor":12,"turns":4},{"damage":29,"enemies":"Lots of Slimes","floor":13,"turns":4},{"damage":21,"enemies":"3 Louse","floor":14,"turns":2}],"seed_played":"1904384742340761320","potions_obtained":[{"floor":1,"key":"Fruit Juice"},{"floor":6,"key":"FocusPotion"},{"floor":13,"key":"SteroidPotion"}],"is_trial":false,"path_per_floor":["M","$","?","?","M","E","R","M","T","M","R","M","M","M"],"character_chosen":"DEFECT","items_purchased":["Trip"],"campfire_rested":1,"item_purchase_floors":[2],"current_hp_per_floor":[75,75,57,57,57,57,57,56,56,23,47,39,17,0],"gold":168,"neow_bonus":"THREE_ENEMY_KILL","is_prod":false,"is_daily":false,"chose_seed":false,"campfire_upgraded":1,"win_rate":0.0,"timestamp":1548693832,"path_taken":["M","$","?","?","?","E","R","M","T","M","R","M","M","M"],"build_version":"2019-01-23","purchased_purges":0,"victory":false,"max_hp_per_floor":[75,75,75,75,75,75,75,80,80,80,80,80,80,80],"card_choices":[{"not_picked":["Aggregate","Conserve Battery","Melter"],"picked":"SKIP","floor":1},{"not_picked":["Gash","Beam Cell"],"picked":"Redo","floor":5},{"not_picked":["Doom and Gloom","Fusion"],"picked":"Redo","floor":6},{"not_picked":["Turbo","Streamline","Leap"],"picked":"SKIP","floor":8},{"not_picked":["Barrage","Scrape"],"picked":"Self Repair","floor":10},{"not_picked":["Turbo","Coolheaded","FTL"],"picked":"SKIP","floor":12},{"not_picked":["Beam Cell","Stack"],"picked":"White Noise","floor":13}],"player_experience":207590,"relics_obtained":[{"floor":6,"key":"Centennial Puzzle"},{"floor":9,"key":"Kunai"}],"event_choices":[{"damage_healed":0,"gold_gain":0,"player_choice":"Success","damage_taken":18,"relics_obtained":["Dodecahedron"],"max_hp_gain":0,"max_hp_loss":0,"event_name":"Scrap Ooze","floor":3,"gold_loss":0},{"damage_healed":0,"gold_gain":0,"player_choice":"Take Wound","damage_taken":0,"relics_obtained":["Golden Idol"],"max_hp_gain":0,"max_hp_loss":0,"event_name":"Golden Idol","floor":4,"gold_loss":0,"cards_obtained":["Injury"]}],"is_beta":false,"boss_relics":[],"items_purged_floors":[],"is_endless":false,"potions_floor_spawned":[1,6,13],"killed_by":"3 Louse","ascension_level":0}