{"gold_per_floor":[115,115,115,65,85,114,114,40,40,55,71,102,122,122,122,222,222,234,258,268,284,59,59,59],"floor_reached":24,"playtime":869,"items_purged":["Strike_B"],"score":289,"play_id":"ad2d74e6-4e71-448a-8050-06eaf1caf126","local_time":"20190122000452","is_ascension_mode":true,"campfire_choices":[{"data":"Hologram","floor":15,"key":"SMITH"},{"data":"Rainbow","floor":23,"key":"SMITH"}],"neow_cost":"NONE","seed_source_timestamp":24122608998942,"circlet_count":0,"master_deck":["Strike_B","Defend_B","Defend_B","Defend_B","Defend_B","Zap","Dualcast","Go for the Eyes","Doom and Gloom","Beam Cell","Multi-Cast","FTL","Conserve Battery","Hologram+1","Seek","Conserve Battery","Buffer","Coolheaded+1","Steam","Conserve Battery","Rainbow+1"],"relics":["Cracked Core","NeowsBlessing","Mercury Hourglass","Pantograph","Dodecahedron","Blood Vial","Inserter","Anchor"],"potions_floor_usage":[12,13,20,24],"damage_taken":[{"damage":0,"enemies":"Cultist","floor":1,"turns":1},{"damage":0,"enemies":"Jaw Worm","floor":5,"turns":1},{"damage":0,"enemies":"3 Sentries","floor":6,"turns":1},{"damage":0,"enemies":"2 Louse","floor":10,"turns":2},{"damage":2,"enemies":"2 Fungi Beasts","floor":11,"turns":2},{"damage":8,"enemies":"Gremlin Nob","floor":12,"turns":3},{"damage":10,"enemies":"Gremlin Gang","floor":13,"turns":3},{"damage":7,"enemies":"Slime Boss","floor":16,"turns":6},{"damage":11,"enemies":"Spheric Guardian","floor":18,"turns":4},{"damage":19,"enemies":"2 Thieves","floor":20,"turns":5},{"damage":40,"enemies":"Cultist and Chosen","floor":21,"turns":8},{"damage":22,"enemies":"Book of Stabbing","floor":24,"turns":5}],"seed_played":"-7277726116746823742","potions_obtained":[{"floor":5,"key":"Poison Potion"},{"floor":11,"key":"SteroidPotion"},{"floor":13,"key":"SteroidPotion"},{"floor":16,"key":"Energy Potion"},{"floor":18,"key":"Dexterity Potion"},{"floor":21,"key":"AttackPotion"}],"is_trial":false,"path_per_floor":["?","?","?","?","M","?","T","M","$"],"character_chosen":"DEFECT","items_purchased":["FTL","Rainbow"],"campfire_rested":0,"item_purchase_floors":[8,22],"current_hp_per_floor":[75,80,68,68,68,68,68,68,68,68,66,58,50,50,50,70,78,69,69,52,14,14,14,0],"gold":59,"neow_bonus":"THREE_ENEMY_KILL","is_prod":false,"is_daily":false,"chose_seed":false,"campfire_upgraded":2,"win_rate":0,"timestamp":1548133492,"path_taken":["M","?","?","?","M","E","?","$","T","M","?","E","M","?","R","BOSS","M","?","?","M","?","R","E"],"build_version":"2019-01-20","purchased_purges":1,"victory":false,"max_hp_per_floor":[75,80,80,80,80,80,80,80,80,80,80,80,80,80,80,80,80,80,80,80,80,80,80,80],"card_choices":[{"not_picked":["Compile Driver","Consume"],"picked":"Go for the Eyes","floor":1},{"not_picked":["White Noise","Turbo"],"picked":"Doom and Gloom","floor":5},{"not_picked":["Doom and Gloom","Tempest"],"picked":"Beam Cell","floor":6},{"not_picked":["Compile Driver","Turbo"],"picked":"Conserve Battery","floor":10},{"not_picked":["Steam","Redo"],"picked":"Hologram","floor":11},{"not_picked":["Defragment","Ball Lightning"],"picked":"Seek","floor":12},{"not_picked":["Leap","Melter"],"picked":"Conserve Battery","floor":13},{"not_picked":["Amplify","Thunder Strike"],"picked":"Buffer","floor":16},{"not_picked":["Beam Cell+1","Rip and Tear"],"picked":"Coolheaded+1","floor":18},{"not_picked":["Barrage","Rebound+1"],"picked":"Steam","floor":20},{"not_picked":["Barrage","Steam"],"picked":"Conserve Battery","floor":21}],"player_experience":245023,"relics_obtained":[{"floor":6,"key":"Pantograph"},{"floor":9,"key":"Dodecahedron"},{"floor":12,"key":"Blood Vial"},{"floor":19,"key":"Anchor"}],"event_choices":[{"damage_healed":0,"gold_gain":0,"player_choice":"Donut","damage_taken":0,"max_hp_gain":5,"max_hp_loss":0,"event_name":"Big Fish","floor":2,"gold_loss":0},{"damage_healed":0,"gold_gain":0,"player_choice":"Success","damage_taken":12,"relics_obtained":["Mercury Hourglass"],"max_hp_gain":0,"max_hp_loss":0,"event_name":"Scrap Ooze","floor":3,"gold_loss":0},{"cards_removed":["Strike_B"],"damage_healed":0,"gold_gain":0,"player_choice":"Card Removal","damage_taken":0,"max_hp_gain":0,"max_hp_loss":0,"event_name":"The Cleric","floor":4,"gold_loss":50},{"damage_healed":0,"gold_gain":0,"player_choice":"1 cards matched","damage_taken":0,"max_hp_gain":0,"max_hp_loss":0,"event_name":"Match and Keep!","floor":7,"gold_loss":0,"cards_obtained":["Multi-Cast"]},{"cards_removed":["Strike_B"],"damage_healed":0,"gold_gain":0,"player_choice":"Offered Basic","damage_taken":0,"max_hp_gain":0,"max_hp_loss":0,"event_name":"Bonfire Elementals","floor":14,"gold_loss":0}],"is_beta":true,"boss_relics":[{"not_picked":["Lizard Tail","Runic Dome"],"picked":"Inserter"}],"items_purged_floors":[22],"is_endless":false,"potions_floor_spawned":[5,11,13,16,18,21],"killed_by":"Book of Stabbing","ascension_level":5}