{"gold_per_floor":[10,20,40,56,56,56,88,88,113,144,164,164,180,180,180,254,254,232,4,18,34,53,53,53],"floor_reached":24,"playtime":1690,"items_purged":[],"score":389,"play_id":"98bbaedb-b477-4fc0-9b44-843b8289bd54","local_time":"20190316074220","is_ascension_mode":true,"campfire_choices":[{"data":"Zap","floor":6,"key":"SMITH"},{"floor":12,"key":"REST"},{"data":"Hologram","floor":15,"key":"SMITH"},{"floor":23,"key":"REST"}],"neow_cost":"NO_GOLD","seed_source_timestamp":187041203229126,"circlet_count":0,"master_deck":["AscendersBane","Strike_B","Strike_B","Defend_B","Defend_B","Defend_B","Defend_B","Zap+1","Dualcast","Melter","Skim","Reinforced Body","Doom and Gloom","Gash","Hologram+1","Conserve Battery","Hologram","Undo","BootSequence","Core Surge","Sunder+1","Streamline","Glacier","Self Repair","Reinforced Body"],"relics":["Cracked Core","Smiling Mask","Vajra","PreservedInsect","The Courier","Velvet Choker","Sling"],"potions_floor_usage":[4,16,16,17,20,22],"damage_taken":[{"damage":0,"enemies":"Small Slimes","floor":1,"turns":2},{"damage":0,"enemies":"2 Louse","floor":2,"turns":3},{"damage":2,"enemies":"Jaw Worm","floor":3,"turns":3},{"damage":10,"enemies":"Lots of Slimes","floor":4,"turns":3},{"damage":27,"enemies":"Lagavulin","floor":7,"turns":5},{"damage":13,"enemies":"3 Sentries","floor":10,"turns":5},{"damage":0,"enemies":"2 Fungi Beasts","floor":11,"turns":4},{"damage":1,"enemies":"Looter","floor":13,"turns":4},{"damage":27,"enemies":"Hexaghost","floor":16,"turns":10},{"damage":11,"enemies":"2 Thieves","floor":18,"turns":4},{"damage":33,"enemies":"3 Byrds","floor":20,"turns":6},{"damage":5,"enemies":"Snecko","floor":21,"turns":6},{"damage":10,"enemies":"Shelled Parasite and Fungi","floor":22,"turns":5},{"damage":33,"enemies":"Slavers","floor":24,"turns":3}],"seed_played":"4991310845583431507","potions_obtained":[{"floor":1,"key":"FearPotion"},{"floor":4,"key":"Ancient Potion"},{"floor":7,"key":"Weak Potion"},{"floor":11,"key":"AttackPotion"},{"floor":13,"key":"PowerPotion"},{"floor":16,"key":"Fruit Juice"},{"floor":18,"key":"Swift Potion"},{"floor":21,"key":"Fire Potion"}],"is_trial":false,"path_per_floor":["M","M","M","M","$","R","E","?","T","E","M","R","M","?","R","B",null,"M","$","M","M","M","R","E"],"character_chosen":"DEFECT","items_purchased":["Sling","Streamline"],"campfire_rested":2,"item_purchase_floors":[19,19],"current_hp_per_floor":[64,64,62,52,52,52,25,25,25,12,12,33,32,32,32,5,60,49,49,16,11,1,23,0],"gold":53,"neow_bonus":"TRANSFORM_TWO_CARDS","is_prod":false,"is_daily":false,"chose_seed":false,"campfire_upgraded":2,"win_rate":0,"timestamp":1552736540,"path_taken":["M","M","M","M","$","R","E","?","T","E","M","R","M","?","R","BOSS","M","$","M","M","M","R","E"],"build_version":"2019-03-15","purchased_purges":0,"victory":false,"max_hp_per_floor":[71,71,71,71,71,71,71,71,71,71,71,71,71,71,71,71,76,76,76,76,76,76,76,76],"card_choices":[{"not_picked":["Lockon","Compile Driver"],"picked":"Reinforced Body","floor":1},{"not_picked":["Melter","Heatsinks"],"picked":"Doom and Gloom","floor":2},{"not_picked":["Storm","Compile Driver"],"picked":"Gash","floor":3},{"not_picked":["Double Energy","Reinforced Body"],"picked":"Hologram","floor":4},{"not_picked":["Hyperbeam","Scrape"],"picked":"Conserve Battery","floor":7},{"not_picked":["Heatsinks","Scrape"],"picked":"Hologram","floor":10},{"not_picked":["Genetic Algorithm","Melter"],"picked":"Undo","floor":11},{"not_picked":["Ball Lightning","Streamline"],"picked":"BootSequence","floor":13},{"not_picked":["Thunder Strike","Reboot"],"picked":"Core Surge","floor":16},{"not_picked":["Defragment","Rebound"],"picked":"Sunder+1","floor":18},{"not_picked":["Compile Driver","Stack"],"picked":"Glacier","floor":20},{"not_picked":["Ball Lightning","Reboot"],"picked":"Self Repair","floor":21},{"not_picked":["Turbo+1","Ball Lightning"],"picked":"Reinforced Body","floor":22}],"player_experience":519481,"relics_obtained":[{"floor":7,"key":"Smiling Mask"},{"floor":9,"key":"Vajra"},{"floor":10,"key":"PreservedInsect"}],"event_choices":[{"damage_healed":0,"gold_gain":0,"player_choice":"Ignored","damage_taken":0,"max_hp_gain":0,"max_hp_loss":0,"event_name":"Shining Light","floor":8,"gold_loss":0},{"damage_healed":0,"gold_gain":0,"player_choice":"Searched \u00271\u0027 times","damage_taken":0,"relics_obtained":["The Courier"],"max_hp_gain":0,"max_hp_loss":0,"event_name":"Dead Adventurer","floor":14,"gold_loss":0}],"is_beta":true,"boss_relics":[{"not_picked":["Pandora\u0027s Box","Astrolabe"],"picked":"Velvet Choker"}],"items_purged_floors":[],"is_endless":false,"potions_floor_spawned":[1,4,7,11,13,16,18,21],"killed_by":"Slavers","ascension_level":17}