{"gold_per_floor":[110,110,57,67,79,79,105,120,120,120],"floor_reached":10,"playtime":442,"items_purged":[],"score":136,"play_id":"f8ccd10e-5f7a-44ac-9058-1c6fc94765b9","local_time":"20190322170807","is_ascension_mode":true,"campfire_choices":[{"data":"Choke","floor":6.0,"key":"SMITH"}],"neow_cost":"CURSE","seed_source_timestamp":823461104121761,"circlet_count":0,"master_deck":["AscendersBane","Defend_G","Defend_G+1","Defend_G","Defend_G","Defend_G","Strike_G","Strike_G+1","Strike_G","Survivor","Neutralize","Clumsy","Night Terror","Night Terror","Choke+1","Sucker Punch","Flying Knee","Burst","Dagger Throw"],"special_seed":0,"relics":["Ring of the Snake","Letter Opener","The Courier"],"potions_floor_usage":[8,10],"damage_taken":[{"damage":3.0,"enemies":"Small Slimes","floor":1.0,"turns":7.0},{"damage":0.0,"enemies":"2 Louse","floor":4.0,"turns":3.0},{"damage":0.0,"enemies":"Cultist","floor":5.0,"turns":4.0},{"damage":35.0,"enemies":"Lagavulin","floor":7.0,"turns":9.0},{"damage":0,"enemies":"Lots of Slimes","floor":8,"turns":2},{"damage":0,"enemies":"3 Sentries","floor":10,"turns":4}],"seed_played":"-357982301568107029","potions_obtained":[{"floor":5.0,"key":"Fire Potion"},{"floor":7.0,"key":"Explosive Potion"},{"floor":8,"key":"Fire Potion"}],"is_trial":false,"path_per_floor":["M","?","$","M","M","R","E","M","T","E"],"character_chosen":"THE_SILENT","items_purchased":["AttackPotion"],"campfire_rested":0,"item_purchase_floors":[3],"current_hp_per_floor":[56,36,36,36,36,36,1,1,1,1],"gold":120,"neow_bonus":"TRANSFORM_TWO_CARDS","is_prod":false,"is_daily":false,"chose_seed":false,"campfire_upgraded":1,"win_rate":0,"timestamp":1553288887,"path_taken":["M","?","$","M","M","R","E","M","T","E"],"build_version":"2019-03-15","purchased_purges":0,"victory":false,"max_hp_per_floor":[66,66,66,66,66,66,66,66,66,66],"card_choices":[{"not_picked":["Backflip","Blade Dance"],"picked":"Choke","floor":1.0},{"not_picked":["Acrobatics","Dodge and Roll"],"picked":"Sucker Punch","floor":4.0},{"not_picked":["Outmaneuver","Dagger Throw"],"picked":"Flying Knee","floor":5.0},{"not_picked":["Choke","Heel Hook"],"picked":"Burst","floor":7.0},{"not_picked":["Prepared","Blade Dance"],"picked":"Dagger Throw","floor":8}],"player_experience":1183175,"relics_obtained":[{"floor":7.0,"key":"Letter Opener"},{"floor":9,"key":"The Courier"}],"event_choices":[{"damage_healed":0.0,"max_hp_gain":0.0,"max_hp_loss":0.0,"gold_gain":0.0,"event_name":"Shining Light","player_choice":"Entered Light","floor":2.0,"gold_loss":0.0,"damage_taken":20.0,"cards_upgraded":["Defend_G","Strike_G"]}],"is_beta":true,"boss_relics":[],"items_purged_floors":[],"is_endless":false,"potions_floor_spawned":[5,7,8],"killed_by":"3 Sentries","ascension_level":20}