{"gold_per_floor":[109,120,140,31,45,45,78,78,78,78,78,78,94,94,94,198,198,216,141,141,321,338,338,352,352,352,386,405,90,107,26,26,129,129,145,145,70,88,88,121,121,121,146,174,174,199,199,210,210,210],"floor_reached":51,"playtime":5479,"items_purged":["Strike_B"],"score":751,"play_id":"bc2b2ab8-4ca6-4620-b75b-03b0df5ef1c1","local_time":"20190317214107","is_ascension_mode":false,"campfire_choices":[{"data":"Chaos","floor":6.0,"key":"SMITH"},{"data":"Loop","floor":8.0,"key":"SMITH"},{"data":"Zap","floor":12.0,"key":"SMITH"},{"floor":15.0,"key":"REST"},{"data":"Fission","floor":23.0,"key":"SMITH"},{"data":"Capacitor","floor":25.0,"key":"SMITH"},{"floor":32.0,"key":"REST"},{"data":"Hologram","floor":42,"key":"SMITH"},{"data":"Conserve Battery","floor":47,"key":"SMITH"},{"floor":49,"key":"REST"}],"neow_cost":"NONE","seed_source_timestamp":0,"circlet_count":0,"master_deck":["Defend_B","Defend_B","Defend_B","Defend_B","Zap+1","Dualcast","Loop+1","Beam Cell","Capacitor+1","FTL","Chaos+1","Hologram+1","Conserve Battery+1","Doom and Gloom","Fission+1","Compile Driver","RitualDagger","Melter+1","BootSequence","Go for the Eyes+1","Force Field","Chill","Dark Shackles","Machine Learning+1","Compile Driver+1","Loop+1","Rip and Tear+1","Doubt","Buffer+1","Coolheaded+1"],"special_seed":0,"relics":["Cracked Core","Happy Flower","Boot","Nuclear Battery","Frozen Egg 2","Ornamental Fan","Molten Egg 2","Velvet Choker","Bag of Marbles","Blood Vial","Calipers","StoneCalendar"],"potions_floor_usage":[40,44,50],"damage_taken":[{"damage":1.0,"enemies":"Cultist","floor":1.0,"turns":4.0},{"damage":2.0,"enemies":"2 Louse","floor":2.0,"turns":3.0},{"damage":2.0,"enemies":"Small Slimes","floor":3.0,"turns":5.0},{"damage":2.0,"enemies":"Looter","floor":5.0,"turns":4.0},{"damage":18.0,"enemies":"3 Sentries","floor":7.0,"turns":7.0},{"damage":1.0,"enemies":"Exordium Thugs","floor":13.0,"turns":5.0},{"damage":0.0,"enemies":"Slime Boss","floor":16.0,"turns":7.0},{"damage":5.0,"enemies":"3 Byrds","floor":18.0,"turns":3.0},{"damage":5.0,"enemies":"Shell Parasite","floor":22.0,"turns":4.0},{"damage":16.0,"enemies":"Snake Plant","floor":24.0,"turns":4.0},{"damage":16.0,"enemies":"Slavers","floor":27.0,"turns":4.0},{"damage":5.0,"enemies":"Chosen and Byrds","floor":28.0,"turns":6.0},{"damage":7.0,"enemies":"Sentry and Sphere","floor":30.0,"turns":6.0},{"damage":24.0,"enemies":"Automaton","floor":33.0,"turns":12.0},{"damage":12.0,"enemies":"3 Shapes","floor":35.0,"turns":4.0},{"damage":0.0,"enemies":"Orb Walker","floor":38.0,"turns":4.0},{"damage":17,"enemies":"Nemesis","floor":40,"turns":7},{"damage":34,"enemies":"Reptomancer","floor":44,"turns":6},{"damage":16,"enemies":"Nemesis","floor":46,"turns":7},{"damage":5,"enemies":"Jaw Worm Horde","floor":48,"turns":4},{"damage":61,"enemies":"Donu and Deca","floor":50,"turns":10}],"seed_played":"1962970813044699704","potions_obtained":[{"floor":1.0,"key":"FocusPotion"},{"floor":3.0,"key":"Strength Potion"},{"floor":7.0,"key":"Energy Potion"},{"floor":35.0,"key":"Weak Potion"},{"floor":38.0,"key":"GamblersBrew"},{"floor":48,"key":"PowerPotion"}],"is_trial":false,"path_per_floor":["M","M","M","$","M","R","E","R","T","?","?","R","M","?","R","B",null,"M","?","?","?","M","R","M","R","T","E","M","$","M","$","R","B",null,"M","?","$","M","?","E","?","R","T","E","?","E","R","M","R","B",null],"character_chosen":"DEFECT","items_purchased":["FTL","Molten Egg 2","Force Field","Dark Shackles","Loop+1"],"campfire_rested":3,"item_purchase_floors":[4,29,29,31,37],"current_hp_per_floor":[81,79,77,77,75,75,57,57,57,50,55,55,54,54,80,80,87,82,82,76,52,47,47,31,31,31,15,10,10,3,3,29,5,87,75,75,75,75,75,58,58,58,58,26,83,67,67,64,83,22],"gold":210,"neow_bonus":"TEN_PERCENT_HP_BONUS","is_prod":false,"is_daily":false,"chose_seed":false,"campfire_upgraded":7,"win_rate":0.0,"timestamp":1552839067,"path_taken":["M","?","M","$","M","R","E","R","T","?","?","R","M","?","R","BOSS","M","?","?","?","?","R","M","R","T","E","M","$","M","$","R","BOSS","M","?","?","M","?","E","?","R","T","E","?","E","R","?","R","BOSS"],"build_version":"2019-01-23","purchased_purges":1,"victory":true,"max_hp_per_floor":[82,82,82,82,82,82,82,82,82,82,87,87,87,87,87,87,87,87,87,87,87,87,87,87,87,87,87,87,87,87,87,87,87,87,87,87,87,87,87,87,83,83,83,83,83,83,83,83,83,83],"card_choices":[{"not_picked":["Lockon","Gash"],"picked":"Loop","floor":1.0},{"not_picked":["Sweeping Beam","Barrage"],"picked":"Beam Cell","floor":2.0},{"not_picked":["Scrape","Storm"],"picked":"Capacitor","floor":3.0},{"not_picked":["Beam Cell","Streamline"],"picked":"Chaos","floor":5.0},{"not_picked":["Beam Cell","Rainbow"],"picked":"Hologram","floor":7.0},{"not_picked":["Barrage","Darkness"],"picked":"Conserve Battery","floor":13.0},{"not_picked":["Multi-Cast","Creative AI"],"picked":"Fission","floor":16.0},{"not_picked":["Coolheaded","Lockon"],"picked":"Compile Driver","floor":18.0},{"not_picked":["Ball Lightning","Heatsinks+1"],"picked":"Melter+1","floor":22.0},{"not_picked":["Static Discharge","Reprogram+1"],"picked":"BootSequence","floor":24.0},{"not_picked":["Ball Lightning+1","Consume+1"],"picked":"Go for the Eyes+1","floor":27.0},{"not_picked":["Rip and Tear","Steam","Heatsinks+1"],"picked":"SKIP","floor":28.0},{"not_picked":["Go for the Eyes+1","Barrage+1"],"picked":"Chill","floor":30.0},{"not_picked":["Biased Cognition+1","Fission"],"picked":"Machine Learning+1","floor":33.0},{"not_picked":["Go for the Eyes+1","Stack"],"picked":"Compile Driver+1","floor":35.0},{"not_picked":["Coolheaded","Heatsinks+1","Reboot"],"picked":"SKIP","floor":38.0},{"not_picked":["Redo","Darkness"],"picked":"Rip and Tear+1","floor":40},{"not_picked":["Lockon+1","Sweeping Beam+1","Redo"],"picked":"SKIP","floor":44},{"not_picked":["Compile Driver+1","Hello World+1"],"picked":"Buffer+1","floor":46},{"not_picked":["Hello World+1","Go for the Eyes+1"],"picked":"Coolheaded+1","floor":48}],"player_experience":10330,"relics_obtained":[{"floor":7.0,"key":"Happy Flower"},{"floor":9.0,"key":"Boot"},{"floor":26.0,"key":"Frozen Egg 2"},{"floor":27.0,"key":"Ornamental Fan"},{"floor":40,"key":"Bag of Marbles"},{"floor":43,"key":"Blood Vial"},{"floor":44,"key":"Calipers"},{"floor":46,"key":"StoneCalendar"}],"event_choices":[{"cards_removed":["Strike_B"],"damage_healed":0.0,"max_hp_gain":0.0,"max_hp_loss":0.0,"gold_gain":0.0,"event_name":"Golden Wing","player_choice":"Card Removal","floor":10.0,"gold_loss":0.0,"damage_taken":7.0},{"damage_healed":0.0,"max_hp_gain":5.0,"max_hp_loss":0.0,"gold_gain":0.0,"event_name":"Big Fish","player_choice":"Donut","floor":11.0,"gold_loss":0.0,"damage_taken":0.0},{"damage_healed":0.0,"max_hp_gain":0.0,"max_hp_loss":0.0,"gold_gain":0.0,"cards_transformed":["Strike_B"],"event_name":"Living Wall","player_choice":"Change","floor":14.0,"gold_loss":0.0,"damage_taken":0.0,"cards_obtained":["Doom and Gloom"]},{"cards_removed":["Strike_B"],"damage_healed":0.0,"max_hp_gain":0.0,"max_hp_loss":0.0,"gold_gain":0.0,"event_name":"Beggar","player_choice":"Gave Gold","floor":19.0,"gold_loss":75.0,"damage_taken":0.0},{"damage_healed":0.0,"max_hp_gain":0.0,"max_hp_loss":0.0,"gold_gain":0.0,"event_name":"Nest","player_choice":"Joined the Cult","floor":20.0,"gold_loss":0.0,"damage_taken":6.0,"cards_obtained":["RitualDagger"]},{"damage_healed":0.0,"max_hp_gain":0.0,"max_hp_loss":0.0,"gold_gain":180.0,"event_name":"Knowing Skull","player_choice":"GOLD GOLD ","floor":21.0,"potions_obtained":[],"gold_loss":0.0,"damage_taken":24.0,"cards_obtained":[]},{"damage_healed":0.0,"max_hp_gain":0.0,"max_hp_loss":0.0,"gold_gain":0.0,"event_name":"NoteForYourself","player_choice":"Ignored","floor":36.0,"gold_loss":0.0,"damage_taken":0.0},{"damage_healed":0.0,"max_hp_gain":0.0,"max_hp_loss":0.0,"gold_gain":0.0,"event_name":"SensoryStone","player_choice":"Memory 1","floor":39.0,"gold_loss":0.0,"damage_taken":0.0},{"damage_healed":0,"gold_gain":0,"player_choice":"Max HP","damage_taken":0,"max_hp_gain":0,"max_hp_loss":4,"event_name":"Winding Halls","floor":41,"gold_loss":0},{"damage_healed":57,"gold_gain":0,"player_choice":"Heal","damage_taken":0,"max_hp_gain":0,"max_hp_loss":0,"event_name":"MindBloom","floor":45,"gold_loss":0,"cards_obtained":["Doubt"]}],"is_beta":false,"boss_relics":[{"not_picked":["Ectoplasm","FrozenCore"],"picked":"Nuclear Battery"},{"not_picked":["Runic Dome","Snecko Eye"],"picked":"Velvet Choker"}],"items_purged_floors":[4],"is_endless":false,"potions_floor_spawned":[1,3,7,16,18,22,35,38,48],"ascension_level":0}