{"gold_per_floor":[109,123,123,142,142,171,171,171,171,171,171,171,130,159,159,255,255,271,271,74,74,93,93,118,29,110,25,39,49,114,128,128,227,227,247,247,263,263,64,92,92],"floor_reached":41,"playtime":1505,"items_purged":["Parasite","Strike_R"],"score":589,"play_id":"67360bda-3311-468f-a59f-2b3df71aa941","local_time":"20190311051520","is_ascension_mode":true,"campfire_choices":[{"data":"Feed","floor":7,"key":"SMITH"},{"data":"Headbutt","floor":10,"key":"SMITH"},{"data":"Bash","floor":12,"key":"SMITH"},{"data":"Clothesline","floor":15,"key":"SMITH"},{"floor":23,"key":"REST"},{"data":"Bludgeon","floor":32,"key":"SMITH"}],"neow_cost":"NONE","seed_source_timestamp":253081534763290,"circlet_count":0,"master_deck":["Strike_R","Strike_R","Strike_R","Strike_R","Defend_R","Defend_R","Defend_R","Defend_R","Bash","Headbutt+1","Clothesline+1","Bash+1","Flex","Feed+1","Dual Wield+1","Bludgeon+1","Armaments+1","Necronomicurse","Thunderclap","Cleave+1","Wild Strike+1","Good Instincts+1"],"relics":["Burning Blood","Bag of Preparation","Ice Cream","Paper Frog","Toxic Egg 2","Smiling Mask","Lizard Tail","Necronomicon","Strawberry","MutagenicStrength","Du-Vu Doll","Meat on the Bone","Oddly Smooth Stone","Tiny Chest","Mark of Pain","Blood Vial","Anchor"],"potions_floor_usage":[18,24,29,33,37,37],"damage_taken":[{"damage":18,"enemies":"Small Slimes","floor":1,"turns":4},{"damage":1,"enemies":"Cultist","floor":2,"turns":3},{"damage":9,"enemies":"2 Louse","floor":4,"turns":3},{"damage":53,"enemies":"3 Sentries","floor":6,"turns":10},{"damage":6,"enemies":"Gremlin Nob","floor":14,"turns":3},{"damage":56,"enemies":"Hexaghost","floor":16,"turns":11},{"damage":48,"enemies":"3 Byrds","floor":18,"turns":8},{"damage":31,"enemies":"2 Thieves","floor":22,"turns":4},{"damage":0,"enemies":"Gremlin Leader","floor":24,"turns":2},{"damage":6,"enemies":"3 Cultists","floor":28,"turns":4},{"damage":4,"enemies":"Snecko","floor":29,"turns":3},{"damage":24,"enemies":"Book of Stabbing","floor":30,"turns":3},{"damage":18,"enemies":"Cultist and Chosen","floor":31,"turns":3},{"damage":61,"enemies":"Champ","floor":33,"turns":7},{"damage":33,"enemies":"3 Shapes","floor":35,"turns":4},{"damage":31,"enemies":"3 Darklings","floor":37,"turns":4},{"damage":74,"enemies":"Reptomancer","floor":40,"turns":4},{"damage":35,"enemies":"4 Shapes","floor":41,"turns":8}],"seed_played":"5449170630555903420","potions_obtained":[{"floor":1,"key":"SpeedPotion"},{"floor":4,"key":"FairyPotion"},{"floor":16,"key":"Fire Potion"},{"floor":18,"key":"Dexterity Potion"},{"floor":22,"key":"AttackPotion"},{"floor":28,"key":"LiquidBronze"},{"floor":31,"key":"GamblersBrew"}],"is_trial":false,"path_per_floor":["M","M","?","M","?","E","R","T","T","R","?","R","?","E","R","B",null,"M","?","$","?","M","R","E","$","T","?","M","M","E","M","R","B",null,"M","?","M","?","$","E","M"],"character_chosen":"IRONCLAD","items_purchased":["Strawberry","Madness+1","Blood Vial"],"campfire_rested":1,"item_purchase_floors":[20,25,39],"current_hp_per_floor":[68,73,73,70,75,28,28,28,28,28,49,49,49,49,49,11,89,51,35,42,42,21,51,57,57,57,57,61,63,61,61,61,72,109,86,86,73,73,73,23,0],"gold":92,"neow_bonus":"RANDOM_COMMON_RELIC","is_prod":false,"is_daily":false,"chose_seed":false,"campfire_upgraded":5,"win_rate":0,"timestamp":1552306520,"path_taken":["M","M","?","?","?","E","R","?","T","R","?","R","?","E","R","BOSS","M","?","$","?","M","R","E","?","T","?","?","M","E","M","R","BOSS","M","?","M","?","?","E","M"],"build_version":"2019-01-23","purchased_purges":2,"victory":false,"max_hp_per_floor":[80,80,80,80,85,85,85,85,85,85,85,85,85,85,85,89,89,93,93,97,97,101,101,101,101,101,101,105,105,109,109,109,109,109,113,113,113,113,113,117,117],"card_choices":[{"not_picked":["Burning Pact","Sever Soul"],"picked":"Headbutt","floor":1},{"not_picked":["Feel No Pain","Pummel"],"picked":"Clothesline","floor":2},{"not_picked":["Armaments","Shockwave"],"picked":"Flex","floor":4},{"not_picked":["Berserk","Uppercut"],"picked":"Feed","floor":6},{"not_picked":["Fiend Fire","Perfected Strike"],"picked":"Dual Wield+1","floor":14},{"not_picked":["Berserk","Immolate"],"picked":"Bludgeon","floor":16},{"not_picked":["Warcry+1","Intimidate+1"],"picked":"Armaments+1","floor":18},{"not_picked":["Wild Strike","Fiend Fire"],"picked":"Thunderclap","floor":22},{"not_picked":["Shrug It Off+1","Wild Strike+1"],"picked":"Cleave+1","floor":24},{"not_picked":["Battle Trance+1","Sword Boomerang","Warcry+1"],"picked":"SKIP","floor":28},{"not_picked":["Brutality","Anger+1","Iron Wave"],"picked":"SKIP","floor":29},{"not_picked":["Clothesline","Metallicize","Bludgeon"],"picked":"SKIP","floor":30},{"not_picked":["Cleave","Dropkick","Evolve"],"picked":"SKIP","floor":31},{"not_picked":["True Grit+1","Warcry+1","Cleave"],"picked":"SKIP","floor":35},{"not_picked":["Combust+1","Power Through+1"],"picked":"Wild Strike+1","floor":37},{"not_picked":["Enlightenment+1","Mayhem"],"picked":"Good Instincts+1","floor":38},{"not_picked":["Thunderclap","Carnage","Battle Trance+1"],"picked":"SKIP","floor":40}],"player_experience":322542,"relics_obtained":[{"floor":6,"key":"Ice Cream"},{"floor":8,"key":"Paper Frog"},{"floor":9,"key":"Toxic Egg 2"},{"floor":14,"key":"Smiling Mask"},{"floor":19,"key":"Necronomicon"},{"floor":24,"key":"Du-Vu Doll"},{"floor":26,"key":"Meat on the Bone"},{"floor":30,"key":"Tiny Chest"},{"floor":40,"key":"Anchor"}],"event_choices":[{"damage_healed":0,"gold_gain":0,"player_choice":"1 cards matched","damage_taken":0,"max_hp_gain":0,"max_hp_loss":0,"event_name":"Match and Keep!","floor":3,"gold_loss":0,"cards_obtained":["Bash"]},{"damage_healed":0,"gold_gain":0,"player_choice":"Donut","damage_taken":0,"max_hp_gain":5,"max_hp_loss":0,"event_name":"Big Fish","floor":5,"gold_loss":0},{"damage_healed":21,"gold_gain":0,"player_choice":"Healed and dodged fight","damage_taken":0,"max_hp_gain":0,"max_hp_loss":0,"event_name":"Mushrooms","floor":11,"gold_loss":0,"cards_obtained":["Parasite"]},{"damage_healed":0,"gold_gain":0,"player_choice":"Left Gold","damage_taken":0,"max_hp_gain":0,"max_hp_loss":0,"event_name":"World of Goop","floor":13,"gold_loss":41},{"damage_healed":0,"gold_gain":0,"player_choice":"Obtained Book","damage_taken":16,"max_hp_gain":0,"max_hp_loss":0,"event_name":"Cursed Tome","floor":19,"gold_loss":0},{"damage_healed":0,"gold_gain":0,"player_choice":"Inject Mutagens","damage_taken":0,"relics_obtained":["MutagenicStrength"],"max_hp_gain":0,"max_hp_loss":0,"event_name":"Drug Dealer","floor":21,"gold_loss":0},{"damage_healed":0,"gold_gain":0,"player_choice":"Obtained Relic","damage_taken":0,"relics_obtained":["Oddly Smooth Stone"],"max_hp_gain":0,"max_hp_loss":0,"event_name":"Addict","floor":27,"gold_loss":85},{"cards_removed":["Madness"],"damage_healed":0,"gold_gain":0,"player_choice":"Removed Skill","damage_taken":0,"max_hp_gain":0,"max_hp_loss":0,"event_name":"Falling","floor":36,"gold_loss":0},{"damage_healed":0,"gold_gain":0,"player_choice":"Memory 1","damage_taken":0,"max_hp_gain":0,"max_hp_loss":0,"event_name":"SensoryStone","floor":38,"gold_loss":0}],"is_beta":false,"boss_relics":[{"not_picked":["White Beast Statue","Tiny House"],"picked":"Lizard Tail"},{"not_picked":["Busted Crown","Orrery"],"picked":"Mark of Pain"}],"items_purged_floors":[20,39],"is_endless":false,"potions_floor_spawned":[1,4,16,18,22,28,31],"killed_by":"4 Shapes","ascension_level":2}