{"gold_per_floor":[119,132,132,147,165,165,195,195,195,195,206,11,36,50,50,129,129,148,48,63,63,63,63,75,75,75,75,107,127,127,144,144,216,216,229,53,72,72,72],"floor_reached":40,"playtime":4576,"items_purged":["Strike_G","Strike_G"],"score":1183,"play_id":"29c0bf3e-d458-44af-b94c-17653791bc71","local_time":"20190102180434","is_ascension_mode":true,"campfire_choices":[{"data":"Cloak And Dagger","floor":6.0,"key":"SMITH"},{"floor":8.0,"key":"REST"},{"data":"Bouncing Flask","floor":10.0,"key":"SMITH"},{"data":"Well Laid Plans","floor":15.0,"key":"SMITH"},{"data":"Corpse Explosion","floor":23.0,"key":"SMITH"},{"data":"Crippling Poison","floor":25.0,"key":"SMITH"},{"data":"PiercingWail","floor":27.0,"key":"SMITH"},{"data":"Leg Sweep","floor":32.0,"key":"SMITH"}],"neow_cost":"NONE","seed_source_timestamp":0,"circlet_count":0,"master_deck":["AscendersBane","Defend_G+1","Defend_G+1","Defend_G+1","Defend_G+1","Defend_G+1","Strike_G+1","Survivor","Neutralize+1","Cloak And Dagger+1","Blade Dance","Bouncing Flask+1","Well Laid Plans+1","PiercingWail+1","Bullet Time","Deadly Poison","Corpse Explosion+1","Crippling Poison+1","Phantasmal Killer","Tools of the Trade","Quick Slash","Dash","Leg Sweep+1","Acrobatics+1","Night Terror","The Bomb"],"special_seed":0,"relics":["Ring of the Snake","Snake Skull","PreservedInsect","Question Card","Snecko Eye","Pear","Mummified Hand","Busted Crown"],"potions_floor_usage":[37,39],"damage_taken":[{"damage":2.0,"enemies":"Cultist","floor":1.0,"turns":5.0},{"damage":0.0,"enemies":"2 Louse","floor":2.0,"turns":5.0},{"damage":4.0,"enemies":"Small Slimes","floor":4.0,"turns":7.0},{"damage":17.0,"enemies":"Exordium Thugs","floor":5.0,"turns":8.0},{"damage":23.0,"enemies":"3 Sentries","floor":7.0,"turns":9.0},{"damage":0.0,"enemies":"Gremlin Gang","floor":11.0,"turns":5.0},{"damage":4.0,"enemies":"Lagavulin","floor":13.0,"turns":5.0},{"damage":5.0,"enemies":"Looter","floor":14.0,"turns":4.0},{"damage":0.0,"enemies":"Hexaghost","floor":16.0,"turns":8.0},{"damage":1.0,"enemies":"Chosen","floor":18.0,"turns":4.0},{"damage":6.0,"enemies":"3 Byrds","floor":20.0,"turns":3.0},{"damage":0.0,"enemies":"Cultist and Chosen","floor":24.0,"turns":4.0},{"damage":0.0,"enemies":"Book of Stabbing","floor":28.0,"turns":4.0},{"damage":9.0,"enemies":"Snake Plant","floor":29.0,"turns":4.0},{"damage":1.0,"enemies":"Sentry and Sphere","floor":31.0,"turns":5.0},{"damage":43.0,"enemies":"Collector","floor":33.0,"turns":7.0},{"damage":0,"enemies":"Orb Walker","floor":35,"turns":2},{"damage":0,"enemies":"3 Darklings","floor":37,"turns":2},{"damage":15,"enemies":"Awakened One","floor":39,"turns":12}],"seed_played":"-7038885138573655488","potions_obtained":[{"floor":1.0,"key":"Block Potion"},{"floor":5.0,"key":"Swift Potion"},{"floor":13.0,"key":"Block Potion"},{"floor":18.0,"key":"Swift Potion"},{"floor":29.0,"key":"Ancient Potion"},{"floor":35,"key":"Dexterity Potion"},{"floor":37,"key":"Fruit Juice"}],"is_trial":false,"path_per_floor":["M","M","?","M","M","R","E","R","T","R","M","$","E","E","M","R","B",null,"M","$","M","?","?","R","M","R","T","R","E","M","?","M","R","B",null,"M","$","M","?","B",null],"character_chosen":"THE_SILENT","items_purchased":["Well Laid Plans","PiercingWail","The Bomb"],"campfire_rested":1,"item_purchase_floors":[12,12,36],"current_hp_per_floor":[61,61,61,57,40,40,17,38,38,38,38,38,34,29,29,29,60,59,59,53,53,53,53,53,53,63,63,63,54,54,53,53,10,63,63,63,68,68,53],"gold":72,"neow_bonus":"UPGRADE_CARD","is_prod":false,"is_daily":false,"chose_seed":false,"campfire_upgraded":7,"win_rate":0,"timestamp":1546470274,"path_taken":["M","M","?","M","M","R","E","R","T","R","M","$","E","M","R","BOSS","M","$","M","?","?","R","?","R","T","R","E","?","?","M","R","BOSS","M","$","M","?","BOSS"],"build_version":"2018-12-20","purchased_purges":2,"victory":true,"max_hp_per_floor":[70,70,70,70,70,70,70,70,70,70,70,70,70,70,70,70,70,70,70,70,70,70,70,70,70,80,80,80,80,80,80,80,80,80,80,80,85,85,85],"card_choices":[{"not_picked":["Tactician","Underhanded Strike"],"picked":"Cloak And Dagger","floor":1.0},{"not_picked":["Slice","Deflect","Outmaneuver"],"picked":"SKIP","floor":2.0},{"not_picked":["Predator","Leg Sweep"],"picked":"Blade Dance","floor":4.0},{"not_picked":["Distraction","Flying Knee"],"picked":"Bouncing Flask","floor":5.0},{"not_picked":["Expertise","Outmaneuver","Backflip"],"picked":"SKIP","floor":7.0},{"not_picked":["Sucker Punch","Acrobatics","Blade Dance"],"picked":"SKIP","floor":11.0},{"not_picked":["Accuracy","Eviscerate"],"picked":"Bullet Time","floor":13.0},{"not_picked":["Endless Agony","Sucker Punch","Terror"],"picked":"Deadly Poison","floor":14.0},{"not_picked":["Unload","Bullet Time","Wraith Form v2"],"picked":"Corpse Explosion","floor":16.0},{"not_picked":["Sucker Punch","Backflip","Poisoned Stab"],"picked":"Crippling Poison","floor":18.0},{"not_picked":["Deflect","Caltrops","Prepared","Flying Knee"],"picked":"SKIP","floor":20.0},{"not_picked":["Dagger Throw+1","Slice","Heel Hook"],"picked":"Quick Slash","floor":24.0},{"not_picked":["Cloak And Dagger","Skewer+1","Finisher"],"picked":"Dash","floor":28.0},{"not_picked":["Dagger Throw","Choke","Sucker Punch"],"picked":"Leg Sweep","floor":29.0},{"not_picked":["Leg Sweep","Eviscerate","Deflect+1"],"picked":"Acrobatics+1","floor":31.0},{"not_picked":["Wraith Form v2","Phantasmal Killer","Adrenaline"],"picked":"Night Terror","floor":33.0},{"not_picked":["Cloak And Dagger","Backstab"],"picked":"SKIP","floor":35},{"not_picked":["Deadly Poison","Deflect"],"picked":"SKIP","floor":37}],"player_experience":397671,"relics_obtained":[{"floor":7.0,"key":"Snake Skull"},{"floor":9.0,"key":"PreservedInsect"},{"floor":13.0,"key":"Question Card"},{"floor":26.0,"key":"Pear"},{"floor":28.0,"key":"Mummified Hand"}],"event_choices":[{"damage_healed":0.0,"max_hp_gain":0.0,"max_hp_loss":0.0,"gold_gain":0.0,"event_name":"Liars Game","player_choice":"Ignored","floor":3.0,"gold_loss":0.0,"damage_taken":0.0},{"damage_healed":0.0,"max_hp_gain":0.0,"max_hp_loss":0.0,"gold_gain":0.0,"cards_transformed":["Strike_G","Strike_G"],"event_name":"Drug Dealer","player_choice":"Became Test Subject","floor":21.0,"gold_loss":0.0,"damage_taken":0.0,"cards_obtained":["Phantasmal Killer","Tools of the Trade"]},{"damage_healed":0.0,"max_hp_gain":0.0,"max_hp_loss":0.0,"gold_gain":0.0,"event_name":"The Mausoleum","player_choice":"Ignored","floor":22.0,"gold_loss":0.0,"damage_taken":0.0},{"damage_healed":0.0,"max_hp_gain":0.0,"max_hp_loss":0.0,"gold_gain":0.0,"event_name":"Back to Basics","player_choice":"Simplicity","floor":30.0,"gold_loss":0.0,"damage_taken":0.0,"cards_upgraded":["Defend_G","Defend_G","Defend_G","Defend_G","Defend_G","Strike_G"]},{"damage_healed":0,"gold_gain":0,"player_choice":"Took Portal","damage_taken":0,"max_hp_gain":0,"max_hp_loss":0,"event_name":"SecretPortal","floor":38,"gold_loss":0}],"is_beta":false,"boss_relics":[{"not_picked":["Empty Cage","White Beast Statue"],"picked":"Snecko Eye"},{"not_picked":["Cursed Key","WristBlade"],"picked":"Busted Crown"}],"items_purged_floors":[12,19],"is_endless":false,"potions_floor_spawned":[1,5,13,18,28,29,31,35,37],"ascension_level":13}