{"gold_per_floor":[118,118,118,64,77,77,111,111,111,144,144,164,164,208,208,297,597,622,622,645,645,80,80,111,111,111,39,39,89,154,175,175,269,269,289,289,312,170,195,235,235,235,262,262,286,329,350,6,6,6,6],"floor_reached":52,"playtime":3307,"items_purged":["Doubt","Self Repair"],"score":1974,"play_id":"409a3a92-714f-48b4-83a2-80d7eb27cf5c","local_time":"20181013204447","is_ascension_mode":true,"campfire_choices":[{"floor":6.0,"key":"REST"},{"floor":8.0,"key":"REST"},{"data":"Strike_B","floor":15,"key":"PURGE"},{"data":"Clumsy","floor":23,"key":"PURGE"},{"data":"Clumsy","floor":25,"key":"PURGE"},{"data":"Defragment","floor":28,"key":"SMITH"},{"floor":32,"key":"REST"},{"floor":41,"key":"REST"},{"floor":44,"key":"REST"},{"floor":49,"key":"REST"}],"neow_cost":"NONE","seed_source_timestamp":177397560058090,"circlet_count":0,"master_deck":["Defend_B","Defend_B","Defend_B","Defend_B","Zap","Dualcast","AscendersBane","White Noise","Ball Lightning","Ball Lightning","Reinforced Body+1","Electrodynamics","Coolheaded+1","Reboot+1","Defragment+1","Leap+1","PanicButton+1"],"special_seed":0,"relics":["Busted Crown","Golden Idol","Centennial Puzzle","Toxic Egg 2","Peace Pipe","Ice Cream","Calipers","Calling Bell","Old Coin","The Courier","Oddly Smooth Stone","MawBank","Bag of Preparation","PreservedInsect","Pocketwatch","Anchor","Lantern","Tiny Chest","Inserter","Happy Flower","Ancient Tea Set","Dead Branch","Strawberry","Regal Pillow","OrangePellets"],"potions_floor_usage":[16,16,30,39,51,51],"damage_taken":[{"damage":0.0,"enemies":"Cultist","floor":1.0,"turns":3.0},{"damage":2.0,"enemies":"2 Louse","floor":5.0,"turns":2.0},{"damage":30.0,"enemies":"3 Sentries","floor":7.0,"turns":8.0},{"damage":20.0,"enemies":"Lagavulin","floor":10.0,"turns":4.0},{"damage":7.0,"enemies":"Jaw Worm","floor":12.0,"turns":2.0},{"damage":8,"enemies":"Gremlin Nob","floor":14,"turns":3},{"damage":1,"enemies":"The Guardian","floor":16,"turns":8},{"damage":6,"enemies":"3 Byrds","floor":18,"turns":2},{"damage":12,"enemies":"2 Thieves","floor":20,"turns":3},{"damage":8,"enemies":"Gremlin Leader","floor":24,"turns":5},{"damage":6,"enemies":"Book of Stabbing","floor":30,"turns":5},{"damage":1,"enemies":"Centurion and Healer","floor":31,"turns":4},{"damage":4,"enemies":"Automaton","floor":33,"turns":10},{"damage":0,"enemies":"3 Shapes","floor":35,"turns":4},{"damage":14,"enemies":"3 Darklings","floor":37,"turns":3},{"damage":18,"enemies":"Transient","floor":39,"turns":6},{"damage":59,"enemies":"Giant Head","floor":40,"turns":11},{"damage":0,"enemies":"Mind Bloom Boss Battle","floor":42,"turns":5},{"damage":0,"enemies":"4 Shapes","floor":45,"turns":3},{"damage":48,"enemies":"2 Orb Walkers","floor":46,"turns":5},{"damage":24,"enemies":"Spire Growth","floor":47,"turns":6},{"damage":3,"enemies":"Time Eater","floor":50,"turns":21},{"damage":18,"enemies":"Donu and Deca","floor":51,"turns":9}],"seed_played":"3257465053473306031","potions_obtained":[{"floor":1.0,"key":"FearPotion"},{"floor":3.0,"key":"Fire Potion"},{"floor":3.0,"key":"Poison Potion"},{"floor":7.0,"key":"LiquidBronze"},{"floor":12.0,"key":"Explosive Potion"},{"floor":14,"key":"Fire Potion"},{"floor":18,"key":"LiquidBronze"},{"floor":33,"key":"Regen Potion"},{"floor":37,"key":"FocusPotion"},{"floor":40,"key":"Regen Potion"},{"floor":45,"key":"SteroidPotion"}],"is_trial":false,"path_per_floor":["M","?","?","$","M","R","E","R","T","E","T","M","?","E","R","B",null,"M","?","M","?","$","R","E","R","T","$","R","?","E","M","R","B",null,"M","$","M","$","M","E","R","?","T","R","M","E","M","$","R","B","B"],"character_chosen":"DEFECT","items_purchased":["Ball Lightning","Bag of Preparation","PreservedInsect","Pocketwatch","Defragment","Happy Flower","OrangePellets","PanicButton+1"],"campfire_rested":6,"item_purchase_floors":[4,22,22,22,27,38,48,48],"current_hp_per_floor":[64,40,40,40,38,59,29,50,50,30,30,23,23,22,22,35,62,56,56,44,44,44,44,43,43,43,43,43,43,44,50,71,71,71,71,71,64,64,68,16,37,44,51,74,78,30,13,13,51,48,30],"gold":6,"neow_bonus":"BOSS_RELIC","is_prod":false,"is_daily":false,"chose_seed":false,"campfire_upgraded":1,"win_rate":0,"timestamp":1539477887,"path_taken":["M","?","?","?","M","R","E","R","T","E","?","?","?","E","R","BOSS","M","?","M","?","$","R","E","R","T","$","R","?","E","M","R","BOSS","M","$","M","$","?","E","R","?","T","R","?","E","?","$","R","BOSS","BOSS"],"build_version":"2018-10-11","purchased_purges":2,"victory":true,"max_hp_per_floor":[71,71,71,71,71,71,71,71,71,71,71,71,71,71,71,71,71,71,71,71,71,71,71,71,71,71,71,71,71,71,71,71,71,71,71,71,71,71,71,71,71,71,78,78,78,78,78,78,78,78,78],"card_choices":[{"not_picked":[],"picked":"White Noise","floor":1.0},{"not_picked":[],"picked":"Ball Lightning","floor":5.0},{"not_picked":["Darkness"],"picked":"SKIP","floor":7.0},{"not_picked":["Force Field+1"],"picked":"SKIP","floor":10.0},{"not_picked":["Scrape"],"picked":"SKIP","floor":12.0},{"not_picked":[],"picked":"Reinforced Body+1","floor":14},{"not_picked":[],"picked":"Electrodynamics","floor":16},{"not_picked":[],"picked":"Coolheaded+1","floor":18},{"not_picked":["Heatsinks"],"picked":"SKIP","floor":20},{"not_picked":["Barrage"],"picked":"SKIP","floor":24},{"not_picked":[],"picked":"Leap+1","floor":30},{"not_picked":["Steam+1"],"picked":"SKIP","floor":31},{"not_picked":["Self Repair+1"],"picked":"SKIP","floor":35},{"not_picked":["Turbo+1"],"picked":"SKIP","floor":37},{"not_picked":["Compile Driver"],"picked":"SKIP","floor":39},{"not_picked":["Beam Cell"],"picked":"SKIP","floor":40},{"not_picked":["Undo+1"],"picked":"SKIP","floor":45},{"not_picked":["Steam+1"],"picked":"SKIP","floor":46},{"not_picked":["Sweeping Beam"],"picked":"SKIP","floor":47}],"player_experience":957307,"relics_obtained":[{"floor":7.0,"key":"Centennial Puzzle"},{"floor":9.0,"key":"Toxic Egg 2"},{"floor":10.0,"key":"Peace Pipe"},{"floor":11.0,"key":"Ice Cream"},{"floor":14,"key":"Calipers"},{"floor":17,"key":"Old Coin"},{"floor":17,"key":"The Courier"},{"floor":17,"key":"Oddly Smooth Stone"},{"floor":24,"key":"Anchor"},{"floor":26,"key":"Lantern"},{"floor":30,"key":"Tiny Chest"},{"floor":40,"key":"Ancient Tea Set"},{"floor":42,"key":"Dead Branch"},{"floor":43,"key":"Strawberry"},{"floor":46,"key":"Regal Pillow"}],"event_choices":[{"event_name":"Golden Idol","player_choice":"Take Damage","floor":2.0,"damage_taken":0.0},{"event_name":"The Lab","player_choice":"Got Potions","floor":3.0,"damage_taken":0.0},{"event_name":"Living Wall","player_choice":"Change","floor":13.0,"damage_taken":0.0},{"event_name":"Drug Dealer","player_choice":"Became Test Subject","floor":19,"damage_taken":0},{"event_name":"WeMeetAgain","player_choice":"Card","floor":21,"damage_taken":0},{"event_name":"Nest","player_choice":"Stole From Cult","floor":29,"damage_taken":0},{"event_name":"MindBloom","player_choice":"Fight","floor":42,"damage_taken":0}],"is_beta":false,"boss_relics":[{"not_picked":["Runic Pyramid","Tiny House"],"picked":"Calling Bell"},{"not_picked":["Velvet Choker","Lizard Tail"],"picked":"Inserter"}],"items_purged_floors":[22,48],"is_endless":false,"potions_floor_spawned":[1,7,12,14,18,33,37,40,45,46],"ascension_level":20}