{"gold_per_floor":[115,190,18,18,35,35,60,60,60,94,105,136,136,136,136,136],"floor_reached":16,"playtime":410,"items_purged":[],"score":237,"play_id":"42c7e583-9baa-4161-a329-d4ed4217d07c","local_time":"20190315202006","is_ascension_mode":true,"campfire_choices":[{"data":"Zap","floor":6.0,"key":"SMITH"},{"data":"Consume","floor":8.0,"key":"SMITH"},{"data":"Fission","floor":13,"key":"SMITH"},{"floor":15,"key":"REST"}],"neow_cost":"NONE","seed_source_timestamp":230221575371320,"circlet_count":0,"master_deck":["AscendersBane","Strike_B","Strike_B+1","Strike_B","Strike_B","Defend_B","Defend_B","Defend_B","Defend_B","Zap+1","Dualcast","Steam+1","Consume+1","Darkness","Ball Lightning","Fission+1","Conserve Battery"],"special_seed":0,"relics":["Cracked Core","Bag of Preparation","Bag of Marbles","Nunchaku","Prayer Wheel","Mango"],"potions_floor_usage":[],"damage_taken":[{"damage":2.0,"enemies":"Jaw Worm","floor":1.0,"turns":3.0},{"damage":1.0,"enemies":"Small Slimes","floor":5.0,"turns":4.0},{"damage":8.0,"enemies":"Gremlin Nob","floor":10.0,"turns":3.0},{"damage":0,"enemies":"2 Louse","floor":11,"turns":3},{"damage":25,"enemies":"3 Sentries","floor":12,"turns":6},{"damage":30,"enemies":"Hexaghost","floor":16,"turns":9}],"seed_played":"-643032666580159884","potions_obtained":[{"floor":5.0,"key":"Swift Potion"},{"floor":12,"key":"FocusPotion"}],"is_trial":false,"path_per_floor":["M","?","$","?","M","R","T","R","T","E","M","E","R","?","R","B"],"character_chosen":"DEFECT","items_purchased":["Bag of Preparation"],"campfire_rested":1,"item_purchase_floors":[3],"current_hp_per_floor":[69,58,58,58,57,57,57,57,57,49,49,38,38,10,37,7],"gold":136,"neow_bonus":"TEN_PERCENT_HP_BONUS","is_prod":false,"is_daily":false,"chose_seed":false,"campfire_upgraded":3,"win_rate":0,"timestamp":1552695606,"path_taken":["M","?","$","?","M","R","?","R","T","E","M","E","R","?","R","BOSS"],"build_version":"2019-02-06","purchased_purges":0,"victory":false,"max_hp_per_floor":[78,78,78,78,78,78,78,78,78,78,78,92,92,92,92,92],"card_choices":[{"not_picked":["Redo","FTL"],"picked":"Steam","floor":1.0},{"not_picked":["Steam Power","Hello World"],"picked":"Consume","floor":5.0},{"not_picked":["Reprogram","Reinforced Body"],"picked":"Darkness","floor":10.0},{"not_picked":["Scrape","Fusion"],"picked":"Ball Lightning","floor":11},{"not_picked":["Sunder","Stack"],"picked":"Fission","floor":11},{"not_picked":["Gash","Blizzard"],"picked":"Conserve Battery","floor":12}],"player_experience":1100305,"relics_obtained":[{"floor":7.0,"key":"Bag of Marbles"},{"floor":9.0,"key":"Nunchaku"},{"floor":10.0,"key":"Prayer Wheel"},{"floor":12,"key":"Mango"}],"event_choices":[{"damage_healed":0.0,"max_hp_gain":0.0,"max_hp_loss":0.0,"gold_gain":75.0,"event_name":"World of Goop","player_choice":"Gather Gold","floor":2.0,"gold_loss":0.0,"damage_taken":11.0},{"damage_healed":0.0,"max_hp_gain":0.0,"max_hp_loss":0.0,"gold_gain":0.0,"event_name":"The Cleric","player_choice":"Leave","floor":4.0,"gold_loss":0.0,"damage_taken":0.0},{"damage_healed":0,"gold_gain":0,"player_choice":"Entered Light","damage_taken":28,"max_hp_gain":0,"max_hp_loss":0,"event_name":"Shining Light","floor":14,"gold_loss":0,"cards_upgraded":["Strike_B","Steam"]}],"is_beta":true,"boss_relics":[],"items_purged_floors":[],"is_endless":false,"potions_floor_spawned":[5,12],"killed_by":"Hexaghost","ascension_level":20}