{"gold_per_floor":[119,132,57,57,67,67,92,111,137,162,62,81,81,101,101,205,205,193,211,222,222,240,240,240],"floor_reached":24,"playtime":1037,"items_purged":["Strike_G","Defend_G"],"score":200,"play_id":"4ba1972d-2815-463c-be6b-0c4ac191bab7","local_time":"20190127072755","is_ascension_mode":false,"campfire_choices":[{"data":"Trip","floor":6,"key":"SMITH"},{"floor":13,"key":"REST"},{"data":"Neutralize","floor":15,"key":"SMITH"},{"floor":23,"key":"REST"}],"neow_cost":"NONE","seed_source_timestamp":1301137957482,"circlet_count":0,"master_deck":["Defend_G","Defend_G","Defend_G","Strike_G","Strike_G","Strike_G","Strike_G","Survivor","Neutralize+1","Trip+1","Flying Knee","Infinite Blades","Flying Knee","Backstab","After Image","Cloak And Dagger","Cloak And Dagger","Blade Dance","Blade Dance","Iron Wave"],"relics":["Ring of the Snake","Anchor","Pen Nib","Odd Mushroom","Orrery"],"potions_floor_usage":[7,10,16,16,18,19,20],"damage_taken":[{"damage":0,"enemies":"Jaw Worm","floor":1,"turns":4},{"damage":0,"enemies":"Small Slimes","floor":2,"turns":3},{"damage":0,"enemies":"2 Louse","floor":5,"turns":2},{"damage":17,"enemies":"Lagavulin","floor":7,"turns":8},{"damage":0,"enemies":"Red Slaver","floor":8,"turns":2},{"damage":3,"enemies":"The Mushroom Lair","floor":10,"turns":4},{"damage":1,"enemies":"Exordium Thugs","floor":12,"turns":4},{"damage":0,"enemies":"Looter","floor":14,"turns":2},{"damage":42,"enemies":"The Guardian","floor":16,"turns":7},{"damage":7,"enemies":"2 Thieves","floor":18,"turns":4},{"damage":4,"enemies":"Chosen","floor":19,"turns":6},{"damage":21,"enemies":"Shelled Parasite and Fungi","floor":20,"turns":5},{"damage":8,"enemies":"Sentry and Sphere","floor":22,"turns":5},{"damage":53,"enemies":"Gremlin Leader","floor":24,"turns":5}],"seed_played":"-6096175539102958733","potions_obtained":[{"floor":1,"key":"Energy Potion"},{"floor":5,"key":"GhostInAJar"},{"floor":7,"key":"SteroidPotion"},{"floor":12,"key":"Ancient Potion"},{"floor":14,"key":"FearPotion"},{"floor":16,"key":"GamblersBrew"},{"floor":19,"key":"Strength Potion"}],"is_trial":false,"path_per_floor":["M","M","$","?","M","R","E","M","T","?","$","M","R","M","R","B",null,"M","M","M","?","M","R","E"],"character_chosen":"THE_SILENT","items_purchased":[],"campfire_rested":2,"item_purchase_floors":[],"current_hp_per_floor":[70,70,70,70,70,70,53,53,53,50,50,49,70,70,70,28,70,63,59,38,38,30,51,0],"gold":240,"neow_bonus":"RANDOM_COLORLESS","is_prod":false,"is_daily":false,"chose_seed":false,"campfire_upgraded":2,"win_rate":0,"timestamp":1548602875,"path_taken":["M","M","$","?","M","R","E","M","T","?","$","M","R","M","R","BOSS","M","M","M","?","M","R","E"],"build_version":"2019-01-23","purchased_purges":2,"victory":false,"max_hp_per_floor":[70,70,70,70,70,70,70,70,70,70,70,70,70,70,70,70,70,70,70,70,70,70,70,70],"card_choices":[{"not_picked":["Dagger Spray","Underhanded Strike"],"picked":"Flying Knee","floor":1},{"not_picked":["Prepared","Dagger Spray","Eviscerate"],"picked":"SKIP","floor":2},{"not_picked":["Outmaneuver","Skewer","Quick Slash"],"picked":"SKIP","floor":5},{"not_picked":["Skewer","Bullet Time"],"picked":"Infinite Blades","floor":7},{"not_picked":["Dodge and Roll","Skewer","Poisoned Stab"],"picked":"SKIP","floor":8},{"not_picked":["Dodge and Roll","Escape Plan"],"picked":"Flying Knee","floor":12},{"not_picked":["Dagger Throw","Dodge and Roll"],"picked":"Backstab","floor":14},{"not_picked":["Corpse Explosion","Malaise"],"picked":"After Image","floor":16},{"not_picked":["Expertise","Underhanded Strike"],"picked":"Cloak And Dagger","floor":17},{"not_picked":["Backflip","Riddle With Holes"],"picked":"Cloak And Dagger","floor":17},{"not_picked":["Dagger Throw","Backflip"],"picked":"Blade Dance","floor":18},{"not_picked":["Reflex","Deadly Poison","Underhanded Strike+1"],"picked":"SKIP","floor":19},{"not_picked":["Unload","Well Laid Plans"],"picked":"Blade Dance","floor":20},{"not_picked":["Dagger Throw+1","Acrobatics+1","Escape Plan"],"picked":"SKIP","floor":22}],"player_experience":197130,"relics_obtained":[{"floor":7,"key":"Anchor"},{"floor":9,"key":"Pen Nib"},{"floor":10,"key":"Odd Mushroom"}],"event_choices":[{"damage_healed":0,"gold_gain":0,"player_choice":"Ignored","damage_taken":0,"max_hp_gain":0,"max_hp_loss":0,"event_name":"Liars Game","floor":4,"gold_loss":0},{"damage_healed":0,"gold_gain":0,"player_choice":"Fought Mushrooms","damage_taken":0,"max_hp_gain":0,"max_hp_loss":0,"event_name":"Mushrooms","floor":10,"gold_loss":0},{"cards_removed":["Defend_G"],"damage_healed":0,"gold_gain":0,"player_choice":"Took Card","damage_taken":0,"max_hp_gain":0,"max_hp_loss":0,"event_name":"NoteForYourself","floor":21,"gold_loss":0,"cards_obtained":["Iron Wave"]}],"is_beta":false,"boss_relics":[{"not_picked":["Runic Pyramid","Fusion Hammer"],"picked":"Orrery"}],"items_purged_floors":[3,11],"is_endless":false,"potions_floor_spawned":[1,5,7,12,14,16,19],"killed_by":"Gremlin Leader","ascension_level":0}