{"gold_per_floor":[213,51,66,76,76,76,111,126,151,151,151,177,197,229,229,308,308,318,218,218,228,255,255,255],"floor_reached":24,"playtime":1177,"items_purged":["Strike_R"],"score":417,"play_id":"3e098f35-4374-40c1-bbfb-704efd0c5f9b","local_time":"20181030093443","is_ascension_mode":true,"campfire_choices":[{"data":"Armaments","floor":6.0,"key":"SMITH"},{"data":"True Grit","floor":11.0,"key":"SMITH"},{"floor":15,"key":"RECALL"},{"data":"Demon Form","floor":23,"key":"SMITH"}],"neow_cost":"NONE","seed_source_timestamp":1016649585443,"circlet_count":0,"master_deck":["Strike_R","Strike_R","Strike_R","Strike_R","Defend_R","Defend_R","Defend_R","Defend_R","Bash","AscendersBane","Armaments+1","True Grit+1","Flex","Shrug It Off","Cleave","Headbutt","Demon Form+1","True Grit","Sword Boomerang","Shrug It Off"],"special_seed":0,"relics":["Burning Blood","Bag of Preparation","Regal Pillow","Omamori","Pantograph","Cursed Key","PreservedInsect"],"potions_floor_usage":[12,14,14,18,24],"damage_taken":[{"damage":1.0,"enemies":"Cultist","floor":1.0,"turns":3.0},{"damage":3.0,"enemies":"Small Slimes","floor":3.0,"turns":4.0},{"damage":11.0,"enemies":"2 Louse","floor":4.0,"turns":4.0},{"damage":60.0,"enemies":"3 Sentries","floor":7.0,"turns":13.0},{"damage":20.0,"enemies":"Lots of Slimes","floor":8.0,"turns":5.0},{"damage":43,"enemies":"Lagavulin","floor":12,"turns":8},{"damage":11,"enemies":"Blue Slaver","floor":13,"turns":6},{"damage":11,"enemies":"Gremlin Nob","floor":14,"turns":3},{"damage":60,"enemies":"The Guardian","floor":16,"turns":17},{"damage":17,"enemies":"Shell Parasite","floor":18,"turns":6},{"damage":18,"enemies":"Spheric Guardian","floor":21,"turns":6},{"damage":65,"enemies":"Book of Stabbing","floor":24,"turns":4}],"seed_played":"6748432928262191213","potions_obtained":[{"floor":3.0,"key":"Poison Potion"},{"floor":4.0,"key":"Swift Potion"},{"floor":5.0,"key":"SpeedPotion"},{"floor":12,"key":"Poison Potion"},{"floor":13,"key":"Swift Potion"},{"floor":14,"key":"BloodPotion"},{"floor":16,"key":"Explosive Potion"},{"floor":21,"key":"Regen Potion"}],"is_trial":false,"path_per_floor":["M","$","M","M","?","R","E","M","T","?","R","E","M","E","R","B",null,"M","$","?","M","T","R"],"character_chosen":"IRONCLAD","items_purchased":["Bag of Preparation","Sword Boomerang"],"campfire_rested":0,"item_purchase_floors":[2,19],"current_hp_per_floor":[73,73,75,71,71,71,25,27,27,85,85,48,43,38,38,9,66,63,63,63,51,51,51,0],"gold":255,"neow_bonus":"HUNDRED_GOLD","is_prod":false,"is_daily":false,"chose_seed":false,"campfire_upgraded":3,"win_rate":0,"timestamp":1540906483,"path_taken":["M","?","?","M","?","R","E","M","T","?","R","E","M","E","R","BOSS","M","$","?","M","?","R","E"],"build_version":"2018-10-29v2","purchased_purges":1,"victory":false,"max_hp_per_floor":[75,75,75,75,75,75,75,75,75,85,85,85,85,85,85,85,85,85,85,85,85,85,85,85],"card_choices":[{"not_picked":["Havoc","Warcry"],"picked":"Armaments","floor":1.0},{"not_picked":["Uppercut","True Grit"],"picked":"Reaper","floor":3.0},{"not_picked":["Dropkick","Metallicize"],"picked":"True Grit","floor":4.0},{"not_picked":["Perfected Strike","Wild Strike"],"picked":"Flex","floor":7.0},{"not_picked":["Flex","Carnage"],"picked":"Shrug It Off","floor":8.0},{"not_picked":["Fire Breathing","Exhume"],"picked":"Cleave","floor":12},{"not_picked":["Searing Blow","Warcry"],"picked":"Headbutt","floor":13},{"not_picked":["Iron Wave","Havoc","Rage"],"picked":"SKIP","floor":14},{"not_picked":["Dark Embrace","Barricade"],"picked":"Demon Form","floor":16},{"not_picked":["Flex","Perfected Strike"],"picked":"True Grit","floor":18},{"not_picked":["Havoc","Perfected Strike+1"],"picked":"Shrug It Off","floor":21}],"player_experience":786356,"relics_obtained":[{"floor":7.0,"key":"Regal Pillow"},{"floor":12,"key":"Omamori"},{"floor":14,"key":"Pantograph"},{"floor":22,"key":"PreservedInsect"}],"event_choices":[{"damage_healed":0.0,"max_hp_gain":0.0,"max_hp_loss":0.0,"gold_gain":0.0,"event_name":"The Lab","player_choice":"Got Potions","floor":5.0,"gold_loss":0.0,"damage_taken":0.0},{"cards_removed":["Reaper"],"damage_healed":48.0,"max_hp_gain":10.0,"max_hp_loss":0.0,"gold_gain":0.0,"event_name":"Bonfire Elementals","player_choice":"Offered Rare","floor":10.0,"gold_loss":0.0,"damage_taken":0.0},{"damage_healed":0,"gold_gain":0,"player_choice":"Ignored","damage_taken":0,"max_hp_gain":0,"max_hp_loss":0,"event_name":"Vampires","floor":20,"gold_loss":0}],"is_beta":true,"boss_relics":[{"not_picked":["Mark of Pain","Runic Dome"],"picked":"Cursed Key"}],"items_purged_floors":[19],"is_endless":false,"potions_floor_spawned":[3,4,12,13,14,16,21],"killed_by":"Book of Stabbing","ascension_level":19}