{"path_per_floor":["M","T","$","?","$","R","M","M","T","?","$","R","M","?","R","B",null,"M","$","M","?","M","R","?"],"character_chosen":"THE_SILENT","items_purchased":["Ginger","Noxious Fumes","Infinite Blades","Ice Cream"],"gold_per_floor":[118,418,71,71,37,37,55,71,97,97,97,97,117,150,150,273,311,324,18,17,17,33,33,33,33],"floor_reached":25,"campfire_rested":2,"playtime":1100,"current_hp_per_floor":[70,70,70,70,70,70,70,70,70,75,75,75,73,41,63,22,80,59,59,38,38,6,30,30,0],"items_purged":[],"gold":33,"score":189,"play_id":"35304f8b-dfac-4a36-b471-f35cde2ba55d","local_time":"20180401055834","is_prod":false,"is_daily":false,"is_ascension_mode":false,"campfire_upgraded":2,"timestamp":1522587514,"path_taken":["M","?","$","?","$","R","M","M","T","?","?","R","M","?","R","BOSS","M","$","?","?","?","R","?","M"],"build_version":"2018-03-29v2","purchased_purges":0,"victory":false,"master_deck":["Defend_G","Defend_G","Defend_G","Defend_G","Defend_G+1","Strike_G","Strike_G","Strike_G","Strike_G","Strike_G","Survivor","Neutralize","Masterful Stab","Noxious Fumes","Injury","Infinite Blades+1","Finisher","Flying Knee+1","Setup","Tools of the Trade","Tactician","Deadly Poison","Terror","Cloak And Dagger+1"],"max_hp_per_floor":[70,70,70,70,70,70,70,70,70,75,75,75,75,75,75,75,80,80,80,80,80,80,80,80,80],"relics":["Ring of the Snake","NeowsBlessing","Old Coin","Ginger","Golden Idol","Art of War","Odd Mushroom","Tiny House","Ice Cream"],"card_choices":[{"not_picked":["Acrobatics","Concentrate"],"picked":"Masterful Stab","floor":1},{"not_picked":["Flying Knee","Dodge and Roll"],"picked":"Finisher","floor":7},{"not_picked":["Slice","Bane"],"picked":"Flying Knee","floor":8},{"not_picked":["Bane","Predator"],"picked":"Setup","floor":13},{"not_picked":["Calculated Gamble","Catalyst"],"picked":"Tools of the Trade","floor":14},{"not_picked":["Corpse Explosion","Bullet Time"],"picked":"Tactician","floor":16},{"not_picked":["Expertise","Skewer"],"picked":"Deadly Poison","floor":18},{"not_picked":["Deflect","Outmaneuver"],"picked":"Terror","floor":20},{"not_picked":["Riddle With Holes","Deadly Poison"],"picked":"Cloak And Dagger","floor":22}],"player_experience":86682,"potions_floor_usage":[16,18,20,22,25],"damage_taken":[{"damage":0,"enemies":"Cultist","floor":1,"turns":1},{"damage":0,"enemies":"2 Louse","floor":7,"turns":1},{"damage":0,"enemies":"Small Slimes","floor":8,"turns":1},{"damage":2,"enemies":"Looter","floor":13,"turns":4},{"damage":32,"enemies":"The Mushroom Lair","floor":14,"turns":5},{"damage":41,"enemies":"Slime Boss","floor":16,"turns":9},{"damage":21,"enemies":"Chosen","floor":18,"turns":6},{"damage":21,"enemies":"2 Thieves","floor":20,"turns":4},{"damage":32,"enemies":"Slaver and Parasite","floor":22,"turns":8},{"damage":31,"enemies":"Centurion and Healer","floor":25,"turns":7}],"event_choices":[{"event_name":"Golden Idol","player_choice":"Take Wound","floor":4,"damage_taken":0},{"event_name":"Big Fish","player_choice":"Donut","floor":10,"damage_taken":0},{"event_name":"Mushrooms","player_choice":"Fought Mushrooms","floor":14,"damage_taken":0},{"event_name":"Drug Dealer","player_choice":"Ignored","floor":21,"damage_taken":0},{"event_name":"The Lab","player_choice":"Got Potions","floor":24,"damage_taken":0}],"boss_relics":[{"not_picked":["Snecko Eye","The Specimen"],"picked":"Tiny House"}],"potions_floor_spawned":[13,14,20],"seed_played":"419426343916136410","killed_by":"Centurion and Healer","ascension_level":0,"is_trial":false}