{"gold_per_floor":[19,38,50,50,68,68,97,107,133,133,148,182,198,232,232,305,305,319,244,41,52,52,80,80,80,80,80,108,123,142,170,170,241,241,252,265,279,289,289,289,389,424,451,451,467,496,496,496,496,496,496,496,496,22,54,54],"floor_reached":57,"playtime":6243,"items_purged":["Strike_R","Immolate+1"],"score":2859,"play_id":"c9d2ce69-892a-49c1-b793-426cd8b5a2a5","local_time":"20190324041059","is_ascension_mode":true,"campfire_choices":[{"data":"Immolate","floor":6.0,"key":"SMITH"},{"data":"Uppercut","floor":10.0,"key":"SMITH"},{"data":"True Grit","floor":15.0,"key":"SMITH"},{"data":"Feed","floor":25.0,"key":"SMITH"},{"data":"Havoc","floor":27.0,"key":"SMITH"},{"data":"Armaments","floor":32.0,"key":"SMITH"},{"data":"Havoc","floor":40.0,"key":"SMITH"},{"floor":44.0,"key":"RECALL"},{"data":"Body Slam","floor":47.0,"key":"SMITH"},{"floor":49.0,"key":"REST"},{"data":"Feel No Pain","floor":53.0,"key":"SMITH"}],"neow_cost":"NO_GOLD","seed_source_timestamp":0,"circlet_count":0,"master_deck":["AscendersBane","Defend_R","Defend_R","Defend_R","Bash","Shrug It Off","Uppercut+1","Anger","True Grit+1","Pommel Strike","Spot Weakness","Feed+1","Cleave","Feel No Pain+1","Havoc+1","Shrug It Off","PanicButton","Heavy Blade","Rage","Armaments+1","Shockwave","Impervious","Fiend Fire","Body Slam+1","Feel No Pain+1","Second Wind+1","Body Slam","Havoc+1","Corruption","Offering","Spot Weakness","Evolve+1","Pummel","Body Slam","Shrug It Off","Metallicize","Metallicize+1"],"special_seed":0,"relics":["Burning Blood","Bag of Marbles","Happy Flower","Regal Pillow","Runic Pyramid","Magic Flower","PreservedInsect","Bronze Scales","Prayer Wheel","Empty Cage","Gambling Chip","Pen Nib","Boot","Anchor","Membership Card","Bag of Preparation","Orichalcum"],"potions_floor_usage":[56,56],"damage_taken":[{"damage":3.0,"enemies":"Small Slimes","floor":1.0,"turns":3.0},{"damage":1.0,"enemies":"Cultist","floor":2.0,"turns":3.0},{"damage":3.0,"enemies":"2 Louse","floor":3.0,"turns":2.0},{"damage":15.0,"enemies":"Large Slime","floor":5.0,"turns":5.0},{"damage":14.0,"enemies":"Gremlin Nob","floor":7.0,"turns":3.0},{"damage":3.0,"enemies":"Looter","floor":8.0,"turns":2.0},{"damage":1.0,"enemies":"3 Louse","floor":11.0,"turns":2.0},{"damage":15.0,"enemies":"3 Sentries","floor":12.0,"turns":6.0},{"damage":0.0,"enemies":"Blue Slaver","floor":13.0,"turns":2.0},{"damage":20.0,"enemies":"Lagavulin","floor":14.0,"turns":5.0},{"damage":30.0,"enemies":"Hexaghost","floor":16.0,"turns":9.0},{"damage":12.0,"enemies":"2 Thieves","floor":18.0,"turns":4.0},{"damage":7.0,"enemies":"Spheric Guardian","floor":21.0,"turns":4.0},{"damage":11.0,"enemies":"Book of Stabbing","floor":23.0,"turns":4.0},{"damage":5.0,"enemies":"Gremlin Leader","floor":28.0,"turns":4.0},{"damage":18.0,"enemies":"Snake Plant","floor":29.0,"turns":3.0},{"damage":14.0,"enemies":"Cultist and Chosen","floor":30.0,"turns":5.0},{"damage":4.0,"enemies":"Book of Stabbing","floor":31.0,"turns":3.0},{"damage":64.0,"enemies":"Collector","floor":33.0,"turns":11.0},{"damage":0.0,"enemies":"Orb Walker","floor":35.0,"turns":4.0},{"damage":25.0,"enemies":"3 Shapes","floor":36.0,"turns":7.0},{"damage":26.0,"enemies":"Spire Growth","floor":37.0,"turns":5.0},{"damage":9.0,"enemies":"Transient","floor":38.0,"turns":6.0},{"damage":5.0,"enemies":"Mind Bloom Boss Battle","floor":41.0,"turns":6.0},{"damage":28.0,"enemies":"Nemesis","floor":42.0,"turns":3.0},{"damage":19.0,"enemies":"Writhing Mass","floor":45.0,"turns":7.0},{"damage":6.0,"enemies":"Reptomancer","floor":46.0,"turns":2.0},{"damage":33.0,"enemies":"Awakened One","floor":50.0,"turns":9.0},{"damage":37.0,"enemies":"Time Eater","floor":51.0,"turns":5.0},{"damage":6.0,"enemies":"Shield and Spear","floor":55.0,"turns":5.0},{"damage":91,"enemies":"The Heart","floor":56,"turns":9}],"seed_played":"2797552804904813446","potions_obtained":[{"floor":2.0,"key":"Poison Potion"},{"floor":4.0,"key":"SkillPotion"},{"floor":8.0,"key":"Fire Potion"},{"floor":14.0,"key":"LiquidBronze"},{"floor":18.0,"key":"Dexterity Potion"},{"floor":21.0,"key":"SteroidPotion"},{"floor":28.0,"key":"SkillPotion"},{"floor":37.0,"key":"Swift Potion"},{"floor":41.0,"key":"Strength Potion"}],"is_trial":false,"path_per_floor":["M","M","M","?","M","R","E","M","T","R","M","E","M","E","R","B",null,"M","?","$","M","?","E","?","R","T","R","E","M","M","E","R","B",null,"M","M","M","M","?","R","?","E","T","R","M","E","R","?","R","B","B",null,"R","$","E","B",null],"character_chosen":"IRONCLAD","items_purchased":["Shrug It Off","PanicButton","Membership Card","Bag of Preparation","Pummel","Body Slam","Shrug It Off","Metallicize"],"campfire_rested":1,"item_purchase_floors":[20,20,54,54,54,54,54,54],"current_hp_per_floor":[71,75,75,75,66,66,58,61,61,61,66,57,63,49,49,25,63,60,60,60,62,62,60,60,60,60,60,70,61,62,73,73,24,81,96,86,75,75,75,75,85,66,66,66,62,65,65,65,114,90,62,101,101,101,110,28],"gold":54,"neow_bonus":"THREE_RARE_CARDS","is_prod":false,"is_daily":false,"chose_seed":false,"campfire_upgraded":9,"win_rate":0,"timestamp":1553415059,"path_taken":["M","M","M","?","M","R","E","M","T","R","?","E","M","E","R","BOSS","M","?","?","M","?","E","?","R","T","R","E","M","M","E","R","BOSS","M","M","M","M","?","R","?","E","T","R","M","E","R","?","R","BOSS","BOSS","R","$","E","BOSS"],"build_version":"2019-01-23","purchased_purges":2,"victory":true,"max_hp_per_floor":[75,75,75,75,75,75,75,75,75,75,75,75,75,75,75,75,75,78,78,78,81,81,84,84,84,84,84,88,88,92,96,96,100,100,104,108,112,112,106,106,110,110,110,110,114,114,114,114,114,114,114,114,114,114,118,118],"card_choices":[{"not_picked":["Limit Break","Offering"],"picked":"Immolate","floor":0.0},{"not_picked":["Havoc","Wild Strike"],"picked":"Shrug It Off","floor":1.0},{"not_picked":["Rupture","Cleave"],"picked":"Uppercut","floor":2.0},{"not_picked":["Clash","Havoc"],"picked":"Anger","floor":3.0},{"not_picked":["Sentinel","Rage","Flex"],"picked":"SKIP","floor":5.0},{"not_picked":["Ghostly Armor","Flex"],"picked":"True Grit","floor":7.0},{"not_picked":["Dropkick","Entrench","Berserk"],"picked":"SKIP","floor":8.0},{"not_picked":["Armaments","Flex","True Grit"],"picked":"SKIP","floor":11.0},{"not_picked":["Pummel","Power Through","Bludgeon"],"picked":"SKIP","floor":12.0},{"not_picked":["Flex","Cleave"],"picked":"Pommel Strike","floor":13.0},{"not_picked":["Intimidate","Clash"],"picked":"Spot Weakness","floor":14.0},{"not_picked":["Berserk","Limit Break"],"picked":"Feed","floor":16.0},{"not_picked":["Flex","Sword Boomerang"],"picked":"Cleave","floor":18.0},{"not_picked":["Perfected Strike","Wild Strike"],"picked":"Heavy Blade","floor":21.0},{"not_picked":["Havoc","Power Through+1"],"picked":"Rage","floor":23.0},{"not_picked":["Clash","Dark Embrace"],"picked":"Armaments","floor":28.0},{"not_picked":["Ghostly Armor","Heavy Blade"],"picked":"Shockwave","floor":29.0},{"not_picked":["Anger","Armaments","Clothesline+1"],"picked":"SKIP","floor":30.0},{"not_picked":["Clothesline","Flex+1"],"picked":"Impervious","floor":31.0},{"not_picked":["Dark Embrace","Bludgeon"],"picked":"Fiend Fire","floor":33.0},{"not_picked":["Cleave","Reckless Charge"],"picked":"Body Slam","floor":35.0},{"not_picked":["Thunderclap","Burning Pact+1","Rampage"],"picked":"SKIP","floor":35.0},{"not_picked":["Reaper","Clothesline"],"picked":"Feel No Pain+1","floor":36.0},{"not_picked":["Flex+1","Heavy Blade","Second Wind+1"],"picked":"SKIP","floor":36.0},{"not_picked":["Flex+1","Heavy Blade","Second Wind+1"],"picked":"SKIP","floor":36.0},{"not_picked":["Flex+1","Heavy Blade"],"picked":"Second Wind+1","floor":36.0},{"not_picked":["Infernal Blade","Searing Blow"],"picked":"Body Slam","floor":37.0},{"not_picked":["Clothesline","Twin Strike"],"picked":"Havoc","floor":37.0},{"not_picked":["Clothesline","Rupture"],"picked":"Corruption","floor":38.0},{"not_picked":["Warcry","Rampage","Whirlwind+1"],"picked":"SKIP","floor":38.0},{"not_picked":["Sentinel+1","Fire Breathing+1"],"picked":"Offering","floor":41.0},{"not_picked":["Berserk","Second Wind+1"],"picked":"Spot Weakness","floor":42.0},{"not_picked":["Sword Boomerang","Seeing Red"],"picked":"Evolve+1","floor":45.0},{"not_picked":["Reckless Charge","Perfected Strike","Wild Strike"],"picked":"SKIP","floor":45.0},{"not_picked":["Sword Boomerang","Shockwave","Rupture"],"picked":"SKIP","floor":46.0},{"not_picked":["Burning Pact","Clothesline+1"],"picked":"Metallicize+1","floor":55.0}],"player_experience":634320,"relics_obtained":[{"floor":7.0,"key":"Bag of Marbles"},{"floor":12.0,"key":"Happy Flower"},{"floor":14.0,"key":"Regal Pillow"},{"floor":23.0,"key":"Magic Flower"},{"floor":26.0,"key":"PreservedInsect"},{"floor":28.0,"key":"Bronze Scales"},{"floor":31.0,"key":"Prayer Wheel"},{"floor":41.0,"key":"Gambling Chip"},{"floor":42.0,"key":"Pen Nib"},{"floor":43.0,"key":"Boot"},{"floor":46.0,"key":"Anchor"},{"floor":55.0,"key":"Orichalcum"}],"event_choices":[{"damage_healed":0.0,"max_hp_gain":0.0,"max_hp_loss":0.0,"gold_gain":0.0,"event_name":"Lab","player_choice":"Got Potions","floor":4.0,"gold_loss":0.0,"damage_taken":0.0},{"damage_healed":0.0,"max_hp_gain":0.0,"max_hp_loss":0.0,"gold_gain":0.0,"cards_transformed":["Strike_R","Strike_R"],"event_name":"Designer","player_choice":"Transformed Cards","floor":19.0,"gold_loss":75.0,"damage_taken":0.0,"cards_obtained":["Feel No Pain","Havoc"]},{"damage_healed":0.0,"max_hp_gain":0.0,"max_hp_loss":0.0,"gold_gain":0.0,"event_name":"The Mausoleum","player_choice":"Ignored","floor":22.0,"gold_loss":0.0,"damage_taken":0.0},{"damage_healed":0.0,"max_hp_gain":0.0,"max_hp_loss":0.0,"gold_gain":0.0,"event_name":"Vampires","player_choice":"Ignored","floor":24.0,"gold_loss":0.0,"damage_taken":0.0},{"damage_healed":0.0,"max_hp_gain":0.0,"max_hp_loss":6.0,"gold_gain":0.0,"event_name":"Winding Halls","player_choice":"Max HP","floor":39.0,"gold_loss":0.0,"damage_taken":0.0},{"damage_healed":0.0,"max_hp_gain":0.0,"max_hp_loss":0.0,"gold_gain":0.0,"event_name":"MindBloom","player_choice":"Fight","floor":41.0,"gold_loss":0.0,"damage_taken":0.0},{"cards_removed":["Defend_R"],"damage_healed":0.0,"max_hp_gain":0.0,"max_hp_loss":0.0,"gold_gain":0.0,"event_name":"Falling","player_choice":"Removed Skill","floor":48.0,"gold_loss":0.0,"damage_taken":0.0}],"is_beta":false,"boss_relics":[{"not_picked":["Eternal Feather","Philosopher\u0027s Stone"],"picked":"Runic Pyramid"},{"not_picked":["Lizard Tail","Tiny House"],"picked":"Empty Cage"}],"items_purged_floors":[20,54],"is_endless":false,"potions_floor_spawned":[2,5,8,11,14,16,18,21,28,30,37,41,45,46,55],"ascension_level":20}