{"gold_per_floor":[116,135,135,193,193,233,233,264,264,414,285,323,82,101,101,197,197,212,212,262,262,262,262],"floor_reached":23,"playtime":714,"items_purged":["Doubt"],"score":456,"play_id":"f989dd0a-2514-4588-81c3-1b5eab3388bd","local_time":"20190302221253","is_ascension_mode":true,"campfire_choices":[{"data":"Bash","floor":7.0,"key":"SMITH"},{"data":"Evolve","floor":15,"key":"SMITH"}],"neow_cost":"NONE","seed_source_timestamp":695211203487952,"circlet_count":0,"master_deck":["AscendersBane","Strike_R","Strike_R","Strike_R","Strike_R","Strike_R","Defend_R","Defend_R","Defend_R","Defend_R","Bash+1","Clothesline","Feel No Pain","Havoc","Corruption","Offering","Flame Barrier","Disarm","Evolve+1","Barricade","Shrug It Off","Perfected Strike","Perfected Strike","Flame Barrier","Wild Strike"],"special_seed":0,"relics":["Burning Blood","NeowsBlessing","Bloody Idol","StoneCalendar","Orichalcum","Self Forming Clay","Dream Catcher","Orrery"],"potions_floor_usage":[12,23],"damage_taken":[{"damage":0.0,"enemies":"Cultist","floor":1.0,"turns":1.0},{"damage":0.0,"enemies":"Jaw Worm","floor":2.0,"turns":1.0},{"damage":0.0,"enemies":"Lagavulin","floor":6.0,"turns":1.0},{"damage":5.0,"enemies":"Gremlin Nob","floor":8.0,"turns":3.0},{"damage":14,"enemies":"Lagavulin","floor":12,"turns":7},{"damage":0,"enemies":"2 Louse","floor":14,"turns":4},{"damage":45,"enemies":"Hexaghost","floor":16,"turns":12},{"damage":10,"enemies":"Shell Parasite","floor":18,"turns":7},{"damage":66,"enemies":"Slavers","floor":23,"turns":5}],"seed_played":"-9200955049924459257","potions_obtained":[{"floor":2.0,"key":"SteroidPotion"},{"floor":6.0,"key":"Explosive Potion"},{"floor":12,"key":"FearPotion"},{"floor":16,"key":"Block Potion"},{"floor":18,"key":"Strength Potion"}],"is_trial":false,"path_per_floor":["M","M","?","?","?","E","R","E","T","?","$","E","$","M","R","B",null,"M","?","?","?","$","E"],"character_chosen":"IRONCLAD","items_purchased":["AttackPotion","Flame Barrier","Disarm","Evolve"],"campfire_rested":0,"item_purchase_floors":[11,13,13,13],"current_hp_per_floor":[74,75,75,75,49,55,55,56,56,56,56,48,48,54,54,15,60,56,56,61,61,61,0],"gold":262,"neow_bonus":"THREE_ENEMY_KILL","is_prod":false,"is_daily":false,"chose_seed":false,"campfire_upgraded":2,"win_rate":0,"timestamp":1551582773,"path_taken":["M","?","?","?","?","E","R","E","T","?","$","E","$","M","R","BOSS","M","?","?","?","$","E"],"build_version":"2019-02-06","purchased_purges":1,"victory":false,"max_hp_per_floor":[75,75,75,75,75,75,75,75,75,75,75,75,75,75,75,75,75,75,75,75,75,75,75],"card_choices":[{"not_picked":["Rupture","Hemokinesis"],"picked":"Clothesline","floor":1.0},{"not_picked":["Thunderclap","Wild Strike"],"picked":"Feel No Pain","floor":2.0},{"not_picked":["Wild Strike","Second Wind"],"picked":"Havoc","floor":6.0},{"not_picked":["Infernal Blade","Sword Boomerang"],"picked":"Corruption","floor":8.0},{"not_picked":["Fire Breathing","Twin Strike"],"picked":"Offering","floor":12},{"not_picked":["Clash","Infernal Blade","Burning Pact"],"picked":"SKIP","floor":14},{"not_picked":["Impervious","Limit Break"],"picked":"Barricade","floor":16},{"not_picked":["Anger","Infernal Blade"],"picked":"Shrug It Off","floor":17},{"not_picked":["Burning Pact","Blood for Blood"],"picked":"Perfected Strike","floor":17},{"not_picked":["Clash","Anger"],"picked":"Perfected Strike","floor":17},{"not_picked":["Perfected Strike","Heavy Blade"],"picked":"Flame Barrier","floor":17},{"not_picked":["Iron Wave","Rupture+1"],"picked":"Wild Strike","floor":18}],"player_experience":1035137,"relics_obtained":[{"floor":6.0,"key":"StoneCalendar"},{"floor":8.0,"key":"Orichalcum"},{"floor":9.0,"key":"Self Forming Clay"},{"floor":12,"key":"Dream Catcher"}],"event_choices":[{"damage_healed":0.0,"max_hp_gain":0.0,"max_hp_loss":0.0,"gold_gain":0.0,"event_name":"The Cleric","player_choice":"Leave","floor":3.0,"gold_loss":0.0,"damage_taken":0.0},{"damage_healed":0.0,"max_hp_gain":0.0,"max_hp_loss":0.0,"gold_gain":58.0,"event_name":"Golden Wing","player_choice":"Gained Gold","floor":4.0,"gold_loss":0.0,"damage_taken":0.0},{"damage_healed":0.0,"max_hp_gain":0.0,"max_hp_loss":0.0,"gold_gain":0.0,"event_name":"Golden Idol","player_choice":"Take Damage","floor":5.0,"gold_loss":0.0,"damage_taken":26.0,"relics_obtained":["Golden Idol"]},{"damage_healed":0.0,"max_hp_gain":0.0,"max_hp_loss":0.0,"gold_gain":150.0,"event_name":"Liars Game","player_choice":"AGREE","floor":10.0,"gold_loss":0.0,"damage_taken":0.0,"cards_obtained":["Doubt"]},{"damage_healed":0,"gold_gain":0,"player_choice":"Gave Idol","damage_taken":0,"relics_obtained":["Bloody Idol"],"max_hp_gain":0,"max_hp_loss":0,"event_name":"Forgotten Altar","floor":19,"relics_lost":["Golden Idol"],"gold_loss":0},{"damage_healed":0,"gold_gain":50,"player_choice":"Stole From Cult","damage_taken":0,"max_hp_gain":0,"max_hp_loss":0,"event_name":"Nest","floor":20,"gold_loss":0},{"damage_healed":0,"gold_gain":0,"player_choice":"Ignored","damage_taken":0,"max_hp_gain":0,"max_hp_loss":0,"event_name":"Beggar","floor":21,"gold_loss":0}],"is_beta":true,"boss_relics":[{"not_picked":["Black Blood","Runic Cube"],"picked":"Orrery"}],"items_purged_floors":[11],"is_endless":false,"potions_floor_spawned":[2,6,12,16,18],"killed_by":"Slavers","ascension_level":20}