{"gold_per_floor":[115,46,72,87,87,118,118,133,133,133,162,162,162,188,188,287,337,357,377,122,37,49,83,83,118,142,158,158,168,168,14,14,109,109,120,3,23,23,23,23,23],"floor_reached":41,"playtime":1957,"items_purged":["Strike_G"],"score":726,"play_id":"197f53f9-b385-4106-ada7-8b834f5a000a","local_time":"20190121184848","is_ascension_mode":true,"campfire_choices":[{"data":"Caltrops","floor":7,"key":"SMITH"},{"data":"Infinite Blades","floor":10,"key":"SMITH"},{"data":"Bouncing Flask","floor":12,"key":"SMITH"},{"data":"Dash","floor":15,"key":"SMITH"},{"data":"Ghostly","floor":28,"key":"SMITH"},{"data":"Bullet Time","floor":30,"key":"SMITH"},{"data":"Ghostly","floor":32,"key":"SMITH"},{"data":"Ghostly","floor":40,"key":"SMITH"}],"neow_cost":"NONE","seed_source_timestamp":4069230249157,"circlet_count":0,"master_deck":["Defend_G","Defend_G+1","Defend_G","Defend_G+1","Defend_G","Strike_G","Strike_G","Strike_G","Strike_G","Survivor","Neutralize","Infinite Blades+1","Dash","Backflip","Caltrops+1","Acrobatics+1","Bouncing Flask+1","Dash+1","Bullet Time+1","Leg Sweep","Escape Plan","Well Laid Plans+1","Accuracy+1","Choke","Backstab+1","Ghostly+1","Ghostly+1","Ghostly","Ghostly","Ghostly+1","Poisoned Stab+1","Accuracy+1","Malaise","Heel Hook+1","Madness","Madness"],"relics":["Ring of the Snake","NeowsBlessing","Ancient Tea Set","Dodecahedron","Frozen Egg 2","Blue Candle","GremlinMask","Bottled Tornado","Tiny House","Bronze Scales","The Courier","Art of War","The Specimen","Blood Vial","Strange Spoon","Busted Crown","Happy Flower"],"potions_floor_usage":[11,11,16,23,33,33,33,37,41],"damage_taken":[{"damage":0,"enemies":"Cultist","floor":1,"turns":1},{"damage":0,"enemies":"Small Slimes","floor":4,"turns":1},{"damage":0,"enemies":"Lagavulin","floor":6,"turns":1},{"damage":0,"enemies":"2 Louse","floor":8,"turns":3},{"damage":0,"enemies":"3 Sentries","floor":11,"turns":9},{"damage":10,"enemies":"Lagavulin","floor":14,"turns":5},{"damage":37,"enemies":"The Guardian","floor":16,"turns":8},{"damage":0,"enemies":"3 Byrds","floor":18,"turns":4},{"damage":0,"enemies":"Chosen","floor":19,"turns":5},{"damage":12,"enemies":"Snake Plant","floor":22,"turns":4},{"damage":11,"enemies":"Book of Stabbing","floor":23,"turns":5},{"damage":0,"enemies":"Slavers","floor":25,"turns":6},{"damage":0,"enemies":"Centurion and Healer","floor":27,"turns":6},{"damage":0,"enemies":"Sentry and Sphere","floor":29,"turns":5},{"damage":39,"enemies":"Collector","floor":33,"turns":10},{"damage":0,"enemies":"3 Shapes","floor":35,"turns":5},{"damage":9,"enemies":"3 Darklings","floor":37,"turns":5},{"damage":37,"enemies":"Reptomancer","floor":41,"turns":2}],"seed_played":"-2705935805401479659","potions_obtained":[{"floor":6,"key":"EssenceOfSteel"},{"floor":8,"key":"Block Potion"},{"floor":14,"key":"Dexterity Potion"},{"floor":16,"key":"Dexterity Potion"},{"floor":17,"key":"Swift Potion"},{"floor":22,"key":"GhostInAJar"},{"floor":23,"key":"Regen Potion"},{"floor":33,"key":"SkillPotion"},{"floor":37,"key":"Regen Potion"}],"is_trial":false,"path_per_floor":["T","M","?","?","M","?","?","?"],"character_chosen":"THE_SILENT","items_purchased":["Dash","Accuracy+1","Bronze Scales","Strange Spoon","Happy Flower"],"campfire_rested":0,"item_purchase_floors":[2,20,20,31,36],"current_hp_per_floor":[63,63,63,63,49,49,49,49,49,49,49,49,49,39,39,2,58,58,58,58,58,46,35,35,35,35,37,37,37,37,37,37,7,30,32,32,25,25,20,20,0],"gold":23,"neow_bonus":"THREE_ENEMY_KILL","is_prod":false,"is_daily":false,"chose_seed":false,"campfire_upgraded":8,"win_rate":0,"timestamp":1548114528,"path_taken":["M","$","?","?","?","E","R","M","T","R","E","R","?","E","R","BOSS","M","?","$","?","M","E","?","E","T","M","R","M","R","$","R","BOSS","M","$","M","$","?","R","E"],"build_version":"2019-01-20","purchased_purges":1,"victory":false,"max_hp_per_floor":[70,70,70,70,70,70,70,70,70,70,70,70,70,70,70,70,75,75,75,75,75,75,75,37,37,37,37,37,37,37,37,37,37,37,37,37,37,37,37,37,37],"card_choices":[{"not_picked":["PiercingWail","Poisoned Stab"],"picked":"Infinite Blades","floor":1},{"not_picked":["Riddle With Holes","Dodge and Roll"],"picked":"Backflip","floor":4},{"not_picked":["Riddle With Holes","Dodge and Roll"],"picked":"Caltrops","floor":6},{"not_picked":["Deflect","Cloak And Dagger"],"picked":"Acrobatics","floor":8},{"not_picked":["Sucker Punch","Outmaneuver"],"picked":"Bouncing Flask","floor":11},{"not_picked":["Endless Agony","PiercingWail"],"picked":"Dash","floor":14},{"not_picked":["Storm of Steel","Die Die Die"],"picked":"Bullet Time","floor":16},{"not_picked":["Cloak And Dagger","Slice"],"picked":"Leg Sweep","floor":17},{"not_picked":["Quick Slash","Dagger Spray"],"picked":"Escape Plan","floor":18},{"not_picked":["Deflect+1","Eviscerate"],"picked":"Well Laid Plans+1","floor":19},{"not_picked":["Flying Knee","Deadly Poison"],"picked":"Choke","floor":22},{"not_picked":["Distraction","Masterful Stab"],"picked":"Backstab+1","floor":23},{"not_picked":["Choke","Predator+1"],"picked":"Poisoned Stab+1","floor":25},{"not_picked":["Concentrate","Outmaneuver"],"picked":"Accuracy+1","floor":27},{"not_picked":["Distraction","Deflect"],"picked":"Malaise","floor":29},{"not_picked":["Reflex+1"],"picked":"SKIP","floor":35},{"not_picked":[],"picked":"Heel Hook+1","floor":37}],"player_experience":243048,"relics_obtained":[{"floor":3,"key":"Ancient Tea Set"},{"floor":6,"key":"Dodecahedron"},{"floor":9,"key":"Frozen Egg 2"},{"floor":11,"key":"Blue Candle"},{"floor":14,"key":"Bottled Tornado"},{"floor":23,"key":"Art of War"},{"floor":25,"key":"The Specimen"},{"floor":26,"key":"Blood Vial"}],"event_choices":[{"damage_healed":0,"gold_gain":0,"player_choice":"Entered Light","damage_taken":14,"max_hp_gain":0,"max_hp_loss":0,"event_name":"Shining Light","floor":5,"gold_loss":0,"cards_upgraded":["Defend_G","Defend_G"]},{"damage_healed":0,"gold_gain":0,"player_choice":"Trade","damage_taken":0,"relics_obtained":["GremlinMask"],"max_hp_gain":0,"max_hp_loss":0,"event_name":"FaceTrader","floor":13,"gold_loss":0},{"damage_healed":0,"gold_gain":0,"player_choice":"Obtained Relic","damage_taken":0,"relics_obtained":["The Courier"],"max_hp_gain":0,"max_hp_loss":0,"event_name":"Addict","floor":21,"gold_loss":85},{"damage_healed":0,"gold_gain":0,"player_choice":"Became a Ghost","damage_taken":0,"max_hp_gain":0,"max_hp_loss":38,"event_name":"Ghosts","floor":24,"gold_loss":0,"cards_obtained":["Ghostly","Ghostly","Ghostly","Ghostly","Ghostly"]},{"damage_healed":0,"gold_gain":0,"player_choice":"Embrace Madness","damage_taken":5,"max_hp_gain":0,"max_hp_loss":0,"event_name":"Winding Halls","floor":39,"gold_loss":0,"cards_obtained":["Madness","Madness"]}],"is_beta":true,"boss_relics":[{"not_picked":["HoveringKite","Lizard Tail"],"picked":"Tiny House"},{"not_picked":["Runic Pyramid","Eternal Feather"],"picked":"Busted Crown"}],"items_purged_floors":[20],"is_endless":false,"potions_floor_spawned":[6,8,14,16,22,23,25,29,33,37],"killed_by":"Reptomancer","ascension_level":6}