{"gold_per_floor":[119,119,136,156,169,169,15,15,15,15,50,20,20,39,39,134,134,152,102,113,127,51,51,70,169,192,19,39,54,54,73,73,73],"floor_reached":33,"playtime":908,"items_purged":[],"score":288,"play_id":"ee9201f6-22e6-4d56-a3a6-e89b6483655c","local_time":"20190221063223","is_ascension_mode":true,"campfire_choices":[{"data":"Ball Lightning","floor":6,"key":"SMITH"},{"data":"Dualcast","floor":10,"key":"SMITH"},{"data":"1","floor":13,"key":"LIFT"},{"data":"Electrodynamics","floor":15,"key":"SMITH"},{"floor":23,"key":"REST"},{"floor":30,"key":"REST"},{"data":"2","floor":32,"key":"LIFT"}],"neow_cost":"NONE","seed_source_timestamp":52316376599393,"circlet_count":0,"master_deck":["Strike_B","Strike_B","Strike_B","Defend_B","Defend_B","Defend_B","Defend_B","Zap+1","Dualcast+1","Ball Lightning+1","Electrodynamics+1","Gash+1","Redo","Self Repair","Static Discharge","Streamline","Ball Lightning","Electrodynamics"],"relics":["Cracked Core","Regal Pillow","Girya","Black Star","PreservedInsect","Orichalcum"],"potions_floor_usage":[11,11,16,16,16,24,28,29,33],"damage_taken":[{"damage":6,"enemies":"2 Louse","floor":1,"turns":3},{"damage":1,"enemies":"Cultist","floor":3,"turns":3},{"damage":12,"enemies":"Small Slimes","floor":4,"turns":3},{"damage":8,"enemies":"Red Slaver","floor":5,"turns":3},{"damage":0,"enemies":"Gremlin Nob","floor":11,"turns":2},{"damage":4,"enemies":"Gremlin Gang","floor":14,"turns":3},{"damage":40,"enemies":"Hexaghost","floor":16,"turns":9},{"damage":20,"enemies":"2 Thieves","floor":18,"turns":3},{"damage":19,"enemies":"Shell Parasite","floor":20,"turns":4},{"damage":34,"enemies":"Shelled Parasite and Fungi","floor":21,"turns":5},{"damage":11,"enemies":"Centurion and Healer","floor":24,"turns":6},{"damage":30,"enemies":"Sentry and Sphere","floor":28,"turns":4},{"damage":10,"enemies":"Chosen and Byrds","floor":29,"turns":3},{"damage":8,"enemies":"Centurion and Healer","floor":31,"turns":3},{"damage":68,"enemies":"Collector","floor":33,"turns":6}],"seed_played":"8785070883432659796","potions_obtained":[{"floor":4,"key":"Explosive Potion"},{"floor":5,"key":"AttackPotion"},{"floor":11,"key":"Weak Potion"},{"floor":12,"key":"Swift Potion"},{"floor":12,"key":"SkillPotion"},{"floor":21,"key":"EssenceOfSteel"},{"floor":24,"key":"FearPotion"},{"floor":28,"key":"PowerPotion"},{"floor":31,"key":"Ancient Potion"}],"is_trial":false,"path_per_floor":["M","?","M","M","M","R","$","?","T","R","E","?","R","M","R","B",null,"M","?","M","M","$","R","M","?","T","$","M","M","R","M","R","B"],"character_chosen":"DEFECT","items_purchased":["Regal Pillow","Static Discharge","Orichalcum","Ball Lightning"],"campfire_rested":2,"item_purchase_floors":[7,22,27,27],"current_hp_per_floor":[69,69,68,56,48,48,48,53,53,53,53,53,53,49,49,9,80,60,60,41,7,7,46,42,42,42,42,19,16,55,54,54,0],"gold":73,"neow_bonus":"UPGRADE_CARD","is_prod":false,"is_daily":false,"chose_seed":false,"campfire_upgraded":3,"win_rate":0,"timestamp":1550759543,"path_taken":["M","?","?","M","M","R","$","?","T","R","E","?","R","M","R","BOSS","M","?","?","M","$","R","M","?","T","$","M","M","R","M","R","BOSS"],"build_version":"2019-01-23","purchased_purges":0,"victory":false,"max_hp_per_floor":[75,75,75,75,75,75,75,80,80,80,80,80,80,80,80,80,80,80,80,80,80,80,80,80,80,80,80,80,80,80,80,80,80],"card_choices":[{"not_picked":["Auto Shields","Beam Cell"],"picked":"Ball Lightning","floor":1},{"not_picked":["Tempest","Leap","Heatsinks"],"picked":"SKIP","floor":3},{"not_picked":["Sweeping Beam","Coolheaded","Hello World"],"picked":"SKIP","floor":4},{"not_picked":["Beam Cell","Compile Driver","Barrage"],"picked":"SKIP","floor":5},{"not_picked":["Static Discharge","Fusion"],"picked":"Electrodynamics","floor":11},{"not_picked":["Coolheaded","Beam Cell","Barrage"],"picked":"SKIP","floor":14},{"not_picked":["Compile Driver+1","Undo"],"picked":"Gash+1","floor":18},{"not_picked":["Storm","Reinforced Body"],"picked":"Redo","floor":20},{"not_picked":["Scrape","Cold Snap+1"],"picked":"Self Repair","floor":21},{"not_picked":["Conserve Battery","Beam Cell"],"picked":"Streamline","floor":24},{"not_picked":["Streamline","Barrage"],"picked":"Electrodynamics","floor":28},{"not_picked":["Lockon","Hologram","Ball Lightning"],"picked":"SKIP","floor":29},{"not_picked":["Redo","White Noise","Cold Snap"],"picked":"SKIP","floor":31}],"player_experience":266607,"relics_obtained":[{"floor":11,"key":"Girya"},{"floor":26,"key":"PreservedInsect"}],"event_choices":[{"cards_removed":["Strike_B"],"damage_healed":0,"gold_gain":0,"player_choice":"Offered Basic","damage_taken":0,"max_hp_gain":0,"max_hp_loss":0,"event_name":"Bonfire Elementals","floor":2,"gold_loss":0},{"damage_healed":0,"gold_gain":0,"player_choice":"Donut","damage_taken":0,"max_hp_gain":5,"max_hp_loss":0,"event_name":"Big Fish","floor":8,"gold_loss":0},{"damage_healed":0,"gold_gain":0,"player_choice":"Bought 2 Potions","damage_taken":0,"max_hp_gain":0,"max_hp_loss":0,"event_name":"The Woman in Blue","floor":12,"gold_loss":0},{"damage_healed":0,"gold_gain":0,"player_choice":"Bet on Murderer","damage_taken":0,"max_hp_gain":0,"max_hp_loss":0,"event_name":"The Joust","floor":19,"gold_loss":50},{"damage_healed":0,"gold_gain":99,"player_choice":"Stole From Cult","damage_taken":0,"max_hp_gain":0,"max_hp_loss":0,"event_name":"Nest","floor":25,"gold_loss":0}],"is_beta":false,"boss_relics":[{"not_picked":["Sozu","Ectoplasm"],"picked":"Black Star"}],"items_purged_floors":[],"is_endless":false,"potions_floor_spawned":[4,5,11,21,24,28,31],"killed_by":"Collector","ascension_level":1}