{"gold_per_floor":[110,110,124,141,160,160,194,37,64,64],"floor_reached":10,"playtime":449,"items_purged":[],"score":88,"play_id":"bfdbcdcb-3ac6-418a-adf0-7d2152ace80e","local_time":"20190121181557","is_ascension_mode":true,"campfire_choices":[{"data":"Flying Knee","floor":6,"key":"SMITH"}],"neow_cost":"NONE","seed_source_timestamp":3608770251386,"circlet_count":0,"master_deck":["Defend_G","Defend_G","Defend_G","Defend_G","Strike_G","Strike_G","Strike_G","Strike_G","Strike_G","Survivor","Neutralize","Reflex","Escape Plan","Flying Knee+1","Flying Knee","Dagger Spray","Tools of the Trade"],"relics":["Eternal Feather","Ancient Tea Set","Boot"],"potions_floor_usage":[7,7],"damage_taken":[{"damage":5,"enemies":"Small Slimes","floor":1,"turns":6},{"damage":6,"enemies":"Cultist","floor":3,"turns":4},{"damage":4,"enemies":"Jaw Worm","floor":4,"turns":4},{"damage":14,"enemies":"3 Louse","floor":5,"turns":5},{"damage":7,"enemies":"3 Sentries","floor":7,"turns":7},{"damage":26,"enemies":"Gremlin Nob","floor":10,"turns":4}],"seed_played":"4202624579688894807","potions_obtained":[{"floor":3,"key":"Strength Potion"},{"floor":5,"key":"Block Potion"}],"is_trial":false,"path_per_floor":["?"],"character_chosen":"THE_SILENT","items_purchased":["Tools of the Trade"],"campfire_rested":0,"item_purchase_floors":[8],"current_hp_per_floor":[58,51,45,41,27,36,29,29,29,3],"gold":64,"neow_bonus":"BOSS_RELIC","is_prod":false,"is_daily":false,"chose_seed":false,"campfire_upgraded":1,"win_rate":0,"timestamp":1548112557,"path_taken":["M","?","M","M","M","R","E","$","T","E"],"build_version":"2019-01-20","purchased_purges":0,"victory":false,"max_hp_per_floor":[70,70,70,70,70,70,70,70,70,70],"card_choices":[{"not_picked":["Backflip","Dodge and Roll"],"picked":"Reflex","floor":1},{"not_picked":["Sucker Punch","Quick Slash"],"picked":"Escape Plan","floor":3},{"not_picked":["Sucker Punch","Eviscerate"],"picked":"Flying Knee","floor":4},{"not_picked":["PiercingWail","Phantasmal Killer"],"picked":"Flying Knee","floor":5},{"not_picked":["Slice","Poisoned Stab"],"picked":"Dagger Spray","floor":7}],"player_experience":242599,"relics_obtained":[{"floor":7,"key":"Ancient Tea Set"},{"floor":9,"key":"Boot"}],"event_choices":[{"cards_removed":["Defend_G"],"damage_healed":0,"gold_gain":0,"player_choice":"Card Removal","damage_taken":7,"max_hp_gain":0,"max_hp_loss":0,"event_name":"Golden Wing","floor":2,"gold_loss":0}],"is_beta":true,"boss_relics":[],"items_purged_floors":[],"is_endless":false,"potions_floor_spawned":[3,5],"killed_by":"Gremlin Nob","ascension_level":6}