{"gold_per_floor":[12,12,22,39,49,49,26,51,51,51,64,64,91,122,122,217,217,228,239,239,239,258,258,277,277,277,289,289],"floor_reached":28,"playtime":944,"items_purged":[],"score":255,"play_id":"3b784587-3c60-49ee-805c-1384cc39336a","local_time":"20190312050241","is_ascension_mode":true,"campfire_choices":[{"data":"Searing Blow","floor":6,"key":"SMITH"},{"data":"Searing Blow+1","floor":15,"key":"SMITH"},{"floor":23,"key":"REST"},{"floor":25,"key":"REST"}],"neow_cost":"NO_GOLD","seed_source_timestamp":339290970207127,"circlet_count":0,"master_deck":["Strike_R","Strike_R","Defend_R","Defend_R","Defend_R","Bash","Reaper","Havoc","Clothesline","Spot Weakness","Searing Blow+2","Twin Strike","Flex","Cleave","Havoc","Spot Weakness+1"],"relics":["Burning Blood","Red Skull","Bag of Marbles","Pantograph","Odd Mushroom","Sundial","Eternal Feather","Boot"],"potions_floor_usage":[3,11,13,21,22,24,27],"damage_taken":[{"damage":19,"enemies":"Small Slimes","floor":1,"turns":4},{"damage":4,"enemies":"Cultist","floor":3,"turns":3},{"damage":4,"enemies":"Jaw Worm","floor":4,"turns":3},{"damage":33,"enemies":"Lots of Slimes","floor":5,"turns":4},{"damage":24,"enemies":"Gremlin Nob","floor":8,"turns":5},{"damage":0,"enemies":"Large Slime","floor":11,"turns":4},{"damage":0,"enemies":"The Mushroom Lair","floor":13,"turns":2},{"damage":26,"enemies":"Lagavulin","floor":14,"turns":4},{"damage":66,"enemies":"Hexaghost","floor":16,"turns":8},{"damage":34,"enemies":"Spheric Guardian","floor":18,"turns":5},{"damage":30,"enemies":"Shell Parasite","floor":19,"turns":4},{"damage":0,"enemies":"Centurion and Healer","floor":21,"turns":1},{"damage":10,"enemies":"Snake Plant","floor":22,"turns":3},{"damage":42,"enemies":"3 Cultists","floor":24,"turns":5},{"damage":21,"enemies":"Centurion and Healer","floor":27,"turns":6},{"damage":81,"enemies":"Gremlin Leader","floor":28,"turns":4}],"seed_played":"805602812205009582","potions_obtained":[{"floor":1,"key":"SkillPotion"},{"floor":5,"key":"SkillPotion"},{"floor":8,"key":"Explosive Potion"},{"floor":13,"key":"SmokeBomb"},{"floor":19,"key":"SpeedPotion"},{"floor":22,"key":"PowerPotion"},{"floor":24,"key":"BloodPotion"}],"is_trial":false,"path_per_floor":["M","?","M","M","M","R","$","E","T","?","M","?","?","E","R","B",null,"M","M","?","M","M","R","M","R","T","M","E"],"character_chosen":"IRONCLAD","items_purchased":["Flex"],"campfire_rested":2,"item_purchase_floors":[7],"current_hp_per_floor":[71,71,77,79,68,68,68,54,54,54,68,65,80,60,60,35,80,52,28,28,34,30,63,37,70,70,69,0],"gold":289,"neow_bonus":"TRANSFORM_TWO_CARDS","is_prod":false,"is_daily":false,"chose_seed":false,"campfire_upgraded":2,"win_rate":0,"timestamp":1552392161,"path_taken":["M","?","?","M","M","R","$","E","T","?","?","?","?","E","R","BOSS","M","M","?","M","?","R","M","R","T","M","E"],"build_version":"2019-01-23","purchased_purges":0,"victory":false,"max_hp_per_floor":[80,80,80,80,80,80,80,80,80,80,80,80,80,80,80,80,80,80,80,80,80,80,80,80,80,80,80,80],"card_choices":[{"not_picked":["Flame Barrier","Pommel Strike"],"picked":"Clothesline","floor":1},{"not_picked":["Flame Barrier","Entrench"],"picked":"Spot Weakness","floor":3},{"not_picked":["Perfected Strike","Twin Strike"],"picked":"Searing Blow","floor":4},{"not_picked":["Havoc","Metallicize"],"picked":"Twin Strike","floor":5},{"not_picked":["Headbutt","Clothesline"],"picked":"Cleave","floor":8},{"not_picked":["Fiend Fire","Entrench","Clothesline"],"picked":"SKIP","floor":11},{"not_picked":["Pommel Strike","Hemokinesis","Havoc"],"picked":"SKIP","floor":14},{"not_picked":["Pummel+1","Evolve","Corruption"],"picked":"SKIP","floor":18},{"not_picked":["Iron Wave","Whirlwind","Flex"],"picked":"SKIP","floor":19},{"not_picked":["Clothesline+1","Infernal Blade","Havoc+1"],"picked":"SKIP","floor":22},{"not_picked":["Body Slam","Carnage","Perfected Strike"],"picked":"SKIP","floor":24},{"not_picked":["Uppercut","Heavy Blade"],"picked":"Spot Weakness+1","floor":27}],"player_experience":330350,"relics_obtained":[{"floor":8,"key":"Red Skull"},{"floor":9,"key":"Bag of Marbles"},{"floor":13,"key":"Odd Mushroom"},{"floor":14,"key":"Sundial"},{"floor":26,"key":"Boot"}],"event_choices":[{"cards_removed":["Strike_R"],"damage_healed":0,"gold_gain":0,"player_choice":"Offered Basic","damage_taken":0,"max_hp_gain":0,"max_hp_loss":0,"event_name":"Bonfire Elementals","floor":2,"gold_loss":0},{"damage_healed":0,"gold_gain":0,"player_choice":"0 cards matched","damage_taken":0,"max_hp_gain":0,"max_hp_loss":0,"event_name":"Match and Keep!","floor":10,"gold_loss":0,"cards_obtained":[]},{"damage_healed":0,"gold_gain":0,"player_choice":"Success","damage_taken":3,"relics_obtained":["Pantograph"],"max_hp_gain":0,"max_hp_loss":0,"event_name":"Scrap Ooze","floor":12,"gold_loss":0},{"damage_healed":0,"gold_gain":0,"player_choice":"Fought Mushrooms","damage_taken":0,"max_hp_gain":0,"max_hp_loss":0,"event_name":"Mushrooms","floor":13,"gold_loss":0},{"damage_healed":0,"gold_gain":0,"cards_transformed":["Strike_R"],"player_choice":"Transformed","damage_taken":0,"max_hp_gain":0,"max_hp_loss":0,"event_name":"Transmorgrifier","floor":20,"gold_loss":0,"cards_obtained":["Havoc"]}],"is_beta":false,"boss_relics":[{"not_picked":["Philosopher\u0027s Stone","Runic Pyramid"],"picked":"Eternal Feather"}],"items_purged_floors":[],"is_endless":false,"potions_floor_spawned":[1,5,8,13,19,21,22,24],"killed_by":"Gremlin Leader","ascension_level":2}