{"gold_per_floor":[364,377,377,302,302,359,359,359,359,46,77,77,77,92,92,92],"floor_reached":16,"playtime":793,"items_purged":["Writhe","Strike_R"],"score":201,"play_id":"7e2ffed4-cad4-4bd6-b2ef-25b9db47ef07","local_time":"20190315064505","is_ascension_mode":true,"campfire_choices":[{"data":"Rage","floor":7,"key":"SMITH"},{"data":"Flame Barrier","floor":15,"key":"SMITH"}],"neow_cost":"CURSE","seed_source_timestamp":98103159612521,"circlet_count":0,"master_deck":["AscendersBane","Strike_R","Strike_R","Strike_R","Strike_R","Defend_R","Defend_R","Defend_R","Defend_R","Bash+1","Pummel","Dropkick","Rage+1","Spot Weakness","Flame Barrier+1","Inflame"],"relics":["Burning Blood","Tiny Chest","Ancient Tea Set","Pen Nib","Regal Pillow","Golden Idol"],"potions_floor_usage":[6,11,16],"damage_taken":[{"damage":7,"enemies":"2 Louse","floor":1,"turns":3},{"damage":1,"enemies":"Small Slimes","floor":2,"turns":4},{"damage":54,"enemies":"Gremlin Nob","floor":6,"turns":5},{"damage":10,"enemies":"Lagavulin","floor":11,"turns":5},{"damage":7,"enemies":"Jaw Worm","floor":14,"turns":4},{"damage":25,"enemies":"Hexaghost","floor":16,"turns":9}],"seed_played":"2547076757807730900","potions_obtained":[{"floor":1,"key":"SkillPotion"},{"floor":6,"key":"SkillPotion"},{"floor":11,"key":"GamblersBrew"}],"is_trial":false,"path_per_floor":["M","M","?","$","?","E","R","$","T","$","E","?","?","M","R","B"],"character_chosen":"IRONCLAD","items_purchased":["Spot Weakness","Pen Nib"],"campfire_rested":0,"item_purchase_floors":[10,10],"current_hp_per_floor":[67,72,77,77,77,29,29,29,29,29,25,25,25,24,24,0],"gold":92,"neow_bonus":"TWO_FIFTY_GOLD","is_prod":false,"is_daily":false,"chose_seed":false,"campfire_upgraded":2,"win_rate":0,"timestamp":1552646705,"path_taken":["M","M","?","$","?","E","R","$","T","$","E","?","?","M","R","BOSS"],"build_version":"2019-02-06","purchased_purges":2,"victory":false,"max_hp_per_floor":[75,75,80,80,80,80,80,80,80,80,80,80,72,72,72,72],"card_choices":[{"not_picked":["Havoc","Clash"],"picked":"Pummel","floor":1},{"not_picked":["True Grit","Sword Boomerang"],"picked":"Dropkick","floor":2},{"not_picked":["Entrench","Hemokinesis"],"picked":"Rage","floor":6},{"not_picked":["Heavy Blade","Thunderclap"],"picked":"Flame Barrier","floor":11},{"not_picked":["Wild Strike","Sword Boomerang"],"picked":"Inflame","floor":14}],"player_experience":515296,"relics_obtained":[{"floor":6,"key":"Tiny Chest"},{"floor":9,"key":"Ancient Tea Set"},{"floor":11,"key":"Regal Pillow"}],"event_choices":[{"damage_healed":0,"gold_gain":0,"player_choice":"Donut","damage_taken":0,"max_hp_gain":5,"max_hp_loss":0,"event_name":"Big Fish","floor":3,"gold_loss":0},{"damage_healed":0,"gold_gain":0,"player_choice":"Grow","damage_taken":0,"max_hp_gain":0,"max_hp_loss":0,"event_name":"Living Wall","floor":5,"gold_loss":0,"cards_upgraded":["Bash"]},{"damage_healed":0,"gold_gain":0,"player_choice":"Ignored","damage_taken":0,"max_hp_gain":0,"max_hp_loss":0,"event_name":"Shining Light","floor":12,"gold_loss":0},{"damage_healed":0,"gold_gain":0,"player_choice":"Lose Max HP","damage_taken":0,"relics_obtained":["Golden Idol"],"max_hp_gain":0,"max_hp_loss":8,"event_name":"Golden Idol","floor":13,"gold_loss":0}],"is_beta":true,"boss_relics":[],"items_purged_floors":[4,10],"is_endless":false,"potions_floor_spawned":[1,6,11],"killed_by":"Hexaghost","ascension_level":18}