{"gold_per_floor":[117,117,117,127,137,137,154,154,208,208,237,312,330,330],"floor_reached":14,"playtime":453,"items_purged":[],"score":180,"play_id":"8eea1340-557f-4c39-9eb3-d4a04f3ae699","local_time":"20190319113025","is_ascension_mode":true,"campfire_choices":[{"data":"Crippling Poison","floor":6,"key":"SMITH"},{"data":"Noxious Fumes","floor":8,"key":"SMITH"},{"floor":10,"key":"REST"}],"neow_cost":"NONE","seed_source_timestamp":544021719366852,"circlet_count":0,"master_deck":["AscendersBane","Defend_G","Defend_G+1","Defend_G+1","Defend_G","Defend_G","Strike_G","Strike_G","Strike_G","Strike_G","Survivor","Neutralize","Crippling Poison+1","Cloak And Dagger","Noxious Fumes+1","Catalyst"],"relics":["Ring of the Snake","Blood Vial","Pen Nib","Omamori"],"potions_floor_usage":[14],"damage_taken":[{"damage":5,"enemies":"Small Slimes","floor":1,"turns":4},{"damage":2,"enemies":"Jaw Worm","floor":4,"turns":6},{"damage":0,"enemies":"2 Louse","floor":5,"turns":3},{"damage":17,"enemies":"Large Slime","floor":7,"turns":10},{"damage":13,"enemies":"Lagavulin","floor":11,"turns":8},{"damage":7,"enemies":"Lots of Slimes","floor":13,"turns":3},{"damage":11,"enemies":"3 Sentries","floor":14,"turns":4}],"seed_played":"8275591180050914589","potions_obtained":[{"floor":1,"key":"Explosive Potion"},{"floor":7,"key":"Ancient Potion"}],"is_trial":false,"path_per_floor":["M","?","?","M","M","R","M","R","T","R","E","?","M","E"],"character_chosen":"THE_SILENT","items_purchased":[],"campfire_rested":1,"item_purchase_floors":[],"current_hp_per_floor":[56,49,29,29,31,31,16,16,16,35,24,13,8,0],"gold":330,"neow_bonus":"RANDOM_COMMON_RELIC","is_prod":false,"is_daily":false,"chose_seed":false,"campfire_upgraded":2,"win_rate":0,"timestamp":1553009425,"path_taken":["M","?","?","M","M","R","M","R","T","R","E","?","M","E"],"build_version":"2019-03-15","purchased_purges":0,"victory":false,"max_hp_per_floor":[66,66,66,66,66,66,66,66,66,66,66,66,66,66],"card_choices":[{"not_picked":["Sucker Punch","PiercingWail"],"picked":"Crippling Poison","floor":1},{"not_picked":["Quick Slash","Endless Agony"],"picked":"Cloak And Dagger","floor":4},{"not_picked":["Underhanded Strike","Outmaneuver","Slice"],"picked":"SKIP","floor":5},{"not_picked":["Skewer","Night Terror"],"picked":"Noxious Fumes","floor":7},{"not_picked":["Crippling Poison","Blade Dance","Masterful Stab"],"picked":"SKIP","floor":11},{"not_picked":["Slice","Poisoned Stab"],"picked":"Catalyst","floor":13}],"player_experience":1143541,"relics_obtained":[{"floor":9,"key":"Pen Nib"},{"floor":11,"key":"Omamori"}],"event_choices":[{"cards_removed":["Strike_G"],"damage_healed":0,"gold_gain":0,"player_choice":"Card Removal","damage_taken":7,"max_hp_gain":0,"max_hp_loss":0,"event_name":"Golden Wing","floor":2,"gold_loss":0},{"damage_healed":0,"gold_gain":0,"player_choice":"Entered Light","damage_taken":20,"max_hp_gain":0,"max_hp_loss":0,"event_name":"Shining Light","floor":3,"gold_loss":0,"cards_upgraded":["Defend_G","Defend_G"]},{"damage_healed":0,"gold_gain":75,"player_choice":"Gather Gold","damage_taken":11,"max_hp_gain":0,"max_hp_loss":0,"event_name":"World of Goop","floor":12,"gold_loss":0}],"is_beta":true,"boss_relics":[],"items_purged_floors":[],"is_endless":false,"potions_floor_spawned":[1,7,11],"killed_by":"3 Sentries","ascension_level":20}