{"path_per_floor":["M","M","M","M","M","R","?","M","T","?","R","$","E","M","R","B",null,"M","M","M","?"],"character_chosen":"DEFECT","items_purchased":["Happy Flower","Leap","Ball Lightning"],"gold_per_floor":[111,126,140,153,171,171,171,186,235,235,235,24,51,61,61,156,156,168,184,204,119,119],"floor_reached":22,"campfire_rested":3,"playtime":1061,"current_hp_per_floor":[63,49,40,30,4,24,17,13,13,13,33,33,14,8,28,2,68,48,48,21,21,0],"items_purged":[],"gold":119,"score":200,"play_id":"c74eddd3-e94d-4854-a345-09ee8f12a94c","local_time":"20180502133953","is_prod":false,"is_daily":false,"chose_seed":false,"is_ascension_mode":true,"campfire_upgraded":0,"timestamp":1525282793,"path_taken":["M","M","M","M","M","R","?","M","T","?","R","$","E","?","R","BOSS","M","M","M","?","?"],"build_version":"2018-04-26v2","seed_source_timestamp":5264334533697,"purchased_purges":0,"victory":false,"master_deck":["Strike_B","Defend_B","Defend_B","Defend_B","Defend_B","Zap","Dualcast","Thunder Strike","Rebound","Chaos","Capacitor","Impulse","Defragment","Echo Form","FTL","Leap","Ball Lightning","Axe Kick","Streamline","Fusion","Loop+1","Ball Lightning+1","Capacitor+1"],"max_hp_per_floor":[68,68,68,68,68,68,68,68,68,68,68,68,68,68,68,68,68,68,68,68,68,68],"relics":["Cracked Core","Vajra","Happy Flower","Darkstone Periapt","Nuclear Battery","Frozen Egg 2"],"card_choices":[{"not_picked":["Conserve Battery","Capacitor"],"picked":"Chaos","floor":1},{"not_picked":["Impulse","Aggregate"],"picked":"Capacitor","floor":2},{"not_picked":["Barrage","Gash"],"picked":"Impulse","floor":3},{"not_picked":["Undo","Hologram"],"picked":"Defragment","floor":4},{"not_picked":["Sweeping Beam","Hologram"],"picked":"Echo Form","floor":5},{"not_picked":["Rip and Tear","Heatsinks"],"picked":"FTL","floor":8},{"not_picked":["Loop","Stack"],"picked":"Axe Kick","floor":13},{"not_picked":["Storm","Heatsinks"],"picked":"Streamline","floor":14},{"not_picked":["Echo Form","All For One"],"picked":"Fusion","floor":16},{"not_picked":["Sweeping Beam","Melter"],"picked":"Loop","floor":18},{"not_picked":["Stack","Rebound"],"picked":"Ball Lightning","floor":19},{"not_picked":["Hello World","Sweeping Beam"],"picked":"Capacitor","floor":20}],"player_experience":79749,"potions_floor_usage":[13,14,16,20],"damage_taken":[{"damage":5,"enemies":"Cultist","floor":1,"turns":5},{"damage":14,"enemies":"2 Louse","floor":2,"turns":3},{"damage":9,"enemies":"Jaw Worm","floor":3,"turns":4},{"damage":10,"enemies":"3 Louse","floor":4,"turns":3},{"damage":26,"enemies":"Exordium Wildlife","floor":5,"turns":5},{"damage":4,"enemies":"Blue Slaver","floor":8,"turns":3},{"damage":19,"enemies":"3 Sentries","floor":13,"turns":4},{"damage":6,"enemies":"2 Fungi Beasts","floor":14,"turns":2},{"damage":26,"enemies":"Hexaghost","floor":16,"turns":6},{"damage":20,"enemies":"Shell Parasite","floor":18,"turns":7},{"damage":0,"enemies":"Chosen","floor":19,"turns":4},{"damage":33,"enemies":"Snake Plant","floor":20,"turns":3},{"damage":21,"enemies":"Sentry and Sphere","floor":22,"turns":3}],"event_choices":[{"event_name":"Golden Wing","player_choice":"Card Removal","floor":7,"damage_taken":0},{"event_name":"Shining Light","player_choice":"Ignored","floor":10,"damage_taken":0},{"event_name":"Addict","player_choice":"Obtained Relic","floor":21,"damage_taken":0}],"boss_relics":[{"not_picked":["Cursed Key","White Beast Statue"],"picked":"Nuclear Battery"}],"potions_floor_spawned":[1,2,8,16],"seed_played":"3250708237290845391","killed_by":"Sentry and Sphere","ascension_level":1,"is_trial":false}