{"path_per_floor":["M","?","?","M","?","R","E","$","T","$","M","M","?","M","R","B",null,"M","M","?","?","?","R","E","R","T","M"],"character_chosen":"IRONCLAD","items_purchased":["Pen Nib","True Grit","Wild Strike"],"gold_per_floor":[112,187,187,204,204,204,232,27,27,2,19,36,36,56,56,152,152,170,182,182,182,182,182,214,214,237,254,254],"floor_reached":28,"campfire_rested":1,"playtime":821,"current_hp_per_floor":[80,69,69,75,80,80,47,47,47,47,52,49,49,48,73,82,85,73,65,49,49,77,77,63,63,63,56,0],"items_purged":[],"gold":254,"score":286,"play_id":"c8804678-5b89-4c03-be1c-38e187752d9b","local_time":"20180403161327","is_prod":false,"is_daily":false,"is_ascension_mode":false,"campfire_upgraded":3,"timestamp":1522797207,"path_taken":["M","?","?","M","?","R","E","?","T","$","M","?","?","M","R","BOSS","M","M","?","?","?","R","E","R","T","?","E"],"build_version":"2018-03-29v2","purchased_purges":0,"victory":false,"master_deck":["Strike_R+1","Strike_R+1","Strike_R+1","Strike_R+1","Defend_R+1","Defend_R+1","Defend_R+1","Defend_R+1","Bash+1","Sword Boomerang+1","Uppercut","Spot Weakness+1","Wild Strike","Twin Strike","Anger","Heavy Blade","Flex","Limit Break+1","Flex","Flex"],"max_hp_per_floor":[80,80,80,80,85,85,85,85,85,85,85,85,85,85,85,85,85,85,85,85,85,85,85,85,85,85,85,85],"relics":["Black Blood","Dream Catcher","Pen Nib","Magic Flower","Enchiridion","Dead Branch","Happy Flower"],"card_choices":[{"not_picked":["Blood for Blood","Rage"],"picked":"Sword Boomerang","floor":1},{"not_picked":["Headbutt","Twin Strike"],"picked":"Uppercut","floor":4},{"not_picked":["Wild Strike","Clash"],"picked":"Spot Weakness","floor":7},{"not_picked":["Evolve","Metallicize"],"picked":"Twin Strike","floor":11},{"not_picked":["Iron Wave","Havoc"],"picked":"Anger","floor":12},{"not_picked":["Sword Boomerang","Perfected Strike"],"picked":"Heavy Blade","floor":14},{"not_picked":["Feel No Pain","Whirlwind"],"picked":"Flex","floor":15},{"not_picked":["Offering","Exhume"],"picked":"Limit Break","floor":16},{"not_picked":["Perfected Strike","Sentinel"],"picked":"Flex","floor":18},{"not_picked":["Twin Strike","Sentinel"],"picked":"Flex","floor":24}],"player_experience":131937,"potions_floor_usage":[14,16,16,24,28],"damage_taken":[{"damage":1,"enemies":"2 Louse","floor":1,"turns":4},{"damage":0,"enemies":"Small Slimes","floor":4,"turns":3},{"damage":39,"enemies":"Lagavulin","floor":7,"turns":6},{"damage":4,"enemies":"Jaw Worm","floor":11,"turns":2},{"damage":12,"enemies":"Looter","floor":12,"turns":3},{"damage":20,"enemies":"Lots of Slimes","floor":14,"turns":3},{"damage":0,"enemies":"Slime Boss","floor":16,"turns":8},{"damage":27,"enemies":"Spheric Guardian","floor":18,"turns":5},{"damage":23,"enemies":"Shell Parasite","floor":19,"turns":3},{"damage":29,"enemies":"Book of Stabbing","floor":24,"turns":4},{"damage":22,"enemies":"Snake Plant","floor":27,"turns":2},{"damage":66,"enemies":"Slavers","floor":28,"turns":3}],"event_choices":[{"event_name":"World of Goop","player_choice":"Gather Gold","floor":2,"damage_taken":0},{"event_name":"Bonfire Elementals","player_choice":"BASIC","floor":3,"damage_taken":0},{"event_name":"Big Fish","player_choice":"Donut","floor":5,"damage_taken":0},{"event_name":"Purifier","player_choice":"One Purge","floor":13,"damage_taken":0},{"event_name":"Cursed Tome","player_choice":"Obtained Book","floor":20,"damage_taken":0},{"event_name":"Back to Basics","player_choice":"Simplicity","floor":21,"damage_taken":0},{"event_name":"The Library","player_choice":"Heal","floor":22,"damage_taken":0}],"boss_relics":[{"not_picked":["Ectoplasm","Cursed Key"],"picked":"Black Blood"}],"potions_floor_spawned":[7,12,14,18,19,27],"seed_played":"-4572303433991433887","killed_by":"Slavers","ascension_level":0,"is_trial":false}