{"gold_per_floor":[114,114,289,306,325,325,250,250,250,250,266,283,301,301,301,405,405,424,424,22,22,22,22,0,0,68,68,78,78,97,111,111,111],"floor_reached":33,"playtime":763,"items_purged":["Doubt","Writhe"],"score":235,"play_id":"ae026a62-25c6-4702-b230-b60943c270b3","local_time":"20190130035056","is_ascension_mode":false,"campfire_choices":[{"data":"Bash","floor":6,"key":"SMITH"},{"data":"Strike_R","floor":8,"key":"SMITH"},{"data":"Strike_R","floor":10,"key":"SMITH"},{"floor":15,"key":"REST"},{"data":"RitualDagger","floor":23,"key":"SMITH"},{"data":"Limit Break","floor":25,"key":"SMITH"},{"data":"Spot Weakness","floor":32,"key":"SMITH"}],"neow_cost":"NONE","seed_source_timestamp":247773467542534,"circlet_count":0,"master_deck":["Strike_R+1","Strike_R","Strike_R","Strike_R+1","Strike_R+1","Defend_R","Defend_R+1","Defend_R","Bash+1","Inflame","Flex","Limit Break+1","Flex","Clothesline","RitualDagger+1","Shame","Spot Weakness","Spot Weakness+1"],"relics":["Burning Blood","NeowsBlessing","Question Card","Lizard Tail","Happy Flower","Self Forming Clay","Sundial","Mercury Hourglass"],"potions_floor_usage":[13,16,16,33],"damage_taken":[{"damage":0,"enemies":"2 Louse","floor":1,"turns":1},{"damage":0,"enemies":"Jaw Worm","floor":4,"turns":1},{"damage":0,"enemies":"Small Slimes","floor":5,"turns":1},{"damage":17,"enemies":"2 Fungi Beasts","floor":11,"turns":4},{"damage":19,"enemies":"3 Louse","floor":12,"turns":4},{"damage":10,"enemies":"Looter","floor":13,"turns":2},{"damage":30,"enemies":"Slime Boss","floor":16,"turns":6},{"damage":30,"enemies":"2 Thieves","floor":18,"turns":4},{"damage":13,"enemies":"3 Byrds","floor":28,"turns":6},{"damage":47,"enemies":"Sentry and Sphere","floor":30,"turns":6},{"damage":14,"enemies":"Snecko","floor":31,"turns":4},{"damage":43,"enemies":"Automaton","floor":33,"turns":6}],"seed_played":"5544399392282660705","potions_obtained":[{"floor":1,"key":"Strength Potion"},{"floor":11,"key":"Strength Potion"},{"floor":12,"key":"Fire Potion"},{"floor":18,"key":"SneckoOil"},{"floor":28,"key":"SpeedPotion"}],"is_trial":false,"path_per_floor":["M","?","?","M","M","R","$","R","T","R","M","M","M","?","R","B",null,"M","?","$","?","?","R","?","R","T","?","M","$","M","M","R","B"],"character_chosen":"IRONCLAD","items_purchased":["Flex","Self Forming Clay"],"campfire_rested":1,"item_purchase_floors":[20,20],"current_hp_per_floor":[80,73,73,79,80,80,80,80,80,80,69,56,52,36,60,36,80,56,56,56,56,50,50,50,50,50,50,43,43,46,38,38,0],"gold":111,"neow_bonus":"THREE_ENEMY_KILL","is_prod":false,"is_daily":false,"chose_seed":false,"campfire_upgraded":6,"win_rate":0,"timestamp":1548849056,"path_taken":["M","?","?","M","M","R","?","R","T","R","M","M","M","?","R","BOSS","M","?","$","?","?","R","?","R","T","?","M","?","M","M","R","BOSS"],"build_version":"2019-01-23","purchased_purges":2,"victory":false,"max_hp_per_floor":[80,80,80,80,80,80,80,80,80,80,80,80,80,80,80,80,80,80,80,80,80,80,80,80,80,80,80,80,80,80,80,80,80],"card_choices":[{"not_picked":["Perfected Strike","Wild Strike","Iron Wave"],"picked":"SKIP","floor":1},{"not_picked":["Pommel Strike","Reckless Charge","Havoc"],"picked":"SKIP","floor":4},{"not_picked":["Perfected Strike","Evolve","Sword Boomerang"],"picked":"SKIP","floor":5},{"not_picked":["Anger","Headbutt","Carnage","Battle Trance"],"picked":"SKIP","floor":11},{"not_picked":["Seeing Red","Dropkick","Wild Strike"],"picked":"Inflame","floor":12},{"not_picked":["Headbutt","Iron Wave","Twin Strike"],"picked":"Flex","floor":13},{"not_picked":["Feed","Impervious","Reaper"],"picked":"Limit Break","floor":16},{"not_picked":["Warcry","Havoc","Sentinel","Sever Soul"],"picked":"SKIP","floor":18},{"not_picked":["Thunderclap","Shrug It Off","Corruption"],"picked":"Spot Weakness","floor":28},{"not_picked":["True Grit","Sever Soul","Hemokinesis+1","Iron Wave"],"picked":"SKIP","floor":30},{"not_picked":["Headbutt","Flex","Twin Strike"],"picked":"Spot Weakness","floor":31}],"player_experience":223607,"relics_obtained":[{"floor":9,"key":"Question Card"},{"floor":26,"key":"Sundial"}],"event_choices":[{"cards_removed":["Defend_R"],"damage_healed":0,"gold_gain":0,"player_choice":"Card Removal","damage_taken":7,"max_hp_gain":0,"max_hp_loss":0,"event_name":"Golden Wing","floor":2,"gold_loss":0},{"damage_healed":0,"gold_gain":175,"player_choice":"AGREE","damage_taken":0,"max_hp_gain":0,"max_hp_loss":0,"event_name":"Liars Game","floor":3,"gold_loss":0,"cards_obtained":["Doubt"]},{"damage_healed":0,"gold_gain":0,"player_choice":"Entered Light","damage_taken":16,"max_hp_gain":0,"max_hp_loss":0,"event_name":"Shining Light","floor":14,"gold_loss":0,"cards_upgraded":["Strike_R","Defend_R"]},{"damage_healed":0,"gold_gain":0,"player_choice":"Opened","damage_taken":0,"relics_obtained":["Happy Flower"],"max_hp_gain":0,"max_hp_loss":0,"event_name":"The Mausoleum","floor":19,"gold_loss":0,"cards_obtained":["Writhe"]},{"damage_healed":0,"gold_gain":0,"player_choice":"Read","damage_taken":0,"max_hp_gain":0,"max_hp_loss":0,"event_name":"The Library","floor":21,"gold_loss":0,"cards_obtained":["Clothesline"]},{"damage_healed":0,"gold_gain":0,"player_choice":"Joined the Cult","damage_taken":6,"max_hp_gain":0,"max_hp_loss":0,"event_name":"Nest","floor":22,"gold_loss":0,"cards_obtained":["RitualDagger"]},{"damage_healed":0,"gold_gain":0,"player_choice":"Paid Fearfully","damage_taken":0,"max_hp_gain":0,"max_hp_loss":0,"event_name":"Masked Bandits","floor":24,"gold_loss":22},{"damage_healed":0,"gold_gain":0,"player_choice":"Stole Relic","damage_taken":0,"relics_obtained":["Mercury Hourglass"],"max_hp_gain":0,"max_hp_loss":0,"event_name":"Addict","floor":27,"gold_loss":0,"cards_obtained":["Shame"]}],"is_beta":false,"boss_relics":[{"not_picked":["Astrolabe","Black Star"],"picked":"Lizard Tail"}],"items_purged_floors":[7,20],"is_endless":false,"potions_floor_spawned":[1,11,12,18,28],"killed_by":"Automaton","ascension_level":0}