{"path_per_floor":["M","?","?","M","T","R","E","T","T","M","R","M","M","M","R","B",null,"M","?","$","$","?"],"character_chosen":"THE_SILENT","items_purchased":["Bouncing Flask","Whetstone","Noxious Fumes"],"gold_per_floor":[110,110,110,120,172,172,201,225,225,235,235,248,259,274,274,379,379,359,359,123,42,42,42],"floor_reached":23,"campfire_rested":1,"playtime":606,"current_hp_per_floor":[69,74,74,74,74,74,45,52,52,51,51,46,42,42,66,59,82,63,47,47,47,31,0],"items_purged":[],"gold":42,"score":214,"play_id":"08c9bd1b-e70e-42c2-b8be-1fc9def992fd","local_time":"20180401093019","is_prod":false,"is_daily":false,"is_ascension_mode":false,"campfire_upgraded":2,"timestamp":1522600219,"path_taken":["M","?","?","M","?","R","E","?","T","M","R","M","M","M","R","BOSS","M","?","?","$","?","E"],"build_version":"2018-03-29v2","purchased_purges":0,"victory":false,"master_deck":["Defend_G","Defend_G","Defend_G","Defend_G","Defend_G","Strike_G","Strike_G","Strike_G+1","Strike_G","Strike_G+1","Survivor","Neutralize+1","Deadly Poison+1","Poisoned Stab+1","Deadly Poison","Backstab","Backstab","Bouncing Flask","Noxious Fumes"],"max_hp_per_floor":[70,75,75,75,75,75,75,82,82,82,82,82,82,82,82,82,82,82,82,82,82,87,87],"relics":["Ring of the Snake","Omamori","Pantograph","Strawberry","Du-Vu Doll","White Beast Statue","Necronomicon","Whetstone"],"card_choices":[{"not_picked":["PiercingWail","Quick Slash"],"picked":"Deadly Poison","floor":1},{"not_picked":["Dagger Throw","Heel Hook"],"picked":"Poisoned Stab","floor":10},{"not_picked":["Flying Knee","Riddle With Holes"],"picked":"Deadly Poison","floor":12},{"not_picked":["Bane","Calculated Gamble"],"picked":"Backstab","floor":13},{"not_picked":["Cloak And Dagger","Bane"],"picked":"Backstab","floor":18}],"player_experience":98935,"potions_floor_usage":[16,23,23,23],"damage_taken":[{"damage":1,"enemies":"2 Louse","floor":1,"turns":3},{"damage":0,"enemies":"Small Slimes","floor":4,"turns":3},{"damage":29,"enemies":"Lagavulin","floor":7,"turns":7},{"damage":1,"enemies":"Jaw Worm","floor":10,"turns":4},{"damage":5,"enemies":"2 Fungi Beasts","floor":12,"turns":3},{"damage":4,"enemies":"Gremlin Gang","floor":13,"turns":7},{"damage":0,"enemies":"Blue Slaver","floor":14,"turns":3},{"damage":23,"enemies":"Hexaghost","floor":16,"turns":8},{"damage":19,"enemies":"2 Thieves","floor":18,"turns":4},{"damage":39,"enemies":"Gremlin Leader","floor":23,"turns":2}],"event_choices":[{"event_name":"Big Fish","player_choice":"Donut","floor":2,"damage_taken":0},{"event_name":"Upgrade Shrine","player_choice":"Upgraded","floor":3,"damage_taken":0},{"event_name":"Cursed Tome","player_choice":"Obtained Book","floor":19,"damage_taken":0},{"event_name":"Forgotten Altar","player_choice":"Shed Blood","floor":22,"damage_taken":0}],"boss_relics":[{"not_picked":["Astrolabe","Pandora\u0027s Box"],"picked":"White Beast Statue"}],"potions_floor_spawned":[4,14,16,18],"seed_played":"-6379329270341277892","killed_by":"Gremlin Leader","ascension_level":0,"is_trial":false}