{"gold_per_floor":[369,369,379,393,1,76,76,103,103,122,138,138,172,188,188,259,259,272,272,272,322,322,653,653,664,664,678,689,708,708,743,743,820,820,837,850,864,66,66,66,94,112,112,122,151,169,201,73,73,73,73],"floor_reached":51,"playtime":2171,"items_purged":["Darkness"],"score":1553,"play_id":"3c8fca57-be41-4d24-94d8-716f7ad2957b","local_time":"20181004192556","is_ascension_mode":true,"campfire_choices":[{"data":"1","floor":7.0,"key":"LIFT"},{"data":"2","floor":12.0,"key":"LIFT"},{"data":"3","floor":15.0,"key":"LIFT"},{"floor":24.0,"key":"REST"},{"floor":30.0,"key":"REST"},{"floor":32.0,"key":"REST"},{"floor":40.0,"key":"REST"},{"floor":49.0,"key":"REST"}],"neow_cost":"TEN_PERCENT_HP_LOSS","seed_source_timestamp":0,"circlet_count":0,"master_deck":["Strike_B+1","Strike_B+1","Strike_B+1","Strike_B+1","Defend_B+1","Defend_B+1","Defend_B+1","Defend_B+1","Dualcast","AscendersBane","Cold Snap","Ball Lightning+1","Sweeping Beam+1","Beam Cell+1","Sweeping Beam+1","Conserve Battery","Gash+1","Beam Cell+1","Go for the Eyes+1","Rainbow","Leap","Gash+1","Cold Snap+1","Hologram","Electrodynamics+1","Echo Form+1","Barrage+1","Scrape+1","Compile Driver+1","Conserve Battery","Scrape+1","Conserve Battery","Conserve Battery+1","Stack","Impatience","Gash+1"],"special_seed":0,"relics":["Cracked Core","Molten Egg 2","Girya","The Courier","Meat on the Bone","Incense Burner","Fusion Hammer","Old Coin","Frozen Egg 2","Calipers","Eternal Feather","Ornamental Fan","PreservedInsect","ClockworkSouvenir","Cables","Pen Nib","Ice Cream","Gremlin Horn","Boot"],"potions_floor_usage":[51],"damage_taken":[{"damage":1.0,"enemies":"Cultist","floor":1.0,"turns":3.0},{"damage":0.0,"enemies":"2 Louse","floor":3.0,"turns":2.0},{"damage":5.0,"enemies":"Jaw Worm","floor":4.0,"turns":2.0},{"damage":14.0,"enemies":"3 Sentries","floor":8.0,"turns":4.0},{"damage":0.0,"enemies":"Lots of Slimes","floor":10.0,"turns":1.0},{"damage":8.0,"enemies":"Red Slaver","floor":11.0,"turns":3.0},{"damage":6.0,"enemies":"Gremlin Nob","floor":13.0,"turns":3.0},{"damage":0.0,"enemies":"Exordium Wildlife","floor":14.0,"turns":2.0},{"damage":8.0,"enemies":"The Guardian","floor":16.0,"turns":7.0},{"damage":19.0,"enemies":"3 Byrds","floor":18.0,"turns":4.0},{"damage":5.0,"enemies":"Gremlin Leader","floor":23.0,"turns":4.0},{"damage":0.0,"enemies":"Chosen","floor":25.0,"turns":3.0},{"damage":14.0,"enemies":"Sentry and Sphere","floor":27.0,"turns":4.0},{"damage":12.0,"enemies":"Centurion and Healer","floor":28.0,"turns":4.0},{"damage":16.0,"enemies":"Snecko","floor":29.0,"turns":4.0},{"damage":28.0,"enemies":"Slavers","floor":31.0,"turns":3.0},{"damage":18.0,"enemies":"Collector","floor":33.0,"turns":7.0},{"damage":20.0,"enemies":"3 Darklings","floor":35.0,"turns":4.0},{"damage":0.0,"enemies":"Orb Walker","floor":36.0,"turns":3.0},{"damage":30.0,"enemies":"Spire Growth","floor":37.0,"turns":4.0},{"damage":31.0,"enemies":"Nemesis","floor":41.0,"turns":3.0},{"damage":9.0,"enemies":"3 Darklings","floor":42.0,"turns":3.0},{"damage":0.0,"enemies":"Reptomancer","floor":44.0,"turns":3.0},{"damage":3.0,"enemies":"2 Orb Walkers","floor":45.0,"turns":3.0},{"damage":3.0,"enemies":"Spire Growth","floor":46.0,"turns":3.0},{"damage":3.0,"enemies":"Giant Head","floor":47.0,"turns":6.0},{"damage":26.0,"enemies":"Donu and Deca","floor":50.0,"turns":6.0},{"damage":52,"enemies":"Time Eater","floor":51,"turns":5}],"seed_played":"816049329147355423","potions_obtained":[{"floor":3.0,"key":"Block Potion"},{"floor":10.0,"key":"GamblersBrew"},{"floor":11.0,"key":"SteroidPotion"},{"floor":19.0,"key":"AttackPotion"},{"floor":19.0,"key":"PowerPotion"},{"floor":33.0,"key":"AttackPotion"},{"floor":35.0,"key":"Block Potion"},{"floor":36.0,"key":"PowerPotion"},{"floor":46.0,"key":"Block Potion"},{"floor":47.0,"key":"PowerPotion"}],"is_trial":false,"path_per_floor":["M","?","M","M","$","?","R","E","T","M","M","R","E","M","R","B",null,"M","?","?","?","?","E","R","M","T","M","M","M","R","E","R","B",null,"M","M","M","$","?","R","E","M","T","M","E","M","E","$","R","B"],"character_chosen":"DEFECT","items_purchased":["Girya","Beam Cell+1","Ornamental Fan","PreservedInsect","Barrage+1","ClockworkSouvenir","Cables","Impatience","Gash+1"],"campfire_rested":5,"item_purchase_floors":[5,5,38,38,38,38,38,48,48],"current_hp_per_floor":[63,58,58,53,53,42,42,28,28,40,44,44,38,38,38,42,59,40,40,40,40,40,35,54,54,54,40,40,36,55,39,58,40,58,38,38,20,20,20,54,35,38,38,38,35,44,41,41,64,38,0],"gold":73,"neow_bonus":"TWO_FIFTY_GOLD","is_prod":false,"is_daily":false,"chose_seed":false,"campfire_upgraded":0,"win_rate":0,"timestamp":1538695556,"path_taken":["M","?","?","M","$","?","R","E","T","?","M","R","E","M","R","BOSS","M","?","?","?","?","E","R","M","T","M","?","M","R","E","R","BOSS","M","M","M","$","?","R","E","M","T","?","E","M","E","$","R","BOSS","BOSS"],"build_version":"2018-10-04","purchased_purges":1,"victory":false,"max_hp_per_floor":[64,64,64,64,64,64,64,64,64,64,64,64,64,64,64,64,64,64,64,64,64,64,64,64,64,64,64,64,64,64,64,64,64,64,64,64,64,64,64,64,64,64,64,64,64,64,64,64,64,64,64],"card_choices":[{"not_picked":["Scrape","Go for the Eyes"],"picked":"Cold Snap","floor":1.0},{"not_picked":["Turbo","Stack"],"picked":"Ball Lightning+1","floor":3.0},{"not_picked":["Coolheaded","Steam"],"picked":"Sweeping Beam+1","floor":4.0},{"not_picked":["Heatsinks","Thunder Strike+1"],"picked":"Sweeping Beam+1","floor":8.0},{"not_picked":["Streamline+1","Darkness"],"picked":"Conserve Battery","floor":10.0},{"not_picked":["Steam","Stack"],"picked":"Gash+1","floor":11.0},{"not_picked":["Ball Lightning+1","Fusion"],"picked":"Beam Cell+1","floor":13.0},{"not_picked":["Steam","Storm"],"picked":"Go for the Eyes+1","floor":14.0},{"not_picked":["Reboot","Creative AI"],"picked":"Rainbow","floor":16.0},{"not_picked":["Turbo","Compile Driver+1"],"picked":"Leap","floor":18.0},{"not_picked":["Beam Cell+1","Turbo+1","Loop"],"picked":"SKIP","floor":23.0},{"not_picked":["Melter+1","Capacitor","Consume"],"picked":"SKIP","floor":25.0},{"not_picked":["Tempest","Hologram","Thunder Strike+1"],"picked":"SKIP","floor":27.0},{"not_picked":["Compile Driver+1","Undo"],"picked":"Gash+1","floor":28.0},{"not_picked":["Steam Power","Turbo"],"picked":"Cold Snap+1","floor":29.0},{"not_picked":["BootSequence","Ball Lightning+1"],"picked":"Hologram","floor":31.0},{"not_picked":["Reboot","Meteor Strike+1"],"picked":"Electrodynamics+1","floor":33.0},{"not_picked":["Barrage+1","Steam","Rebound+1"],"picked":"SKIP","floor":35.0},{"not_picked":["Compile Driver+1","Steam"],"picked":"Echo Form+1","floor":36.0},{"not_picked":["Barrage+1","Coolheaded","Compile Driver+1"],"picked":"SKIP","floor":37.0},{"not_picked":["Steam Power","Cold Snap+1"],"picked":"Conserve Battery","floor":41.0},{"not_picked":["Loop+1","Skim"],"picked":"Scrape+1","floor":42.0},{"not_picked":["Ball Lightning+1","Fusion"],"picked":"Conserve Battery","floor":44.0},{"not_picked":["Hologram","Coolheaded","Ball Lightning+1"],"picked":"SKIP","floor":45.0},{"not_picked":["Core Surge+1","Beam Cell+1"],"picked":"Conserve Battery+1","floor":46.0},{"not_picked":["Compile Driver+1","Consume"],"picked":"Stack","floor":47.0}],"player_experience":920622,"relics_obtained":[{"floor":8.0,"key":"The Courier"},{"floor":9.0,"key":"Meat on the Bone"},{"floor":13.0,"key":"Incense Burner"},{"floor":23.0,"key":"Old Coin"},{"floor":26.0,"key":"Frozen Egg 2"},{"floor":31.0,"key":"Calipers"},{"floor":41.0,"key":"Pen Nib"},{"floor":43.0,"key":"Ice Cream"},{"floor":45.0,"key":"Gremlin Horn"},{"floor":47.0,"key":"Boot"}],"event_choices":[{"event_name":"Scrap Ooze","player_choice":"success","floor":2.0,"damage_taken":5.0},{"event_name":"World of Goop","player_choice":"Gather Gold","floor":6.0,"damage_taken":0.0},{"event_name":"The Lab","player_choice":"Got Potions","floor":19.0,"damage_taken":0.0},{"event_name":"Back to Basics","player_choice":"Simplicity","floor":20.0,"damage_taken":0.0},{"event_name":"Nest","player_choice":"Stole From Cult","floor":21.0,"damage_taken":0.0},{"event_name":"Transmorgrifier","player_choice":"Transform","floor":22.0,"damage_taken":0.0},{"event_name":"Match and Keep!","player_choice":"2 cards matched","floor":39.0,"damage_taken":0.0}],"is_beta":false,"boss_relics":[{"not_picked":["Ectoplasm","Calling Bell"],"picked":"Fusion Hammer"},{"not_picked":["Pandora\u0027s Box","Tiny House"],"picked":"Eternal Feather"}],"items_purged_floors":[38],"is_endless":false,"potions_floor_spawned":[3,10,11,14,28,29,33,35,36,37,46,47],"killed_by":"Time Eater","ascension_level":20}