{"gold_per_floor":[111,411,411,46,65,95,95,107,107,132,132,163,163,177,177,248,248,260,276,276,288,300,300,319,319,319,331,348,348,348,364,364,436,436,436],"floor_reached":35,"playtime":3061,"items_purged":["Regret"],"score":788,"play_id":"903363f1-c358-411d-bb7f-3487e4cd0564","local_time":"20190318194247","is_ascension_mode":true,"campfire_choices":[{"data":"Apotheosis","floor":7,"key":"SMITH"},{"floor":11,"key":"REST"},{"data":"Infinite Blades","floor":15,"key":"SMITH"},{"floor":23,"key":"REST"},{"floor":29,"key":"REST"},{"data":"Night Terror","floor":32,"key":"SMITH"}],"neow_cost":"NONE","seed_source_timestamp":36732676482023,"circlet_count":0,"master_deck":["AscendersBane","Defend_G","Defend_G","Defend_G","Defend_G","Defend_G","Strike_G","Strike_G","Strike_G","Strike_G","Survivor","Neutralize","Dagger Spray","Apotheosis+1","Footwork","Infinite Blades","Cloak And Dagger","Catalyst","Predator","Endless Agony","Infinite Blades+1","Corpse Explosion","Dash","Catalyst+1","Cloak And Dagger+1","Bouncing Flask","Deflect","Cloak And Dagger","Night Terror+1","Burst"],"relics":["Old Coin","Question Card","Regal Pillow","Letter Opener","Pantograph","Kunai","Runic Pyramid","Nloth\u0027s Gift","Paper Crane","Busted Crown"],"potions_floor_usage":[10,12,14,16,19,24,27,31,33],"damage_taken":[{"damage":0,"enemies":"2 Louse","floor":1,"turns":4},{"damage":0,"enemies":"Small Slimes","floor":5,"turns":4},{"damage":55,"enemies":"3 Sentries","floor":6,"turns":17},{"damage":0,"enemies":"Jaw Worm","floor":8,"turns":4},{"damage":21,"enemies":"Gremlin Nob","floor":10,"turns":4},{"damage":9,"enemies":"3 Sentries","floor":12,"turns":7},{"damage":0,"enemies":"Red Slaver","floor":14,"turns":1},{"damage":10,"enemies":"Slime Boss","floor":16,"turns":8},{"damage":6,"enemies":"Chosen","floor":18,"turns":6},{"damage":20,"enemies":"Shell Parasite","floor":19,"turns":8},{"damage":12,"enemies":"Centurion and Healer","floor":21,"turns":6},{"damage":24,"enemies":"Snake Plant","floor":22,"turns":7},{"damage":33,"enemies":"Shelled Parasite and Fungi","floor":24,"turns":6},{"damage":0,"enemies":"3 Cultists","floor":27,"turns":2},{"damage":1,"enemies":"Snecko","floor":28,"turns":5},{"damage":13,"enemies":"Sentry and Sphere","floor":31,"turns":9},{"damage":39,"enemies":"Champ","floor":33,"turns":9},{"damage":67,"enemies":"3 Shapes","floor":35,"turns":5}],"seed_played":"-3983623337089150947","potions_obtained":[{"floor":6,"key":"Strength Potion"},{"floor":8,"key":"GhostInAJar"},{"floor":10,"key":"Fire Potion"},{"floor":13,"key":"SteroidPotion"},{"floor":16,"key":"Swift Potion"},{"floor":22,"key":"SpeedPotion"},{"floor":24,"key":"SkillPotion"},{"floor":28,"key":"Regen Potion"},{"floor":31,"key":"Fruit Juice"}],"is_trial":false,"path_per_floor":["M","?","?","$","M","E","R","M","T","E","R","E","?","M","R","B",null,"M","M","?","M","M","R","M","?","T","M","M","R","?","M","R","B",null,"M"],"character_chosen":"THE_SILENT","items_purchased":["Apotheosis","Footwork"],"campfire_rested":3,"item_purchase_floors":[4,4],"current_hp_per_floor":[59,48,48,48,48,33,33,33,33,12,46,37,37,37,37,52,63,57,37,37,25,1,35,2,2,2,2,1,35,35,37,37,28,60,0],"gold":436,"neow_bonus":"BOSS_RELIC","is_prod":false,"is_daily":false,"chose_seed":false,"campfire_upgraded":3,"win_rate":0,"timestamp":1552952567,"path_taken":["M","?","?","$","M","E","R","M","T","E","R","E","?","M","R","BOSS","M","M","?","M","M","R","M","?","T","?","M","R","?","M","R","BOSS","M"],"build_version":"2019-03-15","purchased_purges":1,"victory":false,"max_hp_per_floor":[66,66,66,66,66,66,66,66,66,66,66,66,66,66,66,66,66,66,66,66,66,66,66,66,66,66,66,66,66,66,66,66,71,71,71],"card_choices":[{"not_picked":["Flying Knee","Slice"],"picked":"Dagger Spray","floor":1},{"not_picked":["Outmaneuver","Reflex","Underhanded Strike"],"picked":"Infinite Blades","floor":5},{"not_picked":["Underhanded Strike","Skewer","Dagger Spray"],"picked":"Cloak And Dagger","floor":6},{"not_picked":["Blade Dance","Choke","Eviscerate"],"picked":"Catalyst","floor":8},{"not_picked":["Phantasmal Killer","Dagger Spray","Bane"],"picked":"Predator","floor":10},{"not_picked":["PiercingWail","Sucker Punch","Backstab"],"picked":"Endless Agony","floor":12},{"not_picked":["Bane","Finisher","Poisoned Stab"],"picked":"Infinite Blades","floor":14},{"not_picked":["Tools of the Trade","Unload","Glass Knife"],"picked":"Corpse Explosion","floor":16},{"not_picked":["Well Laid Plans","Skewer+1","Acrobatics"],"picked":"Dash","floor":18},{"not_picked":["Prepared","Setup","Blur+1"],"picked":"Catalyst+1","floor":19},{"not_picked":["Sucker Punch","Backflip","Caltrops","Dodge and Roll"],"picked":"SKIP","floor":21},{"not_picked":["Backflip","Terror","Skewer"],"picked":"Cloak And Dagger+1","floor":22},{"not_picked":["Sucker Punch","Dodge and Roll","Quick Slash"],"picked":"Bouncing Flask","floor":24},{"not_picked":["Bane","Slice","Dagger Throw"],"picked":"Deflect","floor":27},{"not_picked":["Backstab","Backflip","Prepared"],"picked":"Cloak And Dagger","floor":28},{"not_picked":["Backstab","Reflex","Deflect"],"picked":"Night Terror","floor":31},{"not_picked":["Venomology","A Thousand Cuts","Malaise"],"picked":"Burst","floor":33}],"player_experience":583209,"relics_obtained":[{"floor":6,"key":"Regal Pillow"},{"floor":9,"key":"Letter Opener"},{"floor":10,"key":"Pantograph"},{"floor":12,"key":"Kunai"},{"floor":26,"key":"Paper Crane"}],"event_choices":[{"damage_healed":0,"gold_gain":0,"player_choice":"Success","damage_taken":11,"relics_obtained":["Old Coin"],"max_hp_gain":0,"max_hp_loss":0,"event_name":"Scrap Ooze","floor":2,"gold_loss":0},{"damage_healed":0,"gold_gain":0,"player_choice":"Box","damage_taken":0,"relics_obtained":["Question Card"],"max_hp_gain":0,"max_hp_loss":0,"event_name":"Big Fish","floor":3,"gold_loss":0,"cards_obtained":["Regret"]},{"damage_healed":0,"gold_gain":0,"player_choice":"Got Potions","damage_taken":0,"max_hp_gain":0,"max_hp_loss":0,"event_name":"Lab","floor":13,"gold_loss":0},{"damage_healed":0,"gold_gain":0,"player_choice":"Ignored","damage_taken":0,"max_hp_gain":0,"max_hp_loss":0,"event_name":"Vampires","floor":20,"gold_loss":0},{"damage_healed":0,"gold_gain":0,"player_choice":"Traded Relic","damage_taken":0,"relics_obtained":["Nloth\u0027s Gift"],"max_hp_gain":0,"max_hp_loss":0,"event_name":"N\u0027loth","floor":25,"relics_lost":["Lizard Tail"],"gold_loss":0},{"cards_removed":["Strike_G"],"damage_healed":0,"gold_gain":0,"player_choice":"Offered Basic","damage_taken":0,"max_hp_gain":0,"max_hp_loss":0,"event_name":"Bonfire Elementals","floor":30,"gold_loss":0}],"is_beta":true,"boss_relics":[{"not_picked":["Empty Cage","White Beast Statue"],"picked":"Runic Pyramid"},{"not_picked":["Astrolabe","Velvet Choker"],"picked":"Busted Crown"}],"items_purged_floors":[4],"is_endless":false,"potions_floor_spawned":[6,8,10,16,22,24,28,31],"killed_by":"3 Shapes","ascension_level":19}