{"gold_per_floor":[117,132,112,262,262,262,288,288,288,304,304,144,156,188,188,261,261,271,287,287,305,41,41,75,75,98,23,53,53,84,103,103,103],"floor_reached":33,"playtime":1170,"items_purged":["Regret","Doubt"],"score":672,"play_id":"2fda71bb-7f56-4091-a6f1-c179ea617450","local_time":"20180920235141","is_ascension_mode":true,"campfire_choices":[{"data":"Streamline","floor":6.0,"key":"SMITH"},{"data":"Dualcast","floor":8.0,"key":"SMITH"},{"data":"Zap","floor":11.0,"key":"SMITH"},{"data":"Go for the Eyes","floor":15.0,"key":"SMITH"},{"floor":23.0,"key":"REST"},{"floor":25.0,"key":"REST"},{"floor":32.0,"key":"REST"}],"neow_cost":"NONE","seed_source_timestamp":657926940922980,"circlet_count":0,"master_deck":["Strike_B","Strike_B","Defend_B","Defend_B","Defend_B","Defend_B","Zap+1","Dualcast+1","AscendersBane","Streamline+1","Auto Shields","Go for the Eyes+1","Ball Lightning","Leap","Core Surge","Hyperbeam","Darkness+1","Melter","Glacier","Cold Snap+1","Cold Snap","Defragment","Undo"],"special_seed":0,"relics":["Cracked Core","Bag of Preparation","Bag of Marbles","Vajra","Kunai","Regal Pillow","Black Star","Oddly Smooth Stone","Bottled Flame","Bottled Lightning","Ancient Tea Set","Bronze Scales","PreservedInsect","Frozen Egg 2","Dodecahedron","Pear"],"potions_floor_usage":[33],"damage_taken":[{"damage":4.0,"enemies":"Small Slimes","floor":1.0,"turns":3.0},{"damage":1.0,"enemies":"Cultist","floor":2.0,"turns":3.0},{"damage":8.0,"enemies":"3 Sentries","floor":7.0,"turns":4.0},{"damage":0.0,"enemies":"2 Louse","floor":10.0,"turns":1.0},{"damage":0.0,"enemies":"Exordium Wildlife","floor":13.0,"turns":2.0},{"damage":0.0,"enemies":"Gremlin Nob","floor":14.0,"turns":3.0},{"damage":30.0,"enemies":"The Guardian","floor":16.0,"turns":9.0},{"damage":11.0,"enemies":"2 Thieves","floor":18.0,"turns":3.0},{"damage":24.0,"enemies":"Spheric Guardian","floor":19.0,"turns":5.0},{"damage":0.0,"enemies":"Snecko","floor":21.0,"turns":4.0},{"damage":26.0,"enemies":"Gremlin Leader","floor":24.0,"turns":6.0},{"damage":44.0,"enemies":"Book of Stabbing","floor":28.0,"turns":5.0},{"damage":17.0,"enemies":"Slavers","floor":30.0,"turns":4.0},{"damage":15.0,"enemies":"Shelled Parasite and Fungi","floor":31.0,"turns":6.0},{"damage":52,"enemies":"Collector","floor":33,"turns":6}],"seed_played":"3037802454832735288","potions_obtained":[{"floor":2.0,"key":"Explosive Potion"},{"floor":3.0,"key":"PowerPotion"},{"floor":13.0,"key":"Weak Potion"},{"floor":19.0,"key":"AttackPotion"},{"floor":24.0,"key":"Energy Potion"},{"floor":31.0,"key":"EssenceOfSteel"}],"is_trial":false,"path_per_floor":["M","M","?","?","?","R","E","R","T","M","R","$","M","E","R","B",null,"M","M","?","M","$","R","E","R","T","?","E","T","E","M","R"],"character_chosen":"DEFECT","items_purchased":["Go for the Eyes","Ball Lightning","Oddly Smooth Stone"],"campfire_rested":3,"item_purchase_floors":[12,12,22],"current_hp_per_floor":[60,59,59,59,59,59,51,51,51,51,51,51,51,51,51,21,59,48,24,24,24,24,60,34,70,70,70,26,26,19,4,43,0],"gold":103,"neow_bonus":"RANDOM_COMMON_RELIC","is_prod":false,"is_daily":false,"chose_seed":false,"campfire_upgraded":4,"win_rate":0,"timestamp":1537501901,"path_taken":["M","M","?","?","?","R","E","R","T","M","R","$","M","E","R","BOSS","M","M","?","M","$","R","E","R","T","?","E","?","E","M","R","BOSS"],"build_version":"2018-09-20","purchased_purges":2,"victory":false,"max_hp_per_floor":[71,71,71,71,71,71,71,71,71,71,71,71,71,71,71,71,71,71,71,71,71,71,71,71,71,71,71,71,71,81,81,81,81],"card_choices":[{"not_picked":["Turbo","Gash","Barrage"],"picked":"SKIP","floor":1.0},{"not_picked":["Compile Driver","Lockon"],"picked":"Streamline","floor":2.0},{"not_picked":["Sweeping Beam","Darkness","Hello World"],"picked":"SKIP","floor":7.0},{"not_picked":["Ball Lightning","Stack"],"picked":"Auto Shields","floor":10.0},{"not_picked":["Rip and Tear","Sweeping Beam"],"picked":"Leap","floor":13.0},{"not_picked":["Rebound","Creative AI"],"picked":"Core Surge","floor":14.0},{"not_picked":["Reboot","Fission"],"picked":"Hyperbeam","floor":16.0},{"not_picked":["Heatsinks+1","Turbo+1"],"picked":"Darkness+1","floor":18.0},{"not_picked":["Hello World","Beam Cell"],"picked":"Melter","floor":19.0},{"not_picked":["Streamline","Coolheaded"],"picked":"Cold Snap+1","floor":21.0},{"not_picked":["Darkness","Rebound"],"picked":"Cold Snap","floor":24.0},{"not_picked":["Gash","Turbo"],"picked":"Defragment","floor":28.0},{"not_picked":["Machine Learning+1","Compile Driver"],"picked":"Undo","floor":30.0},{"not_picked":["Heatsinks+1","Force Field","Coolheaded"],"picked":"SKIP","floor":31.0}],"player_experience":866520,"relics_obtained":[{"floor":7.0,"key":"Vajra"},{"floor":9.0,"key":"Kunai"},{"floor":14.0,"key":"Regal Pillow"},{"floor":24.0,"key":"Bottled Flame"},{"floor":24.0,"key":"Bottled Lightning"},{"floor":26.0,"key":"Ancient Tea Set"},{"floor":28.0,"key":"Bronze Scales"},{"floor":28.0,"key":"PreservedInsect"},{"floor":29.0,"key":"Frozen Egg 2"},{"floor":30.0,"key":"Dodecahedron"},{"floor":30.0,"key":"Pear"}],"event_choices":[{"event_name":"The Woman in Blue","player_choice":"Bought 1 Potion","floor":3.0,"damage_taken":0.0},{"event_name":"Liars Game","player_choice":"agreed","floor":4.0,"damage_taken":0.0},{"event_name":"Big Fish","player_choice":"Box","floor":5.0,"damage_taken":0.0},{"event_name":"Transmorgrifier","player_choice":"Transform","floor":20.0,"damage_taken":0.0},{"event_name":"Beggar","player_choice":"Gave Gold","floor":27.0,"damage_taken":0.0}],"is_beta":false,"boss_relics":[{"not_picked":["FrozenCore","White Beast Statue"],"picked":"Black Star"}],"items_purged_floors":[12,22],"is_endless":false,"potions_floor_spawned":[2,13,16,19,24,31],"killed_by":"Collector","ascension_level":20}