{"gold_per_floor":[111,128,142,152,167,167,200,200,248,274,284,284,300,300,300,371,371,382,400,400],"floor_reached":20,"playtime":948,"items_purged":[],"score":357,"play_id":"4a95baa8-f476-4954-81dc-610c4a7d86ab","local_time":"20190317114541","is_ascension_mode":true,"campfire_choices":[{"data":"Inflame","floor":6,"key":"SMITH"},{"data":"Immolate","floor":8,"key":"SMITH"},{"data":"Bash","floor":15,"key":"SMITH"}],"neow_cost":"NONE","seed_source_timestamp":288779232873671,"circlet_count":0,"master_deck":["AscendersBane","Strike_R","Strike_R","Strike_R","Strike_R","Defend_R","Defend_R","Defend_R","Defend_R","Bash+1","Havoc","Inflame+1","Cleave","Pommel Strike","Cleave","Immolate+1","Shrug It Off","Disarm","Bludgeon","Feel No Pain","Metallicize"],"relics":["Burning Blood","Dream Catcher","Bronze Scales","Darkstone Periapt","Bottled Tornado","Runic Pyramid"],"potions_floor_usage":[4,13,16,16,19],"damage_taken":[{"damage":1,"enemies":"Cultist","floor":1,"turns":3},{"damage":9,"enemies":"2 Louse","floor":2,"turns":2},{"damage":9,"enemies":"Jaw Worm","floor":3,"turns":5},{"damage":8,"enemies":"Exordium Thugs","floor":4,"turns":4},{"damage":5,"enemies":"2 Fungi Beasts","floor":5,"turns":3},{"damage":32,"enemies":"Gremlin Nob","floor":7,"turns":4},{"damage":20,"enemies":"Lagavulin","floor":10,"turns":5},{"damage":7,"enemies":"Large Slime","floor":11,"turns":4},{"damage":3,"enemies":"Exordium Thugs","floor":13,"turns":4},{"damage":20,"enemies":"Slime Boss","floor":16,"turns":7},{"damage":24,"enemies":"3 Byrds","floor":18,"turns":3},{"damage":29,"enemies":"Shell Parasite","floor":19,"turns":8},{"damage":47,"enemies":"Masked Bandits","floor":20,"turns":3}],"seed_played":"6438232231913102748","potions_obtained":[{"floor":3,"key":"Poison Potion"},{"floor":5,"key":"SpeedPotion"},{"floor":7,"key":"Strength Potion"},{"floor":13,"key":"Fire Potion"},{"floor":18,"key":"BloodPotion"}],"is_trial":false,"path_per_floor":["M","M","M","M","M","R","E","R","T","E","M","?","M","T","R","B",null,"M","M","?"],"character_chosen":"IRONCLAD","items_purchased":[],"campfire_rested":0,"item_purchase_floors":[],"current_hp_per_floor":[73,70,67,65,66,66,40,40,40,26,25,50,53,53,53,39,66,48,32,0],"gold":400,"neow_bonus":"REMOVE_CARD","is_prod":false,"is_daily":false,"chose_seed":false,"campfire_upgraded":3,"win_rate":0,"timestamp":1552837541,"path_taken":["M","M","M","M","M","R","E","R","T","E","?","?","M","?","R","BOSS","M","M","?"],"build_version":"2019-03-15","purchased_purges":0,"victory":false,"max_hp_per_floor":[75,75,75,75,75,75,75,75,75,75,75,75,75,75,75,75,75,75,75,75],"card_choices":[{"not_picked":["Pommel Strike","Anger"],"picked":"Havoc","floor":1},{"not_picked":["Shrug It Off","Havoc"],"picked":"Inflame","floor":2},{"not_picked":["Second Wind","Anger"],"picked":"Cleave","floor":3},{"not_picked":["Offering","Flex"],"picked":"Pommel Strike","floor":4},{"not_picked":["Pommel Strike","Havoc"],"picked":"Cleave","floor":5},{"not_picked":["Burning Pact","Armaments"],"picked":"Immolate","floor":7},{"not_picked":["Wild Strike","Perfected Strike","Warcry"],"picked":"SKIP","floor":10},{"not_picked":["Armaments","Fiend Fire"],"picked":"Shrug It Off","floor":11},{"not_picked":["Sword Boomerang","Infernal Blade"],"picked":"Disarm","floor":13},{"not_picked":["Dark Embrace","Immolate"],"picked":"Bludgeon","floor":16},{"not_picked":["Pommel Strike","Flex"],"picked":"Feel No Pain","floor":18},{"not_picked":["Sword Boomerang","Perfected Strike"],"picked":"Metallicize","floor":19}],"player_experience":549946,"relics_obtained":[{"floor":7,"key":"Dream Catcher"},{"floor":9,"key":"Bronze Scales"},{"floor":10,"key":"Darkstone Periapt"},{"floor":14,"key":"Bottled Tornado"}],"event_choices":[{"damage_healed":25,"gold_gain":0,"player_choice":"Banana","damage_taken":0,"max_hp_gain":0,"max_hp_loss":0,"event_name":"Big Fish","floor":12,"gold_loss":0},{"damage_healed":0,"gold_gain":0,"player_choice":"Fought Bandits","damage_taken":0,"max_hp_gain":0,"max_hp_loss":0,"event_name":"Masked Bandits","floor":20,"gold_loss":0}],"is_beta":true,"boss_relics":[{"not_picked":["Philosopher\u0027s Stone","Eternal Feather"],"picked":"Runic Pyramid"}],"items_purged_floors":[],"is_endless":false,"potions_floor_spawned":[3,5,7,13,18],"killed_by":"Masked Bandits","ascension_level":18}