{"gold_per_floor":[362,376,391,408,16,16,50,50,77,87,87,103,24,49,49,120,120,136,161,161,61,72,72],"floor_reached":23,"playtime":1629,"items_purged":["Writhe","Decay"],"score":382,"play_id":"8123725f-5c88-4574-ab0c-4f7a180b53b0","local_time":"20190318135308","is_ascension_mode":true,"campfire_choices":[{"data":"Creative AI","floor":6,"key":"SMITH"},{"floor":11,"key":"REST"},{"data":"Hologram","floor":15,"key":"SMITH"}],"neow_cost":"CURSE","seed_source_timestamp":17188700367522,"circlet_count":0,"master_deck":["AscendersBane","Strike_B","Strike_B","Strike_B","Strike_B","Defend_B","Defend_B","Defend_B","Defend_B","Zap+1","Dualcast","Sunder","FTL","Conserve Battery","Beam Cell","Creative AI+1","All For One","Hologram+1","Chill","Self Repair","Amplify","Hologram"],"relics":["Cracked Core","DataDisk","Bag of Preparation","Centennial Puzzle","Boot","Busted Crown","Red Mask"],"potions_floor_usage":[14,16,16,23,23],"damage_taken":[{"damage":1,"enemies":"Small Slimes","floor":1,"turns":3},{"damage":1,"enemies":"Cultist","floor":2,"turns":4},{"damage":12,"enemies":"Jaw Worm","floor":3,"turns":2},{"damage":6,"enemies":"Lots of Slimes","floor":4,"turns":4},{"damage":32,"enemies":"Gremlin Nob","floor":7,"turns":4},{"damage":0,"enemies":"2 Fungi Beasts","floor":10,"turns":2},{"damage":0,"enemies":"3 Louse","floor":12,"turns":2},{"damage":17,"enemies":"3 Sentries","floor":14,"turns":10},{"damage":9,"enemies":"The Guardian","floor":16,"turns":12},{"damage":17,"enemies":"Shell Parasite","floor":18,"turns":3},{"damage":29,"enemies":"Masked Bandits","floor":19,"turns":4},{"damage":13,"enemies":"Chosen","floor":22,"turns":5},{"damage":33,"enemies":"Gremlin Leader","floor":23,"turns":5}],"seed_played":"8978161884123459006","potions_obtained":[{"floor":3,"key":"FocusPotion"},{"floor":7,"key":"LiquidBronze"},{"floor":12,"key":"Regen Potion"},{"floor":14,"key":"Fire Potion"},{"floor":22,"key":"EntropicBrew"}],"is_trial":false,"path_per_floor":["M","M","M","M","$","R","E","?","T","M","R","M","$","E","R","B",null,"M","?","?","$","M","E"],"character_chosen":"DEFECT","items_purchased":["Creative AI","DataDisk","Self Repair"],"campfire_rested":1,"item_purchase_floors":[5,5,13],"current_hp_per_floor":[63,62,50,44,44,44,12,12,12,12,33,33,33,45,45,43,64,47,25,25,25,19,0],"gold":72,"neow_bonus":"TWO_FIFTY_GOLD","is_prod":false,"is_daily":false,"chose_seed":false,"campfire_upgraded":2,"win_rate":0,"timestamp":1552931588,"path_taken":["M","M","M","M","$","R","E","?","T","?","R","M","$","E","R","BOSS","M","?","?","$","M","E"],"build_version":"2019-03-15","purchased_purges":2,"victory":false,"max_hp_per_floor":[71,71,71,71,71,71,71,71,71,71,71,71,71,71,71,71,71,71,71,71,71,71,71],"card_choices":[{"not_picked":["Conserve Battery","Hologram"],"picked":"Sunder","floor":1},{"not_picked":["Gash","Hologram"],"picked":"FTL","floor":2},{"not_picked":["Compile Driver","Steam Power"],"picked":"Conserve Battery","floor":3},{"not_picked":["Auto Shields","Redo"],"picked":"Beam Cell","floor":4},{"not_picked":["Thunder Strike","Double Energy"],"picked":"All For One","floor":7},{"not_picked":["Streamline","Sweeping Beam"],"picked":"Hologram","floor":10},{"not_picked":["Ball Lightning","Barrage"],"picked":"Chill","floor":12},{"not_picked":["Melter","Double Energy","Redo"],"picked":"SKIP","floor":14},{"not_picked":["All For One","Hyperbeam"],"picked":"Amplify","floor":16},{"not_picked":["Compile Driver"],"picked":"SKIP","floor":18},{"not_picked":[],"picked":"Hologram","floor":22}],"player_experience":564035,"relics_obtained":[{"floor":7,"key":"Bag of Preparation"},{"floor":9,"key":"Centennial Puzzle"},{"floor":14,"key":"Boot"},{"floor":19,"key":"Red Mask"}],"event_choices":[{"damage_healed":0,"gold_gain":0,"player_choice":"Forge","damage_taken":0,"max_hp_gain":0,"max_hp_loss":0,"event_name":"Accursed Blacksmith","floor":8,"gold_loss":0,"cards_upgraded":["Zap"]},{"damage_healed":0,"gold_gain":0,"player_choice":"Fought Bandits","damage_taken":0,"max_hp_gain":0,"max_hp_loss":0,"event_name":"Masked Bandits","floor":19,"gold_loss":0},{"damage_healed":0,"gold_gain":0,"player_choice":"Cursed","damage_taken":0,"max_hp_gain":0,"max_hp_loss":0,"event_name":"Wheel of Change","floor":20,"gold_loss":0,"cards_obtained":["Decay"]}],"is_beta":true,"boss_relics":[{"not_picked":["Orrery","Nuclear Battery"],"picked":"Busted Crown"}],"items_purged_floors":[5,21],"is_endless":false,"potions_floor_spawned":[3,7,12,14,22],"killed_by":"Gremlin Leader","ascension_level":18}