{"gold_per_floor":[111,186,198,208,80,80,80,106,175,175,185,185,216,226,226,298,298,318,233,251,82,92,92,92],"floor_reached":24,"playtime":981,"items_purged":["Strike_G"],"score":412,"play_id":"a453ec0c-7ef4-4ca4-8089-3a6c226a4d42","local_time":"20190323145558","is_ascension_mode":true,"campfire_choices":[{"data":"Bouncing Flask","floor":6.0,"key":"SMITH"},{"data":"Deadly Poison","floor":10.0,"key":"SMITH"},{"floor":12.0,"key":"REST"},{"floor":15.0,"key":"DIG"},{"floor":23,"key":"REST"}],"neow_cost":"NONE","seed_source_timestamp":901289462370720,"circlet_count":0,"master_deck":["AscendersBane","Defend_G","Defend_G","Defend_G","Defend_G","Defend_G","Strike_G","Strike_G","Strike_G","Strike_G","Survivor","Neutralize","Bouncing Flask+1","Deadly Poison+1","Crippling Poison","Deflect","Bouncing Flask","Burst","Caltrops","Dash"],"special_seed":0,"relics":["Runic Pyramid","Pen Nib","Shovel","Letter Opener","Bag of Marbles","Girya","Philosopher\u0027s Stone","Oddly Smooth Stone","Happy Flower"],"potions_floor_usage":[22,24,24],"damage_taken":[{"damage":3.0,"enemies":"Cultist","floor":1.0,"turns":5.0},{"damage":0.0,"enemies":"2 Louse","floor":3.0,"turns":3.0},{"damage":0.0,"enemies":"Jaw Worm","floor":4.0,"turns":4.0},{"damage":28.0,"enemies":"3 Sentries","floor":8.0,"turns":14.0},{"damage":4.0,"enemies":"Exordium Thugs","floor":11.0,"turns":4.0},{"damage":11.0,"enemies":"Gremlin Nob","floor":13.0,"turns":4.0},{"damage":1.0,"enemies":"Large Slime","floor":14.0,"turns":4.0},{"damage":1.0,"enemies":"Hexaghost","floor":16.0,"turns":8.0},{"damage":25.0,"enemies":"2 Thieves","floor":18.0,"turns":4.0},{"damage":23.0,"enemies":"Shell Parasite","floor":20.0,"turns":3.0},{"damage":2,"enemies":"Snake Plant","floor":22,"turns":3},{"damage":25,"enemies":"Slavers","floor":24,"turns":1}],"seed_played":"-8145823079609822124","potions_obtained":[{"floor":1.0,"key":"EssenceOfSteel"},{"floor":4.0,"key":"SneckoOil"},{"floor":8.0,"key":"SpeedPotion"},{"floor":16.0,"key":"SpeedPotion"},{"floor":18.0,"key":"LiquidBronze"},{"floor":22,"key":"Explosive Potion"}],"is_trial":false,"path_per_floor":["M","?","M","M","$","R","?","E","T","R","M","R","E","M","R","B",null,"M","?","M","$","M","R","E"],"character_chosen":"THE_SILENT","items_purchased":["Deadly Poison","Happy Flower"],"campfire_rested":2,"item_purchase_floors":[5,21],"current_hp_per_floor":[56,45,45,45,45,45,45,17,17,17,13,32,21,20,20,19,54,29,29,6,6,4,23,0],"gold":92,"neow_bonus":"BOSS_RELIC","is_prod":false,"is_daily":false,"chose_seed":false,"campfire_upgraded":2,"win_rate":0,"timestamp":1553367358,"path_taken":["M","?","M","M","$","R","?","E","T","R","M","R","E","M","R","BOSS","M","?","M","$","M","R","E"],"build_version":"2019-03-15","purchased_purges":1,"victory":false,"max_hp_per_floor":[66,66,66,66,66,66,66,66,66,66,66,66,66,66,66,66,66,66,66,66,66,66,66,66],"card_choices":[{"not_picked":["Underhanded Strike","Outmaneuver","Tactician"],"picked":"SKIP","floor":1.0},{"not_picked":["Deadly Poison","Backflip"],"picked":"Bouncing Flask","floor":3.0},{"not_picked":["Finisher","Reflex","Quick Slash"],"picked":"SKIP","floor":4.0},{"not_picked":["Dash","Deadly Poison"],"picked":"Crippling Poison","floor":8.0},{"not_picked":["Finisher","All Out Attack"],"picked":"Deflect","floor":11.0},{"not_picked":["Deadly Poison","Acrobatics"],"picked":"Bouncing Flask","floor":13.0},{"not_picked":["Escape Plan","Terror","Sucker Punch"],"picked":"SKIP","floor":14.0},{"not_picked":["Tools of the Trade","Wraith Form v2"],"picked":"Burst","floor":16.0},{"not_picked":["Poisoned Stab","Masterful Stab"],"picked":"Caltrops","floor":18.0},{"not_picked":["Backstab","Calculated Gamble"],"picked":"Dash","floor":20.0},{"not_picked":["Terror","Crippling Poison","Flechettes"],"picked":"SKIP","floor":22}],"player_experience":1197940,"relics_obtained":[{"floor":8.0,"key":"Shovel"},{"floor":9.0,"key":"Letter Opener"},{"floor":13.0,"key":"Bag of Marbles"},{"floor":15.0,"key":"Girya"}],"event_choices":[{"damage_healed":0.0,"max_hp_gain":0.0,"max_hp_loss":0.0,"gold_gain":75.0,"event_name":"World of Goop","player_choice":"Gather Gold","floor":2.0,"gold_loss":0.0,"damage_taken":11.0},{"damage_healed":0.0,"max_hp_gain":0.0,"max_hp_loss":0.0,"gold_gain":0.0,"event_name":"Dead Adventurer","player_choice":"Searched \u00272\u0027 times","floor":7.0,"gold_loss":0.0,"damage_taken":0.0,"relics_obtained":["Pen Nib"]},{"damage_healed":0.0,"max_hp_gain":0.0,"max_hp_loss":0.0,"gold_gain":0.0,"event_name":"Addict","player_choice":"Obtained Relic","floor":19.0,"gold_loss":85.0,"damage_taken":0.0,"relics_obtained":["Oddly Smooth Stone"]}],"is_beta":true,"boss_relics":[{"not_picked":["Lizard Tail","Busted Crown"],"picked":"Philosopher\u0027s Stone"}],"items_purged_floors":[5],"is_endless":false,"potions_floor_spawned":[1,4,8,16,18,22],"killed_by":"Slavers","ascension_level":20}