{"gold_per_floor":[112,112,126,97,108,108,141,161,188,201,221,221,252,252,252,325,325,337,218,232,232,332,366,366,391,415,432,457,23,23,73,73,147,147,164,164,176,190,190,220,15,15,64,96,96,130,130,230,230,230,230],"floor_reached":52,"playtime":2698,"items_purged":["Pain","Strike_R","Writhe"],"score":2083,"play_id":"9a4f5642-e627-4be7-bc08-9c21d4f534b5","local_time":"20181103185847","is_ascension_mode":true,"campfire_choices":[{"data":"Armaments","floor":6.0,"key":"SMITH"},{"data":"Armaments","floor":12.0,"key":"SMITH"},{"data":"True Grit","floor":15.0,"key":"SMITH"},{"data":"Inflame","floor":24.0,"key":"SMITH"},{"data":"Disarm","floor":30.0,"key":"SMITH"},{"data":"Clothesline","floor":32.0,"key":"SMITH"},{"data":"Spot Weakness","floor":42.0,"key":"SMITH"},{"data":"Disarm","floor":45.0,"key":"SMITH"},{"floor":47.0,"key":"RECALL"},{"data":"Bash","floor":49,"key":"SMITH"}],"neow_cost":"NONE","seed_source_timestamp":30137648976560,"circlet_count":0,"master_deck":["AscendersBane","Strike_R","Strike_R","Strike_R","Strike_R","Defend_R","Defend_R","Defend_R","Defend_R","Bash+1","Pummel","Clothesline+1","Armaments+1","True Grit+1","Disarm+1","Anger","Armaments+1","Feed","Reaper","Shrug It Off","Inflame+1","Thunderclap","Battle Trance","Shrug It Off","Inflame+1","Offering","Clothesline","Disarm+1","Spot Weakness+1","Pain","Reaper","Finesse"],"special_seed":0,"relics":["Burning Blood","NeowsBlessing","PreservedInsect","Pen Nib","Vajra","WarpedTongs","Coffee Dripper","MutagenicStrength","Du-Vu Doll","Bottled Flame","Nilry\u0027s Codex","Art of War","Bag of Marbles","Ancient Tea Set","Pantograph","Ornamental Fan","Cursed Key","Mercury Hourglass","Lantern","Ginger","Gambling Chip","Nunchaku"],"potions_floor_usage":[],"damage_taken":[{"damage":0.0,"enemies":"Cultist","floor":1.0,"turns":1.0},{"damage":0.0,"enemies":"2 Louse","floor":3.0,"turns":1.0},{"damage":0.0,"enemies":"Small Slimes","floor":5.0,"turns":1.0},{"damage":20.0,"enemies":"3 Sentries","floor":7.0,"turns":12.0},{"damage":5.0,"enemies":"2 Fungi Beasts","floor":8.0,"turns":4.0},{"damage":11.0,"enemies":"3 Louse","floor":10.0,"turns":5.0},{"damage":4.0,"enemies":"Looter","floor":11.0,"turns":3.0},{"damage":12.0,"enemies":"Lagavulin","floor":13.0,"turns":7.0},{"damage":38.0,"enemies":"Slime Boss","floor":16.0,"turns":15.0},{"damage":2.0,"enemies":"Chosen","floor":18.0,"turns":3.0},{"damage":30.0,"enemies":"2 Thieves","floor":20.0,"turns":5.0},{"damage":38.0,"enemies":"Colosseum Slavers","floor":22.0,"turns":6.0},{"damage":26.0,"enemies":"Colosseum Nobs","floor":22.0,"turns":4.0},{"damage":19.0,"enemies":"Book of Stabbing","floor":23.0,"turns":4.0},{"damage":7.0,"enemies":"Slavers","floor":25.0,"turns":5.0},{"damage":11.0,"enemies":"Sentry and Sphere","floor":27.0,"turns":5.0},{"damage":15.0,"enemies":"Gremlin Leader","floor":28.0,"turns":4.0},{"damage":44.0,"enemies":"Automaton","floor":33.0,"turns":7.0},{"damage":6.0,"enemies":"3 Shapes","floor":35.0,"turns":3.0},{"damage":0.0,"enemies":"Orb Walker","floor":37.0,"turns":2.0},{"damage":41.0,"enemies":"Sphere and 2 Shapes","floor":38.0,"turns":10.0},{"damage":14.0,"enemies":"Nemesis","floor":40.0,"turns":3.0},{"damage":22.0,"enemies":"Reptomancer","floor":44.0,"turns":4.0},{"damage":2.0,"enemies":"Nemesis","floor":46.0,"turns":3.0},{"damage":10.0,"enemies":"Mind Bloom Boss Battle","floor":48.0,"turns":3.0},{"damage":59,"enemies":"Time Eater","floor":50,"turns":10},{"damage":82,"enemies":"Awakened One","floor":51,"turns":12}],"seed_played":"1129576334779491260","potions_obtained":[{"floor":3.0,"key":"Fire Potion"},{"floor":5.0,"key":"Swift Potion"},{"floor":7.0,"key":"BloodPotion"},{"floor":8.0,"key":"Poison Potion"},{"floor":16.0,"key":"Swift Potion"},{"floor":18.0,"key":"BloodPotion"},{"floor":22.0,"key":"SpeedPotion"},{"floor":25.0,"key":"SkillPotion"},{"floor":27.0,"key":"AttackPotion"},{"floor":33.0,"key":"SpeedPotion"},{"floor":35.0,"key":"Swift Potion"},{"floor":37.0,"key":"AttackPotion"},{"floor":38.0,"key":"SteroidPotion"}],"is_trial":false,"path_per_floor":["M","?","M","$","M","R","E","M","T","M","M","R","E","?","R","B",null,"M","$","M","?","?","?","E","R","E","T","M","E","$","R","?","R","B",null,"M","?","M","M","?","E","$","R","T","E","R","E","R","?","?","R","B","B",null],"character_chosen":"IRONCLAD","items_purchased":["Armaments","Inflame","Ornamental Fan","AttackPotion","Spot Weakness"],"campfire_rested":0,"item_purchase_floors":[4,19,29,29,41],"current_hp_per_floor":[74,75,75,75,75,75,61,62,62,64,66,66,60,60,60,32,67,81,81,83,83,23,10,10,23,23,24,57,57,57,57,57,62,91,94,94,104,97,115,110,110,110,110,108,108,115,115,120,120,86,96],"gold":230,"neow_bonus":"THREE_ENEMY_KILL","is_prod":false,"is_daily":false,"chose_seed":false,"campfire_upgraded":9,"win_rate":0,"timestamp":1541285927,"path_taken":["M","?","?","$","?","R","E","M","T","M","M","R","E","?","R","BOSS","M","$","M","?","?","E","R","E","T","M","E","$","R","?","R","BOSS","M","?","M","M","?","E","$","R","T","E","R","E","R","?","R","BOSS","BOSS"],"build_version":"2018-11-02","purchased_purges":3,"victory":true,"max_hp_per_floor":[75,75,75,75,75,75,75,75,75,75,75,75,75,75,75,79,79,82,82,86,86,93,93,93,93,93,97,97,97,97,97,97,100,100,103,103,107,115,115,118,118,118,118,118,118,121,121,124,124,124,124],"card_choices":[{"not_picked":["Perfected Strike","Havoc"],"picked":"Pummel","floor":1.0},{"not_picked":["Perfected Strike","Carnage"],"picked":"Clothesline","floor":3.0},{"not_picked":["Infernal Blade","Wild Strike"],"picked":"Iron Wave","floor":5.0},{"not_picked":["Sword Boomerang","Rupture"],"picked":"True Grit","floor":7.0},{"not_picked":["Headbutt","Havoc"],"picked":"Disarm","floor":8.0},{"not_picked":["Pommel Strike","Rage"],"picked":"Anger","floor":10.0},{"not_picked":["Entrench","Clash"],"picked":"Armaments","floor":11.0},{"not_picked":["Twin Strike","Power Through"],"picked":"Feed","floor":13.0},{"not_picked":["Limit Break","Brutality"],"picked":"Reaper","floor":16.0},{"not_picked":["Intimidate","Headbutt"],"picked":"Shrug It Off","floor":18.0},{"not_picked":["Havoc","Heavy Blade"],"picked":"Thunderclap","floor":20.0},{"not_picked":["Burning Pact","Havoc"],"picked":"Battle Trance","floor":23.0},{"not_picked":["Bloodletting+1","Hemokinesis"],"picked":"Shrug It Off","floor":25.0},{"not_picked":["Searing Blow+1","Rupture"],"picked":"Inflame+1","floor":27.0},{"not_picked":["Entrench+1","Perfected Strike","Wild Strike"],"picked":"SKIP","floor":28.0},{"not_picked":["Double Tap","Reaper"],"picked":"Offering","floor":33.0},{"not_picked":["Headbutt","Dropkick+1","Hemokinesis"],"picked":"SKIP","floor":35.0},{"not_picked":["Cleave+1","Flex"],"picked":"Clothesline","floor":37.0},{"not_picked":["Clothesline","Dropkick","Flex"],"picked":"SKIP","floor":38.0},{"not_picked":["Feel No Pain","Clash+1"],"picked":"Disarm","floor":40.0},{"not_picked":["Fire Breathing","Clash+1"],"picked":"Reaper","floor":44.0},{"not_picked":["Flex","Second Wind","Metallicize"],"picked":"SKIP","floor":46.0},{"not_picked":["Chrysalis","Sadistic Nature"],"picked":"Finesse","floor":48}],"player_experience":821232,"relics_obtained":[{"floor":7.0,"key":"PreservedInsect"},{"floor":9.0,"key":"Pen Nib"},{"floor":13.0,"key":"Vajra"},{"floor":22.0,"key":"Du-Vu Doll"},{"floor":22.0,"key":"Bottled Flame"},{"floor":22.0,"key":"Nilry\u0027s Codex"},{"floor":23.0,"key":"Art of War"},{"floor":25.0,"key":"Bag of Marbles"},{"floor":26.0,"key":"Ancient Tea Set"},{"floor":28.0,"key":"Pantograph"},{"floor":40.0,"key":"Mercury Hourglass"},{"floor":43.0,"key":"Lantern"},{"floor":44.0,"key":"Ginger"},{"floor":46.0,"key":"Gambling Chip"},{"floor":48,"key":"Nunchaku"}],"event_choices":[{"damage_healed":1.0,"max_hp_gain":0.0,"max_hp_loss":0.0,"gold_gain":0.0,"event_name":"Wheel of Change","player_choice":"Full Heal","floor":2.0,"gold_loss":0.0,"damage_taken":0.0},{"damage_healed":0.0,"max_hp_gain":0.0,"max_hp_loss":0.0,"gold_gain":0.0,"event_name":"Accursed Blacksmith","player_choice":"Rummage","floor":14.0,"gold_loss":0.0,"damage_taken":0.0,"relics_obtained":["WarpedTongs"],"cards_obtained":["Pain"]},{"damage_healed":0.0,"max_hp_gain":0.0,"max_hp_loss":0.0,"gold_gain":0.0,"event_name":"Drug Dealer","player_choice":"Inject Mutagens","floor":21.0,"gold_loss":0.0,"damage_taken":0.0,"relics_obtained":["MutagenicStrength"]},{"damage_healed":0.0,"max_hp_gain":0.0,"max_hp_loss":0.0,"gold_gain":0.0,"event_name":"Colosseum","player_choice":"Fight","floor":22.0,"gold_loss":0.0,"damage_taken":0.0},{"damage_healed":0.0,"max_hp_gain":0.0,"max_hp_loss":0.0,"gold_gain":0.0,"event_name":"Colosseum","player_choice":"Fought Nobs","floor":22.0,"gold_loss":0.0,"damage_taken":0.0},{"damage_healed":0.0,"max_hp_gain":0.0,"max_hp_loss":0.0,"gold_gain":0.0,"event_name":"Cursed Tome","player_choice":"Obtained Book","floor":22.0,"gold_loss":0.0,"damage_taken":21.0},{"damage_healed":0.0,"max_hp_gain":0.0,"max_hp_loss":0.0,"gold_gain":50.0,"event_name":"Nest","player_choice":"Stole From Cult","floor":31.0,"gold_loss":0.0,"damage_taken":0.0},{"cards_removed":["Iron Wave"],"damage_healed":0.0,"max_hp_gain":0.0,"max_hp_loss":0.0,"gold_gain":0.0,"event_name":"Falling","player_choice":"Removed Attack","floor":36.0,"gold_loss":0.0,"damage_taken":0.0},{"damage_healed":23.0,"max_hp_gain":0.0,"max_hp_loss":0.0,"gold_gain":0.0,"event_name":"Winding Halls","player_choice":"Writhe","floor":39.0,"gold_loss":0.0,"damage_taken":0.0,"cards_obtained":["Writhe"]},{"damage_healed":0.0,"max_hp_gain":0.0,"max_hp_loss":0.0,"gold_gain":0.0,"event_name":"MindBloom","player_choice":"Fight","floor":48.0,"gold_loss":0.0,"damage_taken":0.0},{"damage_healed":0,"gold_gain":0,"player_choice":"Memory 1","damage_taken":0,"max_hp_gain":0,"max_hp_loss":0,"event_name":"SensoryStone","floor":48,"gold_loss":0}],"is_beta":true,"boss_relics":[{"not_picked":["Empty Cage","Black Star"],"picked":"Coffee Dripper"},{"not_picked":["Astrolabe","Orrery"],"picked":"Cursed Key"}],"items_purged_floors":[19,29,41],"is_endless":false,"potions_floor_spawned":[3,5,7,8,16,18,22,25,27,33,35,37,38],"ascension_level":20}