{"gold_per_floor":[116,136,136,149,161,161,190,190,190,190,204,254,254,25,25,104,104,118,128,53,53,70,105,105,116,143,143,177,192,225,241,241,314,314,331,344,344,171,190,190],"floor_reached":40,"playtime":2569,"items_purged":[],"score":896,"play_id":"dd80c3fe-8112-46d1-8ee9-161efbd5cffe","local_time":"20181107203526","is_ascension_mode":true,"campfire_choices":[{"data":"Zap","floor":6.0,"key":"SMITH"},{"data":"Self Repair","floor":8.0,"key":"SMITH"},{"data":"Ball Lightning","floor":10.0,"key":"SMITH"},{"data":"Undo","floor":13.0,"key":"SMITH"},{"floor":15.0,"key":"REST"},{"data":"Defragment","floor":24.0,"key":"SMITH"},{"data":"Hologram","floor":27.0,"key":"SMITH"},{"data":"Go for the Eyes","floor":32,"key":"SMITH"}],"neow_cost":"NONE","seed_source_timestamp":0,"circlet_count":0,"master_deck":["AscendersBane","Strike_B","Strike_B","Strike_B","Defend_B","Defend_B","Defend_B","Defend_B","Zap+1","Dualcast","Genetic Algorithm","Self Repair+1","Ball Lightning+1","Undo+1","Cold Snap","Glacier","Reboot","Genetic Algorithm","Go for the Eyes+1","Defragment+1","BootSequence","Hologram+1","Sweeping Beam+1","Biased Cognition","Ball Lightning+1","Go for the Eyes+1","Electrodynamics","Sweeping Beam"],"special_seed":0,"relics":["Cracked Core","NeowsBlessing","Bag of Preparation","Juzu Bracelet","Runic Capacitor","Busted Crown","Meat on the Bone","Orichalcum","Dodecahedron","Letter Opener","Nuclear Battery"],"potions_floor_usage":[40],"damage_taken":[{"damage":0.0,"enemies":"Cultist","floor":1.0,"turns":1.0},{"damage":0.0,"enemies":"Jaw Worm","floor":2.0,"turns":1.0},{"damage":1.0,"enemies":"2 Louse","floor":4.0,"turns":2.0},{"damage":30.0,"enemies":"Exordium Wildlife","floor":5.0,"turns":5.0},{"damage":36.0,"enemies":"Gremlin Nob","floor":7.0,"turns":4.0},{"damage":1.0,"enemies":"3 Louse","floor":11.0,"turns":4.0},{"damage":41.0,"enemies":"Hexaghost","floor":16.0,"turns":13.0},{"damage":9.0,"enemies":"Shell Parasite","floor":18.0,"turns":8.0},{"damage":18.0,"enemies":"3 Byrds","floor":19.0,"turns":7.0},{"damage":3.0,"enemies":"Snake Plant","floor":22.0,"turns":6.0},{"damage":45.0,"enemies":"Slavers","floor":23.0,"turns":7.0},{"damage":0.0,"enemies":"Centurion and Healer","floor":25.0,"turns":10.0},{"damage":5.0,"enemies":"Book of Stabbing","floor":28.0,"turns":8.0},{"damage":0.0,"enemies":"Snecko","floor":29.0,"turns":8.0},{"damage":49.0,"enemies":"Gremlin Leader","floor":30.0,"turns":13.0},{"damage":0.0,"enemies":"3 Cultists","floor":31.0,"turns":5.0},{"damage":10,"enemies":"Champ","floor":33,"turns":17},{"damage":5,"enemies":"Orb Walker","floor":35,"turns":4},{"damage":12,"enemies":"3 Darklings","floor":36,"turns":4},{"damage":12,"enemies":"Maw","floor":39,"turns":7},{"damage":73,"enemies":"Giant Head","floor":40,"turns":9}],"seed_played":"-7549950202543159454","potions_obtained":[{"floor":1.0,"key":"Fire Potion"},{"floor":5.0,"key":"Explosive Potion"},{"floor":11.0,"key":"Regen Potion"},{"floor":22.0,"key":"EssenceOfSteel"},{"floor":23.0,"key":"Weak Potion"},{"floor":29.0,"key":"AttackPotion"},{"floor":30.0,"key":"EssenceOfSteel"},{"floor":33,"key":"Ancient Potion"},{"floor":39,"key":"Weak Potion"}],"is_trial":false,"path_per_floor":["M","M","$","M","M","R","E","R","T","R","M","?","R","$","R","B",null,"M","M","?","?","M","E","R","M","T","R","E","M","E","M","R","B",null,"M","M","?","$","M","E"],"character_chosen":"DEFECT","items_purchased":["Runic Capacitor","Electrodynamics"],"campfire_rested":1,"item_purchase_floors":[14,38],"current_hp_per_floor":[64,64,64,70,47,47,18,18,18,18,17,17,17,17,38,22,59,60,52,52,52,59,24,24,46,46,46,51,61,34,56,56,56,67,71,69,67,67,65,0],"gold":190,"neow_bonus":"THREE_ENEMY_KILL","is_prod":false,"is_daily":false,"chose_seed":false,"campfire_upgraded":7,"win_rate":0,"timestamp":1541640926,"path_taken":["M","M","?","?","M","R","E","R","T","R","M","?","R","$","R","BOSS","M","M","?","?","M","E","R","M","T","R","E","M","E","M","R","BOSS","M","M","?","$","M","E"],"build_version":"2018-11-06","purchased_purges":0,"victory":false,"max_hp_per_floor":[71,71,71,71,71,71,71,71,71,71,71,71,71,71,71,71,71,71,71,71,71,71,71,71,71,71,71,71,71,71,71,71,71,71,71,71,67,67,67,67],"card_choices":[{"not_picked":["Chill","Conserve Battery"],"picked":"Genetic Algorithm","floor":1.0},{"not_picked":["Capacitor","Redo"],"picked":"Self Repair","floor":2.0},{"not_picked":["Barrage","Scrape","Ball Lightning"],"picked":"SKIP","floor":4.0},{"not_picked":["Barrage","Scrape"],"picked":"Ball Lightning","floor":4.0},{"not_picked":["Go for the Eyes","Static Discharge"],"picked":"Undo","floor":5.0},{"not_picked":["Streamline","Creative AI"],"picked":"Cold Snap","floor":7.0},{"not_picked":["Steam","Rebound"],"picked":"Glacier","floor":11.0},{"not_picked":["Machine Learning","Thunder Strike"],"picked":"Reboot","floor":16.0},{"not_picked":["Genetic Algorithm"],"picked":"SKIP","floor":18.0},{"not_picked":[],"picked":"Genetic Algorithm","floor":18.0},{"not_picked":["Go for the Eyes"],"picked":"SKIP","floor":19.0},{"not_picked":[],"picked":"Go for the Eyes","floor":19.0},{"not_picked":[],"picked":"BootSequence","floor":22.0},{"not_picked":[],"picked":"Hologram","floor":23.0},{"not_picked":["Redo"],"picked":"SKIP","floor":25.0},{"not_picked":["Turbo+1"],"picked":"SKIP","floor":28.0},{"not_picked":["Turbo+1"],"picked":"SKIP","floor":28.0},{"not_picked":["Steam"],"picked":"SKIP","floor":29.0},{"not_picked":[],"picked":"Sweeping Beam+1","floor":30.0},{"not_picked":["Streamline"],"picked":"SKIP","floor":31.0},{"not_picked":[],"picked":"Biased Cognition","floor":33},{"not_picked":[],"picked":"Ball Lightning+1","floor":35},{"not_picked":[],"picked":"Go for the Eyes+1","floor":36},{"not_picked":["Sweeping Beam"],"picked":"SKIP","floor":39},{"not_picked":[],"picked":"Sweeping Beam","floor":39}],"player_experience":863055,"relics_obtained":[{"floor":7.0,"key":"Bag of Preparation"},{"floor":9.0,"key":"Juzu Bracelet"},{"floor":23.0,"key":"Meat on the Bone"},{"floor":26.0,"key":"Orichalcum"},{"floor":28.0,"key":"Dodecahedron"},{"floor":30.0,"key":"Letter Opener"}],"event_choices":[{"damage_healed":0.0,"max_hp_gain":0.0,"max_hp_loss":0.0,"gold_gain":50.0,"event_name":"Golden Wing","player_choice":"Gained Gold","floor":12.0,"gold_loss":0.0,"damage_taken":0.0},{"cards_removed":["Strike_B"],"damage_healed":0.0,"max_hp_gain":0.0,"max_hp_loss":0.0,"gold_gain":0.0,"event_name":"Beggar","player_choice":"Gave Gold","floor":20.0,"gold_loss":75.0,"damage_taken":0.0},{"damage_healed":0.0,"max_hp_gain":0.0,"max_hp_loss":0.0,"gold_gain":0.0,"event_name":"The Library","player_choice":"Read","floor":21.0,"gold_loss":0.0,"damage_taken":0.0,"cards_obtained":["Defragment"]},{"damage_healed":0,"gold_gain":0,"player_choice":"Max HP","damage_taken":0,"max_hp_gain":0,"max_hp_loss":4,"event_name":"Winding Halls","floor":37,"gold_loss":0}],"is_beta":true,"boss_relics":[{"not_picked":["Ectoplasm","Astrolabe"],"picked":"Busted Crown"},{"not_picked":["Empty Cage","Tiny House"],"picked":"Nuclear Battery"}],"items_purged_floors":[],"is_endless":false,"potions_floor_spawned":[1,5,11,22,23,29,30,33,36,39],"killed_by":"Giant Head","ascension_level":20}