{"gold_per_floor":[115,115,125,275,275,275,302,302,302,302,332,44,57,85,85,157,157,174,184,184,27,39,39,52,52,52,62,62,62,62,88,88,162,162,182,182,0,12,28,53,53,81,135,153,153,28,61,79,79,79,79],"floor_reached":52,"playtime":2099,"items_purged":["Doubt","Strike_B","Strike_B+1"],"score":2227,"play_id":"c3c01d58-3418-4e40-a3fb-c91d1bb4c71d","local_time":"20181019221054","is_ascension_mode":true,"campfire_choices":[{"data":"Zap","floor":6.0,"key":"SMITH"},{"data":"Dualcast","floor":8.0,"key":"SMITH"},{"data":"Cold Snap","floor":10.0,"key":"SMITH"},{"data":"Electrodynamics","floor":15.0,"key":"SMITH"},{"floor":23.0,"key":"REST"},{"data":"Ghostly","floor":30.0,"key":"SMITH"},{"data":"Ghostly","floor":32.0,"key":"SMITH"},{"data":"Ghostly","floor":41.0,"key":"SMITH"},{"data":"Barrage","floor":49.0,"key":"SMITH"}],"neow_cost":"NONE","seed_source_timestamp":702050133925770,"circlet_count":0,"master_deck":["Defend_B+1","Defend_B+1","Defend_B+1","Zap+1","Dualcast+1","AscendersBane","Barrage+1","Cold Snap+1","All For One+1","Go for the Eyes+1","Sunder+1","Electrodynamics+1","Core Surge+1","Stack+1","Force Field","Sunder+1","Meteor Strike+1","Sweeping Beam+1","Ghostly+1","Ghostly+1","Ghostly+1","Ghostly","Ghostly","Multi-Cast","Force Field","Rebound+1"],"special_seed":0,"relics":["Cracked Core","NeowsBlessing","Incense Burner","Molten Egg 2","Darkstone Periapt","Shuriken","Runic Capacitor","Mango","Snecko Eye","Bag of Preparation","Du-Vu Doll","Sozu","Red Mask","Bottled Flame","Vajra","Lantern","Bottled Tornado"],"potions_floor_usage":[51],"damage_taken":[{"damage":0.0,"enemies":"2 Louse","floor":1.0,"turns":1.0},{"damage":0.0,"enemies":"Small Slimes","floor":3.0,"turns":1.0},{"damage":0.0,"enemies":"Gremlin Nob","floor":7.0,"turns":1.0},{"damage":14.0,"enemies":"3 Sentries","floor":11.0,"turns":7.0},{"damage":2.0,"enemies":"Jaw Worm","floor":13.0,"turns":3.0},{"damage":6.0,"enemies":"Lagavulin","floor":14.0,"turns":5.0},{"damage":31.0,"enemies":"The Guardian","floor":16.0,"turns":8.0},{"damage":0.0,"enemies":"3 Byrds","floor":18.0,"turns":2.0},{"damage":23.0,"enemies":"2 Thieves","floor":19.0,"turns":3.0},{"damage":0.0,"enemies":"Snecko","floor":22.0,"turns":3.0},{"damage":24.0,"enemies":"Snake Plant","floor":24.0,"turns":3.0},{"damage":11.0,"enemies":"Sentry and Sphere","floor":27.0,"turns":4.0},{"damage":0.0,"enemies":"Slavers","floor":31.0,"turns":3.0},{"damage":1.0,"enemies":"Champ","floor":33.0,"turns":6.0},{"damage":1.0,"enemies":"Orb Walker","floor":35.0,"turns":2.0},{"damage":0.0,"enemies":"3 Shapes","floor":38.0,"turns":2.0},{"damage":1.0,"enemies":"Writhing Mass","floor":39.0,"turns":4.0},{"damage":0.0,"enemies":"Reptomancer","floor":40.0,"turns":3.0},{"damage":0.0,"enemies":"Nemesis","floor":42.0,"turns":5.0},{"damage":0.0,"enemies":"3 Darklings","floor":44.0,"turns":4.0},{"damage":1.0,"enemies":"Giant Head","floor":47.0,"turns":4.0},{"damage":0.0,"enemies":"Spire Growth","floor":48.0,"turns":2.0},{"damage":29.0,"enemies":"Time Eater","floor":50.0,"turns":8.0},{"damage":0,"enemies":"Donu and Deca","floor":51,"turns":6}],"seed_played":"8323588105666664410","potions_obtained":[{"floor":3.0,"key":"FocusPotion"},{"floor":11.0,"key":"Dexterity Potion"},{"floor":13.0,"key":"EssenceOfSteel"},{"floor":22.0,"key":"PowerPotion"},{"floor":33.0,"key":"EssenceOfSteel"}],"is_trial":false,"path_per_floor":["M","?","M","?","T","R","E","R","T","R","E","$","M","E","R","B",null,"M","M","?","$","M","R","M","?","T","M","?","?","R","E","R","B",null,"M","?","?","M","M","E","R","E","T","M","?","$","E","M","R","B","B"],"character_chosen":"DEFECT","items_purchased":["Runic Capacitor","PowerPotion"],"campfire_rested":1,"item_purchase_floors":[12,21],"current_hp_per_floor":[64,57,57,57,57,57,57,57,57,57,43,43,41,49,49,18,68,68,45,45,45,45,70,46,46,46,35,35,35,35,35,35,34,40,39,39,39,39,38,38,38,38,38,38,38,38,37,37,37,8,8],"gold":79,"neow_bonus":"THREE_ENEMY_KILL","is_prod":false,"is_daily":false,"chose_seed":false,"campfire_upgraded":8,"win_rate":0,"timestamp":1540001454,"path_taken":["M","?","M","?","?","R","E","R","T","R","E","$","M","E","R","BOSS","M","M","?","$","M","R","M","?","T","?","?","?","R","E","R","BOSS","M","?","?","M","M","E","R","E","T","M","?","$","E","M","R","BOSS","BOSS"],"build_version":"2018-10-18","purchased_purges":3,"victory":true,"max_hp_per_floor":[71,71,71,71,71,71,71,71,71,71,71,71,71,85,85,85,85,85,85,85,85,85,85,85,85,85,85,85,42,42,42,42,42,42,42,42,42,42,42,42,42,42,42,42,42,42,42,42,42,42,42],"card_choices":[{"not_picked":["Hologram","Scrape"],"picked":"Barrage","floor":1.0},{"not_picked":["Hologram","Go for the Eyes"],"picked":"Cold Snap","floor":3.0},{"not_picked":["Compile Driver","Conserve Battery"],"picked":"All For One","floor":7.0},{"not_picked":["Sunder+1","Sweeping Beam+1"],"picked":"Go for the Eyes+1","floor":11.0},{"not_picked":["Barrage+1","Leap"],"picked":"Sunder+1","floor":13.0},{"not_picked":["Streamline+1","Hologram"],"picked":"Electrodynamics","floor":14.0},{"not_picked":["Fission","Seek"],"picked":"Core Surge+1","floor":16.0},{"not_picked":["Force Field","Rebound+1"],"picked":"Stack+1","floor":18.0},{"not_picked":["Aggregate","Compile Driver+1"],"picked":"Force Field","floor":19.0},{"not_picked":["Streamline+1","Stack","Beam Cell+1"],"picked":"SKIP","floor":22.0},{"not_picked":["Gash+1","Turbo+1"],"picked":"Meteor Strike+1","floor":24.0},{"not_picked":["Steam Power","Cold Snap+1"],"picked":"Sweeping Beam+1","floor":27.0},{"not_picked":["Sweeping Beam+1","Machine Learning","Streamline+1"],"picked":"SKIP","floor":31.0},{"not_picked":["Seek","Creative AI"],"picked":"Multi-Cast","floor":33.0},{"not_picked":["Fusion","Redo","Leap"],"picked":"SKIP","floor":35.0},{"not_picked":["Steam","Gash+1","Capacitor"],"picked":"SKIP","floor":38.0},{"not_picked":["Genetic Algorithm","Stack","Blizzard+1"],"picked":"SKIP","floor":39.0},{"not_picked":["Consume","Streamline+1","Creative AI"],"picked":"SKIP","floor":40.0},{"not_picked":["Hologram","Storm","Beam Cell+1"],"picked":"SKIP","floor":42.0},{"not_picked":["Redo+1","Melter+1","Auto Shields"],"picked":"SKIP","floor":44.0},{"not_picked":["Turbo","Steam+1"],"picked":"Force Field","floor":47.0},{"not_picked":["Darkness","Sweeping Beam+1"],"picked":"Rebound+1","floor":48.0}],"player_experience":984785,"relics_obtained":[{"floor":5.0,"key":"Incense Burner"},{"floor":7.0,"key":"Molten Egg 2"},{"floor":9.0,"key":"Darkstone Periapt"},{"floor":11.0,"key":"Shuriken"},{"floor":14.0,"key":"Mango"},{"floor":26.0,"key":"Bag of Preparation"},{"floor":31.0,"key":"Du-Vu Doll"},{"floor":40.0,"key":"Bottled Flame"},{"floor":42.0,"key":"Vajra"},{"floor":43.0,"key":"Lantern"},{"floor":47.0,"key":"Bottled Tornado"}],"event_choices":[{"cards_removed":["Strike_B"],"damage_healed":0.0,"max_hp_gain":0.0,"max_hp_loss":0.0,"gold_gain":0.0,"event_name":"Golden Wing","player_choice":"Card Removal","floor":2.0,"gold_loss":0.0,"damage_taken":7.0},{"damage_healed":0.0,"max_hp_gain":0.0,"max_hp_loss":0.0,"gold_gain":150.0,"event_name":"Liars Game","player_choice":"AGREE","floor":4.0,"gold_loss":0.0,"damage_taken":0.0,"cards_obtained":["Doubt"]},{"damage_healed":0.0,"max_hp_gain":0.0,"max_hp_loss":0.0,"gold_gain":0.0,"event_name":"The Library","player_choice":"Read","floor":20.0,"gold_loss":0.0,"damage_taken":0.0,"cards_obtained":["Sunder"]},{"cards_removed":["Strike_B"],"damage_healed":0.0,"max_hp_gain":0.0,"max_hp_loss":0.0,"gold_gain":0.0,"event_name":"Wheel of Change","player_choice":"Card Removal","floor":25.0,"gold_loss":0.0,"damage_taken":0.0},{"damage_healed":0.0,"max_hp_gain":0.0,"max_hp_loss":0.0,"gold_gain":0.0,"event_name":"Back to Basics","player_choice":"Simplicity","floor":28.0,"gold_loss":0.0,"damage_taken":0.0,"cards_upgraded":["Strike_B","Defend_B","Defend_B","Defend_B","Defend_B"]},{"damage_healed":0.0,"max_hp_gain":0.0,"max_hp_loss":43.0,"gold_gain":0.0,"event_name":"Ghosts","player_choice":"Became a Ghost","floor":29.0,"gold_loss":0.0,"damage_taken":0.0,"cards_obtained":["Ghostly","Ghostly","Ghostly","Ghostly","Ghostly"]},{"cards_removed":["Defend_B"],"damage_healed":0.0,"max_hp_gain":0.0,"max_hp_loss":0.0,"gold_gain":0.0,"event_name":"Falling","player_choice":"Removed Skill","floor":36.0,"gold_loss":0.0,"damage_taken":0.0},{"damage_healed":0.0,"max_hp_gain":0.0,"max_hp_loss":0.0,"gold_gain":0.0,"event_name":"Tomb of Lord Red Mask","player_choice":"Paid","floor":37.0,"gold_loss":182.0,"damage_taken":0.0,"relics_obtained":["Red Mask"]},{"damage_healed":0.0,"max_hp_gain":0.0,"max_hp_loss":0.0,"gold_gain":0.0,"event_name":"SensoryStone","player_choice":"Memory 1","floor":45.0,"gold_loss":0.0,"damage_taken":0.0}],"is_beta":false,"boss_relics":[{"not_picked":["Coffee Dripper","Eternal Feather"],"picked":"Snecko Eye"},{"not_picked":["Fusion Hammer","Nuclear Battery"],"picked":"Sozu"}],"items_purged_floors":[12,21,46],"is_endless":false,"potions_floor_spawned":[3,11,13,22,24,33,35,44,48],"ascension_level":20}