{"gold_per_floor":[115,115,132,132,18,42,42,57,130,130,160,160,198,222,222,313,313,332,382,382,297,320,320,356,1,1,1,1,21,21,60,60,153,153,172,230,250,250,264,264,308,321,347,366,366,366,24,37,37,37,37],"floor_reached":51,"playtime":2266,"items_purged":["Bite"],"score":1451,"play_id":"b5356d03-6ba4-43be-b1d4-a9bd7ff64162","local_time":"20180922183731","is_ascension_mode":true,"campfire_choices":[{"data":"Caltrops","floor":7.0,"key":"SMITH"},{"floor":10.0,"key":"REST"},{"floor":12.0,"key":"REST"},{"data":"Neutralize","floor":15.0,"key":"SMITH"},{"data":"Wraith Form v2","floor":23.0,"key":"SMITH"},{"floor":27.0,"key":"REST"},{"data":"Noxious Fumes","floor":30.0,"key":"SMITH"},{"floor":32.0,"key":"REST"},{"data":"Footwork","floor":40.0,"key":"SMITH"},{"data":"Backflip","floor":46.0,"key":"SMITH"},{"floor":49.0,"key":"REST"}],"neow_cost":"CURSE","seed_source_timestamp":810543196365631,"circlet_count":0,"master_deck":["Defend_G","Defend_G+1","Defend_G","Defend_G","Defend_G","Survivor","Neutralize+1","AscendersBane","Flying Knee","Deadly Poison","Footwork+1","Poisoned Stab","Caltrops+1","Backstab","Bane","Deadly Poison","Noxious Fumes+1","Wraith Form v2+1","Catalyst+1","Bite","Bite+1","Bite","Bite+1","Backflip+1","PiercingWail+1","Deadly Poison+1","Noxious Fumes+1","Corpse Explosion+1","Crippling Poison+1","Jack Of All Trades+1"],"special_seed":0,"relics":["Ring of the Snake","Ice Cream","Golden Idol","Mercury Hourglass","Odd Mushroom","Strawberry","Busted Crown","War Paint","Toxic Egg 2","Mummified Hand","Darkstone Periapt","Bottled Lightning","Runic Dome","Incense Burner","Kunai","Whetstone","Oddly Smooth Stone"],"potions_floor_usage":[51,51],"damage_taken":[{"damage":5.0,"enemies":"Small Slimes","floor":1.0,"turns":5.0},{"damage":0.0,"enemies":"2 Louse","floor":3.0,"turns":2.0},{"damage":2.0,"enemies":"Jaw Worm","floor":6.0,"turns":3.0},{"damage":19.0,"enemies":"Exordium Thugs","floor":8.0,"turns":5.0},{"damage":22.0,"enemies":"The Mushroom Lair","floor":11.0,"turns":4.0},{"damage":13.0,"enemies":"3 Sentries","floor":13.0,"turns":7.0},{"damage":0.0,"enemies":"Exordium Wildlife","floor":14.0,"turns":2.0},{"damage":14.0,"enemies":"Hexaghost","floor":16.0,"turns":8.0},{"damage":18.0,"enemies":"Spheric Guardian","floor":18.0,"turns":4.0},{"damage":10.0,"enemies":"Shell Parasite","floor":22.0,"turns":5.0},{"damage":29.0,"enemies":"Slavers","floor":24.0,"turns":7.0},{"damage":19.0,"enemies":"Cultist and Chosen","floor":29.0,"turns":7.0},{"damage":0.0,"enemies":"Gremlin Leader","floor":31.0,"turns":5.0},{"damage":12.0,"enemies":"Automaton","floor":33.0,"turns":8.0},{"damage":7.0,"enemies":"3 Shapes","floor":35.0,"turns":3.0},{"damage":27.0,"enemies":"Mysterious Sphere","floor":36.0,"turns":2.0},{"damage":0.0,"enemies":"3 Darklings","floor":37.0,"turns":3.0},{"damage":11.0,"enemies":"Spire Growth","floor":39.0,"turns":4.0},{"damage":1.0,"enemies":"Giant Head","floor":41.0,"turns":6.0},{"damage":23.0,"enemies":"Transient","floor":42.0,"turns":6.0},{"damage":0.0,"enemies":"4 Shapes","floor":44.0,"turns":1.0},{"damage":0.0,"enemies":"3 Darklings","floor":48.0,"turns":2.0},{"damage":61.0,"enemies":"Awakened One","floor":50.0,"turns":17.0},{"damage":42,"enemies":"Time Eater","floor":51,"turns":8}],"seed_played":"7616130666027371277","potions_obtained":[{"floor":6.0,"key":"Weak Potion"},{"floor":11.0,"key":"Dexterity Potion"},{"floor":13.0,"key":"Weak Potion"},{"floor":18.0,"key":"GamblersBrew"},{"floor":29.0,"key":"Swift Potion"},{"floor":42.0,"key":"GhostInAJar"}],"is_trial":false,"path_per_floor":["M","?","M","?","$","M","R","M","T","R","?","R","E","M","R","B",null,"M","?","?","?","M","R","E","$","T","R","?","M","R","E","R","B",null,"M","?","M","?","M","R","E","M","T","M","?","R","$","M","R","B"],"character_chosen":"THE_SILENT","items_purchased":["Footwork","Poisoned Stab","Deadly Poison+1","Mummified Hand","Oddly Smooth Stone","EssenceOfSteel"],"campfire_rested":5,"item_purchase_floors":[5,5,25,25,47,47],"current_hp_per_floor":[54,54,54,31,31,29,29,10,10,29,7,26,20,20,20,6,56,38,38,38,38,36,36,13,13,13,28,21,14,14,26,41,49,51,51,26,32,32,23,23,36,25,25,25,25,25,25,31,46,30,0],"gold":37,"neow_bonus":"ONE_RARE_RELIC","is_prod":false,"is_daily":false,"chose_seed":false,"campfire_upgraded":6,"win_rate":0,"timestamp":1537655851,"path_taken":["M","?","M","?","?","M","R","?","T","R","?","R","E","M","R","BOSS","M","?","?","?","M","R","E","$","T","R","?","M","R","E","R","BOSS","M","?","M","?","M","R","E","M","T","?","?","R","$","M","R","BOSS","BOSS"],"build_version":"2018-09-20","purchased_purges":1,"victory":false,"max_hp_per_floor":[66,66,66,66,66,66,66,66,66,66,66,66,73,73,73,73,73,73,73,51,51,51,51,51,51,51,51,51,51,51,51,51,51,51,51,51,51,51,51,51,51,51,51,51,51,51,51,51,51,51,51],"card_choices":[{"not_picked":["Catalyst","Choke"],"picked":"Flying Knee","floor":1.0},{"not_picked":["Quick Slash","Terror"],"picked":"Deadly Poison","floor":3.0},{"not_picked":["Backflip","Tactician"],"picked":"Caltrops","floor":6.0},{"not_picked":["Backflip","Riddle With Holes"],"picked":"Backstab","floor":8.0},{"not_picked":["Acrobatics","Cloak And Dagger"],"picked":"Bane","floor":11.0},{"not_picked":["All Out Attack","Grand Finale"],"picked":"Deadly Poison","floor":13.0},{"not_picked":["Underhanded Strike","Choke"],"picked":"Noxious Fumes","floor":14.0},{"not_picked":["Unload","Night Terror"],"picked":"Wraith Form v2","floor":16.0},{"not_picked":[],"picked":"Catalyst","floor":18.0},{"not_picked":[],"picked":"Backflip","floor":22.0},{"not_picked":[],"picked":"PiercingWail","floor":24.0},{"not_picked":["Tactician+1"],"picked":"SKIP","floor":29.0},{"not_picked":[],"picked":"Noxious Fumes+1","floor":31.0},{"not_picked":[],"picked":"Corpse Explosion+1","floor":33.0},{"not_picked":["Quick Slash+1"],"picked":"SKIP","floor":35.0},{"not_picked":[],"picked":"Crippling Poison+1","floor":36.0},{"not_picked":["Cloak And Dagger+1"],"picked":"SKIP","floor":37.0},{"not_picked":["Sucker Punch+1"],"picked":"SKIP","floor":39.0},{"not_picked":["Tactician+1"],"picked":"SKIP","floor":41.0},{"not_picked":["Blur+1"],"picked":"SKIP","floor":42.0},{"not_picked":["Concentrate+1"],"picked":"SKIP","floor":44.0},{"not_picked":[],"picked":"Jack Of All Trades+1","floor":45.0},{"not_picked":["Sucker Punch"],"picked":"SKIP","floor":48.0}],"player_experience":902398,"relics_obtained":[{"floor":9.0,"key":"Mercury Hourglass"},{"floor":11.0,"key":"Odd Mushroom"},{"floor":13.0,"key":"Strawberry"},{"floor":24.0,"key":"Toxic Egg 2"},{"floor":26.0,"key":"Darkstone Periapt"},{"floor":31.0,"key":"Bottled Lightning"},{"floor":36.0,"key":"Incense Burner"},{"floor":41.0,"key":"Kunai"},{"floor":43.0,"key":"Whetstone"}],"event_choices":[{"event_name":"Living Wall","player_choice":"Forget","floor":2.0,"damage_taken":0.0},{"event_name":"Golden Idol","player_choice":"Take Damage","floor":4.0,"damage_taken":0.0},{"event_name":"Mushrooms","player_choice":"Fought Mushrooms","floor":11.0,"damage_taken":0.0},{"event_name":"Nest","player_choice":"Stole From Cult","floor":19.0,"damage_taken":0.0},{"event_name":"Vampires","player_choice":"Became a vampire","floor":20.0,"damage_taken":0.0},{"event_name":"Addict","player_choice":"Obtained Relic","floor":21.0,"damage_taken":0.0},{"event_name":"Wheel of Change","player_choice":"Damage","floor":28.0,"damage_taken":0.0},{"event_name":"Mysterious Sphere","player_choice":"Fight","floor":36.0,"damage_taken":0.0},{"event_name":"SecretPortal","player_choice":"Rejected Portal.","floor":38.0,"damage_taken":0.0},{"event_name":"SensoryStone","player_choice":"Memory 1","floor":45.0,"damage_taken":0.0}],"is_beta":false,"boss_relics":[{"not_picked":["Pandora\u0027s Box","Fusion Hammer"],"picked":"Busted Crown"},{"not_picked":["Orrery","Velvet Choker"],"picked":"Runic Dome"}],"items_purged_floors":[47],"is_endless":false,"potions_floor_spawned":[6,11,13,18,29,31,42,48],"killed_by":"Time Eater","ascension_level":20}