{"gold_per_floor":[116,116,128,142,88,122,122,149,149,174,192,225,237,248,248,325,325,345,345,345,360,372,407,62,62,116,146,146,180,192,239,251,341,353,385,397,509,539,293,325,325,344,368,368,398,398,413,37,37,37],"floor_reached":50,"playtime":2755,"items_purged":["Normality","Regret"],"score":1227,"play_id":"e161d865-40cf-4668-9dbd-674f22daeaad","local_time":"20181122011923","is_ascension_mode":true,"campfire_choices":[{"data":"Bash","floor":7.0,"key":"SMITH"},{"data":"Armaments","floor":15.0,"key":"SMITH"},{"data":"J.A.X.","floor":25.0,"key":"SMITH"},{"data":"Disarm","floor":28.0,"key":"SMITH"},{"data":"Sword Boomerang","floor":30.0,"key":"SMITH"},{"floor":32.0,"key":"REST"},{"data":"1","floor":41,"key":"LIFT"},{"data":"2","floor":46,"key":"LIFT"},{"data":"3","floor":49,"key":"LIFT"}],"neow_cost":"NONE","seed_source_timestamp":621875336018981,"circlet_count":0,"master_deck":["AscendersBane","Strike_R","Strike_R","Strike_R","Strike_R","Defend_R","Defend_R","Defend_R","Defend_R","Bash+1","Anger","Battle Trance","Clothesline","Ghostly Armor","Iron Wave","Dropkick","Headbutt","Armaments+1","Disarm+1","Reaper","Thunderclap","J.A.X.+1","Reaper","Havoc","Whirlwind","Offering","Clothesline+1","Sword Boomerang+1","True Grit","Impervious","Injury","Clumsy","Cleave+1","Madness","Madness","Flame Barrier","Combust","Apotheosis","Warcry","Battle Trance+1","Master of Strategy","Sword Boomerang+1"],"special_seed":0,"relics":["Burning Blood","NeowsBlessing","Kunai","Red Skull","Gremlin Horn","Darkstone Periapt","Bronze Scales","Cursed Key","Mummified Hand","Sling","Happy Flower","Centennial Puzzle","MawBank","Nunchaku","Calling Bell","Omamori","Ornamental Fan","Girya","Ice Cream","Pear","Tiny Chest","Paper Frog"],"potions_floor_usage":[38,42],"damage_taken":[{"damage":0.0,"enemies":"Small Slimes","floor":1.0,"turns":1.0},{"damage":0.0,"enemies":"Cultist","floor":3.0,"turns":1.0},{"damage":0.0,"enemies":"2 Louse","floor":4.0,"turns":1.0},{"damage":30.0,"enemies":"Lagavulin","floor":6.0,"turns":6.0},{"damage":24.0,"enemies":"Gremlin Nob","floor":8.0,"turns":4.0},{"damage":10.0,"enemies":"3 Sentries","floor":10.0,"turns":7.0},{"damage":0.0,"enemies":"Large Slime","floor":11.0,"turns":3.0},{"damage":8.0,"enemies":"Gremlin Nob","floor":12.0,"turns":3.0},{"damage":0.0,"enemies":"Lots of Slimes","floor":13.0,"turns":2.0},{"damage":6.0,"enemies":"Looter","floor":14.0,"turns":3.0},{"damage":5.0,"enemies":"Hexaghost","floor":16.0,"turns":9.0},{"damage":0.0,"enemies":"Chosen","floor":18.0,"turns":6.0},{"damage":28.0,"enemies":"3 Byrds","floor":21.0,"turns":4.0},{"damage":16.0,"enemies":"Centurion and Healer","floor":22.0,"turns":7.0},{"damage":23.0,"enemies":"Slavers","floor":23.0,"turns":5.0},{"damage":40.0,"enemies":"Book of Stabbing","floor":27.0,"turns":4.0},{"damage":30.0,"enemies":"Slavers","floor":29.0,"turns":3.0},{"damage":40.0,"enemies":"Book of Stabbing","floor":31.0,"turns":5.0},{"damage":42.0,"enemies":"Champ","floor":33.0,"turns":12.0},{"damage":25.0,"enemies":"Orb Walker","floor":35.0,"turns":5.0},{"damage":22.0,"enemies":"Mind Bloom Boss Battle","floor":37.0,"turns":8.0},{"damage":10,"enemies":"3 Darklings","floor":38,"turns":2},{"damage":34,"enemies":"Giant Head","floor":40,"turns":7},{"damage":28,"enemies":"Maw","floor":42,"turns":7},{"damage":22,"enemies":"Transient","floor":47,"turns":6},{"damage":87,"enemies":"Time Eater","floor":50,"turns":11}],"seed_played":"4722593687751824151","potions_obtained":[{"floor":6.0,"key":"Energy Potion"},{"floor":10.0,"key":"AttackPotion"},{"floor":14.0,"key":"PowerPotion"},{"floor":16.0,"key":"Strength Potion"},{"floor":21.0,"key":"Swift Potion"},{"floor":27.0,"key":"PowerPotion"},{"floor":31.0,"key":"Weak Potion"},{"floor":33.0,"key":"Explosive Potion"},{"floor":35.0,"key":"AttackPotion"},{"floor":38,"key":"Regen Potion"},{"floor":40,"key":"SkillPotion"},{"floor":47,"key":"PowerPotion"}],"is_trial":false,"path_per_floor":["M","?","M","M","$","E","R","E","T","E","M","E","M","M","R","B",null,"M","?","?","M","M","E","$","R","T","E","R","E","R","E","R","B",null,"M","?","?","M","$","E","R","M","T","?","?","R","M","$","R","B"],"character_chosen":"IRONCLAD","items_purchased":["Weak Potion","Offering","Sling","Swift Potion","Apotheosis","Paper Frog"],"campfire_rested":1,"item_purchase_floors":[5,24,24,24,39,48],"current_hp_per_floor":[74,74,75,75,75,51,51,33,33,29,35,33,39,39,39,40,66,75,75,75,56,73,74,74,74,80,64,64,67,67,39,63,43,90,75,57,60,98,98,105,105,92,92,82,82,82,66,66,66,0],"gold":37,"neow_bonus":"THREE_ENEMY_KILL","is_prod":false,"is_daily":false,"chose_seed":false,"campfire_upgraded":5,"win_rate":0,"timestamp":1542867563,"path_taken":["M","?","M","?","$","E","R","E","T","E","M","E","M","M","R","BOSS","M","?","?","M","?","E","$","R","T","E","R","E","R","E","R","BOSS","M","?","?","?","$","E","R","M","T","?","?","R","?","$","R","BOSS"],"build_version":"2018-11-15","purchased_purges":2,"victory":false,"max_hp_per_floor":[75,75,75,75,75,75,75,75,75,75,75,75,75,75,75,75,75,75,75,75,75,75,75,75,75,81,81,81,81,81,81,81,81,99,99,99,99,99,99,109,109,109,109,109,109,109,109,109,109,109],"card_choices":[{"not_picked":["Flex","Body Slam"],"picked":"Anger","floor":1.0},{"not_picked":["Wild Strike","Sword Boomerang"],"picked":"Battle Trance","floor":3.0},{"not_picked":["Battle Trance","Twin Strike"],"picked":"Clothesline","floor":4.0},{"not_picked":["Rampage","Clash"],"picked":"Ghostly Armor","floor":6.0},{"not_picked":["Clothesline","Inflame"],"picked":"Iron Wave","floor":8.0},{"not_picked":["Armaments","Battle Trance"],"picked":"Dropkick","floor":10.0},{"not_picked":["Dual Wield","Anger"],"picked":"Headbutt","floor":11.0},{"not_picked":["Brutality","Cleave"],"picked":"Armaments","floor":12.0},{"not_picked":["Intimidate","Clash"],"picked":"Disarm","floor":13.0},{"not_picked":["Seeing Red","Carnage","Flex"],"picked":"SKIP","floor":14.0},{"not_picked":["Brutality","Bludgeon"],"picked":"Reaper","floor":16.0},{"not_picked":["Havoc","Rupture"],"picked":"Thunderclap","floor":18.0},{"not_picked":["Twin Strike","Sentinel","Perfected Strike"],"picked":"SKIP","floor":21.0},{"not_picked":["Armaments","Hemokinesis"],"picked":"Havoc","floor":22.0},{"not_picked":["Warcry","Clothesline"],"picked":"Whirlwind","floor":23.0},{"not_picked":["Anger","Reaper"],"picked":"Clothesline+1","floor":27.0},{"not_picked":["Metallicize+1","Blood for Blood"],"picked":"Sword Boomerang","floor":29.0},{"not_picked":["Clothesline","Havoc"],"picked":"True Grit","floor":31.0},{"not_picked":["Brutality","Dark Embrace"],"picked":"Impervious","floor":33.0},{"not_picked":["Clash","Warcry"],"picked":"Cleave+1","floor":35.0},{"not_picked":["Flex+1","Body Slam"],"picked":"Flame Barrier","floor":37.0},{"not_picked":["Flex","Twin Strike"],"picked":"Combust","floor":38},{"not_picked":["Sever Soul+1","Entrench"],"picked":"Warcry","floor":40},{"not_picked":["Reaper","Body Slam"],"picked":"Battle Trance+1","floor":42},{"not_picked":["Dark Shackles","Finesse"],"picked":"Master of Strategy","floor":44},{"not_picked":["Rage","Havoc"],"picked":"Sword Boomerang+1","floor":47}],"player_experience":895658,"relics_obtained":[{"floor":6.0,"key":"Kunai"},{"floor":8.0,"key":"Red Skull"},{"floor":9.0,"key":"Gremlin Horn"},{"floor":10.0,"key":"Darkstone Periapt"},{"floor":12.0,"key":"Bronze Scales"},{"floor":23.0,"key":"Mummified Hand"},{"floor":26.0,"key":"Happy Flower"},{"floor":27.0,"key":"Centennial Puzzle"},{"floor":29.0,"key":"MawBank"},{"floor":31.0,"key":"Nunchaku"},{"floor":34.0,"key":"Omamori"},{"floor":34.0,"key":"Ornamental Fan"},{"floor":34.0,"key":"Girya"},{"floor":37.0,"key":"Ice Cream"},{"floor":40,"key":"Pear"}],"event_choices":[{"cards_removed":["Strike_R"],"damage_healed":0.0,"max_hp_gain":0.0,"max_hp_loss":0.0,"gold_gain":0.0,"event_name":"Purifier","player_choice":"Purged","floor":2.0,"gold_loss":0.0,"damage_taken":0.0},{"damage_healed":0.0,"max_hp_gain":0.0,"max_hp_loss":0.0,"gold_gain":0.0,"event_name":"Drug Dealer","player_choice":"Obtain J.A.X.","floor":19.0,"gold_loss":0.0,"damage_taken":0.0,"cards_obtained":["J.A.X."]},{"damage_healed":0.0,"max_hp_gain":0.0,"max_hp_loss":0.0,"gold_gain":0.0,"event_name":"Duplicator","player_choice":"Copied","floor":20.0,"gold_loss":0.0,"damage_taken":0.0,"cards_obtained":["Reaper"]},{"damage_healed":0.0,"max_hp_gain":0.0,"max_hp_loss":0.0,"gold_gain":0.0,"event_name":"Winding Halls","player_choice":"Embrace Madness","floor":36.0,"gold_loss":0.0,"damage_taken":18.0,"cards_obtained":["Madness","Madness"]},{"damage_healed":0.0,"max_hp_gain":0.0,"max_hp_loss":0.0,"gold_gain":0.0,"event_name":"MindBloom","player_choice":"Fight","floor":37.0,"gold_loss":0.0,"damage_taken":0.0},{"damage_healed":0,"gold_gain":0,"player_choice":"Memory 3","damage_taken":10,"max_hp_gain":0,"max_hp_loss":0,"event_name":"SensoryStone","floor":44,"gold_loss":0},{"damage_healed":0,"gold_gain":0,"player_choice":"Gave Potion","damage_taken":0,"relics_obtained":["Tiny Chest"],"max_hp_gain":0,"max_hp_loss":0,"event_name":"WeMeetAgain","floor":45,"gold_loss":0}],"is_beta":true,"boss_relics":[{"not_picked":["Runic Cube","Black Blood"],"picked":"Cursed Key"},{"not_picked":["Runic Dome","Empty Cage"],"picked":"Calling Bell"}],"items_purged_floors":[39,48],"is_endless":false,"potions_floor_spawned":[6,10,14,16,21,22,27,31,33,35,38,40,47],"killed_by":"Time Eater","ascension_level":20}