{"path_per_floor":["M","M","M","M","M","R","M","R","T","?","M","$","M","?","R","B",null,"M","M","?","$","M","R"],"character_chosen":"THE_SILENT","items_purchased":["Panacea"],"gold_per_floor":[111,124,142,154,174,174,191,191,191,141,158,66,83,83,83,187,187,201,182,182,107,126,126],"floor_reached":24,"campfire_rested":1,"playtime":1062,"current_hp_per_floor":[63,58,58,55,51,51,34,34,34,34,29,29,19,19,37,2,63,52,43,43,43,27,27],"items_purged":["Strike_G"],"gold":126,"score":202,"play_id":"37902ede-e34b-4beb-a5eb-63c8a579d5ba","is_prod":false,"is_daily":false,"is_ascension_mode":true,"campfire_upgraded":0,"path_taken":["M","M","M","M","M","R","M","R","T","?","M","$","M","?","R","BOSS","M","M","?","$","M","R","E"],"build_version":"2018-02-21-BETA5","purchased_purges":1,"victory":false,"master_deck":["Defend_G","Defend_G","Defend_G","Defend_G","Defend_G","Strike_G","Strike_G","Strike_G","Survivor","Neutralize","Quick Slash","Outmaneuver","Quick Slash","Wraith Form","Caltrops","Leg Sweep","Expertise","Panacea","Dagger Spray","After Image","Acrobatics+1","Predator"],"max_hp_per_floor":[63,63,63,63,63,63,63,63,63,63,63,63,63,63,63,63,63,63,63,63,63,63,63],"relics":["Ring of the Snake","Girya","Peace Pipe","Sozu"],"card_choices":[{"not_picked":["Prepared","PiercingWail"],"picked":"Quick Slash"},{"not_picked":["Cloak And Dagger","Underhanded Strike"],"picked":"Outmaneuver"},{"not_picked":["Prepared","PiercingWail"],"picked":"Quick Slash"},{"not_picked":["Prepared","Caltrops"],"picked":"Wraith Form"},{"not_picked":["Dagger Throw","Dodge and Roll"],"picked":"Caltrops"},{"not_picked":["Slice","Sucker Punch"],"picked":"Leg Sweep"},{"not_picked":["Bane","Envenom"],"picked":"Expertise"},{"not_picked":["Sucker Punch","Blade Dance"],"picked":"Dagger Spray"},{"not_picked":["Burst","Glass Knife"],"picked":"After Image"},{"not_picked":["Slice","Sucker Punch"],"picked":"Acrobatics"}],"player_experience":44450,"potions_floor_usage":[7,16],"damage_taken":[{"damage":0,"enemies":"Cultist","floor":1,"turns":4},{"damage":5,"enemies":"Small Slimes","floor":2,"turns":4},{"damage":0,"enemies":"Jaw Worm","floor":3,"turns":4},{"damage":3,"enemies":"Blue Slaver","floor":4,"turns":4},{"damage":4,"enemies":"Looter","floor":5,"turns":4},{"damage":17,"enemies":"Exordium Thugs","floor":7,"turns":4},{"damage":5,"enemies":"3 Louse","floor":11,"turns":3},{"damage":10,"enemies":"2 Fungi Beasts","floor":13,"turns":3},{"damage":35,"enemies":"Slime Boss","floor":16,"turns":12},{"damage":11,"enemies":"Chosen","floor":18,"turns":6},{"damage":9,"enemies":"2 Thieves","floor":19,"turns":4},{"damage":16,"enemies":"Chosen and Byrds","floor":22,"turns":6},{"damage":27,"enemies":"Book of Stabbing","floor":24,"turns":7}],"event_choices":[{"event_name":"The Cleric","player_choice":"Card Removal","floor":10,"damage_taken":0},{"event_name":"Shining Light","player_choice":"Ignored","floor":14,"damage_taken":0},{"event_name":"The Library","player_choice":"Read","floor":20,"damage_taken":0}],"boss_relics":[{"not_picked":["Astrolabe","Question Card"],"picked":"Sozu"}],"potions_floor_spawned":[4,5,13,19,22],"seed_played":"-5698452110872226306","killed_by":"Book of Stabbing","ascension_level":1,"is_trial":false}