{"gold_per_floor":[117,133,133,110,128,49,81,97,122,142,154,154,184,194,194,194],"floor_reached":16,"playtime":528,"items_purged":[],"score":125,"play_id":"79e40879-b44a-4ec4-8b4f-91abb09ecc45","local_time":"20190312040452","is_ascension_mode":true,"campfire_choices":[{"floor":15,"key":"REST"}],"neow_cost":"NONE","seed_source_timestamp":336238340596981,"circlet_count":0,"master_deck":["Strike_R","Strike_R","Strike_R","Strike_R","Strike_R","Defend_R","Defend_R","Defend_R","Defend_R","Bash","Cleave","Twin Strike+1","Shrug It Off","Corruption","Thunderclap","Perfected Strike","Searing Blow","Reaper"],"relics":["Burning Blood","NeowsBlessing","Centennial Puzzle","Bag of Marbles","Anchor"],"potions_floor_usage":[11,13,13,14,16],"damage_taken":[{"damage":0,"enemies":"Cultist","floor":1,"turns":1},{"damage":0,"enemies":"2 Louse","floor":2,"turns":1},{"damage":0,"enemies":"Small Slimes","floor":5,"turns":1},{"damage":45,"enemies":"3 Sentries","floor":7,"turns":10},{"damage":13,"enemies":"Blue Slaver","floor":8,"turns":2},{"damage":11,"enemies":"Looter","floor":10,"turns":2},{"damage":1,"enemies":"2 Fungi Beasts","floor":11,"turns":3},{"damage":23,"enemies":"Lagavulin","floor":13,"turns":4},{"damage":0,"enemies":"Large Slime","floor":14,"turns":4},{"damage":67,"enemies":"The Guardian","floor":16,"turns":10}],"seed_played":"4385595079079751220","potions_obtained":[{"floor":7,"key":"Dexterity Potion"},{"floor":10,"key":"Weak Potion"},{"floor":11,"key":"Weak Potion"},{"floor":12,"key":"FairyPotion"},{"floor":12,"key":"SkillPotion"},{"floor":12,"key":"Energy Potion"},{"floor":13,"key":"Explosive Potion"},{"floor":14,"key":"EssenceOfSteel"}],"is_trial":false,"path_per_floor":["M","M","?","$","M","$","E","M","T","M","M","?","E","M","R","B"],"character_chosen":"IRONCLAD","items_purchased":["Shrug It Off","Corruption"],"campfire_rested":1,"item_purchase_floors":[4,6],"current_hp_per_floor":[80,80,80,80,80,80,41,34,34,29,34,34,17,27,51,0],"gold":194,"neow_bonus":"THREE_ENEMY_KILL","is_prod":false,"is_daily":false,"chose_seed":false,"campfire_upgraded":0,"win_rate":0,"timestamp":1552388692,"path_taken":["M","?","?","$","M","$","E","?","T","?","M","?","E","M","R","BOSS"],"build_version":"2019-01-23","purchased_purges":0,"victory":false,"max_hp_per_floor":[80,80,80,80,80,80,80,80,80,80,80,80,80,80,80,80],"card_choices":[{"not_picked":["Headbutt","Carnage"],"picked":"Cleave","floor":1},{"not_picked":["Clash","Havoc"],"picked":"Twin Strike","floor":2},{"not_picked":["Armaments","Flame Barrier","Flex"],"picked":"SKIP","floor":5},{"not_picked":["True Grit","Pummel"],"picked":"Thunderclap","floor":7},{"not_picked":["Power Through","Pommel Strike"],"picked":"Perfected Strike","floor":8},{"not_picked":["Thunderclap","Dual Wield"],"picked":"Searing Blow","floor":10},{"not_picked":["Reckless Charge","Hemokinesis","Pommel Strike"],"picked":"SKIP","floor":11},{"not_picked":["Rupture","Perfected Strike"],"picked":"Reaper","floor":13},{"not_picked":["Shockwave","Sword Boomerang","Headbutt"],"picked":"SKIP","floor":14}],"player_experience":327379,"relics_obtained":[{"floor":7,"key":"Centennial Puzzle"},{"floor":9,"key":"Bag of Marbles"},{"floor":13,"key":"Anchor"}],"event_choices":[{"damage_healed":0,"gold_gain":0,"player_choice":"Forge","damage_taken":0,"max_hp_gain":0,"max_hp_loss":0,"event_name":"Accursed Blacksmith","floor":3,"gold_loss":0,"cards_upgraded":["Twin Strike"]},{"damage_healed":0,"gold_gain":0,"player_choice":"Got Potions","damage_taken":0,"max_hp_gain":0,"max_hp_loss":0,"event_name":"Lab","floor":12,"gold_loss":0}],"is_beta":false,"boss_relics":[],"items_purged_floors":[],"is_endless":false,"potions_floor_spawned":[7,10,11,13,14],"killed_by":"The Guardian","ascension_level":2}