{"gold_per_floor":[13,13,28,28,47,47,78,228,228,228],"floor_reached":10,"playtime":342,"items_purged":[],"score":132,"play_id":"a2fb7ea2-fa27-4346-bb8a-42d8796d5a34","local_time":"20190317122156","is_ascension_mode":true,"campfire_choices":[{"data":"Deadly Poison","floor":6,"key":"SMITH"}],"neow_cost":"NO_GOLD","seed_source_timestamp":374427779283693,"circlet_count":0,"master_deck":["AscendersBane","Defend_G","Defend_G+1","Defend_G","Defend_G","Defend_G","Strike_G","Strike_G","Strike_G","Strike_G","Strike_G+1","Survivor","Neutralize+1","Backflip","Deadly Poison+1","Dodge and Roll","Crippling Poison","Backflip","Backflip","Doubt"],"relics":["Ring of the Snake","Prayer Wheel","Shuriken","Ice Cream"],"potions_floor_usage":[7],"damage_taken":[{"damage":1,"enemies":"Small Slimes","floor":1,"turns":6},{"damage":2,"enemies":"2 Louse","floor":3,"turns":3},{"damage":0,"enemies":"Jaw Worm","floor":5,"turns":5},{"damage":32,"enemies":"Gremlin Nob","floor":7,"turns":5},{"damage":4,"enemies":"3 Louse","floor":10,"turns":3}],"seed_played":"-7869483932281866157","potions_obtained":[{"floor":1,"key":"Ancient Potion"}],"is_trial":false,"path_per_floor":["M","?","M","?","M","R","E","?","T","M"],"character_chosen":"THE_SILENT","items_purchased":[],"campfire_rested":0,"item_purchase_floors":[],"current_hp_per_floor":[58,58,56,36,36,36,4,4,4,0],"gold":228,"neow_bonus":"ONE_RARE_RELIC","is_prod":false,"is_daily":false,"chose_seed":false,"campfire_upgraded":1,"win_rate":0,"timestamp":1552839716,"path_taken":["M","?","M","?","M","R","E","?","T","?"],"build_version":"2019-03-15","purchased_purges":0,"victory":false,"max_hp_per_floor":[66,66,66,66,66,66,66,66,66,66],"card_choices":[{"not_picked":["Acrobatics","Heel Hook"],"picked":"Backflip","floor":1},{"not_picked":["Bane","Accuracy","Outmaneuver"],"picked":"SKIP","floor":1},{"not_picked":["Blur","Tools of the Trade"],"picked":"Deadly Poison","floor":3},{"not_picked":["Setup","Outmaneuver"],"picked":"Dodge and Roll","floor":3},{"not_picked":["Calculated Gamble","Flying Knee"],"picked":"Crippling Poison","floor":5},{"not_picked":["Eviscerate","Flying Knee"],"picked":"Backflip","floor":5},{"not_picked":["Riddle With Holes","Slice"],"picked":"Backflip","floor":7}],"player_experience":1122228,"relics_obtained":[{"floor":7,"key":"Shuriken"},{"floor":9,"key":"Ice Cream"}],"event_choices":[{"damage_healed":0,"gold_gain":0,"player_choice":"Grow","damage_taken":0,"max_hp_gain":0,"max_hp_loss":0,"event_name":"Living Wall","floor":2,"gold_loss":0,"cards_upgraded":["Neutralize"]},{"damage_healed":0,"gold_gain":0,"player_choice":"Entered Light","damage_taken":20,"max_hp_gain":0,"max_hp_loss":0,"event_name":"Shining Light","floor":4,"gold_loss":0,"cards_upgraded":["Strike_G","Defend_G"]},{"damage_healed":0,"gold_gain":150,"player_choice":"AGREE","damage_taken":0,"max_hp_gain":0,"max_hp_loss":0,"event_name":"Liars Game","floor":8,"gold_loss":0,"cards_obtained":["Doubt"]}],"is_beta":true,"boss_relics":[],"items_purged_floors":[],"is_endless":false,"potions_floor_spawned":[1],"killed_by":"3 Louse","ascension_level":20}