{"gold_per_floor":[116,116,116,135,155,190,210,210,210,210,245,262,262,297,297,371,371,381,70,120,130,142,142,57,57,57],"floor_reached":26,"playtime":618,"items_purged":[],"score":552,"play_id":"5f959388-2e0c-4e02-b86d-aa6f910cc9f2","local_time":"20181105100021","is_ascension_mode":true,"campfire_choices":[{"floor":8,"key":"REST"},{"data":"Lockon","floor":15,"key":"SMITH"},{"floor":23,"key":"REST"}],"neow_cost":"NONE","seed_source_timestamp":176791575404411,"circlet_count":0,"master_deck":["AscendersBane","Strike_B","Strike_B","Strike_B","Defend_B","Defend_B","Defend_B","Defend_B","Zap+1","Dualcast","Lockon+1","Ball Lightning","Beam Cell","Biased Cognition","All For One","Sunder","Loop+1"],"relics":["Cracked Core","Bag of Marbles","Darkstone Periapt","Symbiotic Virus","Singing Bowl","Pen Nib","Bottled Lightning","Snecko Eye","ClockworkSouvenir","Smiling Mask","PreservedInsect"],"potions_floor_usage":[6,18],"damage_taken":[{"damage":7,"enemies":"Jaw Worm","floor":1,"turns":3},{"damage":0,"enemies":"Small Slimes","floor":4,"turns":3},{"damage":0,"enemies":"Cultist","floor":5,"turns":2},{"damage":7,"enemies":"Gremlin Nob","floor":6,"turns":3},{"damage":12,"enemies":"Exordium Wildlife","floor":7,"turns":3},{"damage":15,"enemies":"3 Sentries","floor":11,"turns":4},{"damage":0,"enemies":"2 Fungi Beasts","floor":12,"turns":2},{"damage":11,"enemies":"Gremlin Nob","floor":14,"turns":3},{"damage":0,"enemies":"Slime Boss","floor":16,"turns":3},{"damage":7,"enemies":"3 Byrds","floor":18,"turns":3},{"damage":6,"enemies":"Spheric Guardian","floor":21,"turns":3},{"damage":54,"enemies":"Shelled Parasite and Fungi","floor":22,"turns":5}],"seed_played":"5567741065531039746","potions_obtained":[{"floor":1,"key":"Strength Potion"},{"floor":12,"key":"Dexterity Potion"},{"floor":14,"key":"Block Potion"},{"floor":22,"key":"GamblersBrew"}],"is_trial":false,"path_per_floor":["M","?","?","M","M","E","M","R","T","?","E","M","T","E","R","B",null,"M","$","?","M","M","R","?","?","T"],"character_chosen":"DEFECT","items_purchased":["ClockworkSouvenir","Sunder"],"campfire_rested":2,"item_purchase_floors":[19,19],"current_hp_per_floor":[57,50,50,50,50,43,31,52,52,57,44,46,46,37,37,37,71,66,66,66,60,8,33,33,33,33],"gold":57,"neow_bonus":"RANDOM_COMMON_RELIC","is_prod":false,"is_daily":false,"chose_seed":false,"campfire_upgraded":1,"win_rate":0,"timestamp":1541430021,"path_taken":["M","?","?","M","?","E","M","R","T","?","E","M","?","E","R","BOSS","M","$","?","?","M","R","?","?","T"],"build_version":"2018-11-02","purchased_purges":0,"victory":false,"max_hp_per_floor":[71,71,71,71,71,71,71,71,71,76,78,80,80,82,82,82,82,84,84,84,84,86,86,86,86,86],"card_choices":[{"not_picked":["Blizzard","Compile Driver"],"picked":"Lockon","floor":1},{"not_picked":["Consume","Leap"],"picked":"Ball Lightning","floor":4},{"not_picked":["Turbo","Beam Cell","Gash"],"picked":"SKIP","floor":5},{"not_picked":["Turbo","Gash"],"picked":"Beam Cell","floor":5},{"not_picked":["Beam Cell","Chill"],"picked":"Biased Cognition","floor":6},{"not_picked":["Static Discharge","Barrage","Redo"],"picked":"SKIP","floor":7},{"not_picked":["Gash","Loop","Recycle"],"picked":"Singing Bowl","floor":11},{"not_picked":["Streamline","Meteor Strike","Darkness"],"picked":"Singing Bowl","floor":12},{"not_picked":["Heatsinks","Double Energy","Auto Shields"],"picked":"Singing Bowl","floor":14},{"not_picked":["Reboot","Meteor Strike"],"picked":"All For One","floor":16},{"not_picked":["Rebound","Storm","Redo"],"picked":"Singing Bowl","floor":18},{"not_picked":["Stack","Beam Cell"],"picked":"Loop+1","floor":21},{"not_picked":["Darkness","Go for the Eyes","Coolheaded"],"picked":"Singing Bowl","floor":22}],"player_experience":851868,"relics_obtained":[{"floor":6,"key":"Darkstone Periapt"},{"floor":9,"key":"Symbiotic Virus"},{"floor":11,"key":"Singing Bowl"},{"floor":13,"key":"Pen Nib"},{"floor":14,"key":"Bottled Lightning"},{"floor":26,"key":"PreservedInsect"}],"event_choices":[{"cards_removed":["Strike_B"],"damage_healed":0,"gold_gain":0,"player_choice":"Card Removal","damage_taken":7,"max_hp_gain":0,"max_hp_loss":0,"event_name":"Golden Wing","floor":2,"gold_loss":0},{"damage_healed":0,"gold_gain":0,"player_choice":"Upgraded","damage_taken":0,"max_hp_gain":0,"max_hp_loss":0,"event_name":"Upgrade Shrine","floor":3,"gold_loss":0,"cards_upgraded":["Zap"]},{"damage_healed":0,"gold_gain":0,"player_choice":"Donut","damage_taken":0,"max_hp_gain":5,"max_hp_loss":0,"event_name":"Big Fish","floor":10,"gold_loss":0},{"damage_healed":0,"gold_gain":50,"player_choice":"Pray","damage_taken":0,"max_hp_gain":0,"max_hp_loss":0,"event_name":"Golden Shrine","floor":20,"gold_loss":0},{"damage_healed":0,"gold_gain":0,"player_choice":"Obtained Relic","damage_taken":0,"relics_obtained":["Smiling Mask"],"max_hp_gain":0,"max_hp_loss":0,"event_name":"Addict","floor":24,"gold_loss":85},{"damage_healed":0,"gold_gain":0,"player_choice":"Ignored","damage_taken":0,"max_hp_gain":0,"max_hp_loss":0,"event_name":"Ghosts","floor":25,"gold_loss":0}],"is_beta":true,"boss_relics":[{"not_picked":["Fusion Hammer","Tiny House"],"picked":"Snecko Eye"}],"items_purged_floors":[],"is_endless":false,"potions_floor_spawned":[1,12,14,16,22],"ascension_level":20}