{"gold_per_floor":[118,168,179,192,192,221,240,240,292,322,322,333,333,333,333,333],"floor_reached":16,"playtime":415,"items_purged":[],"score":220,"play_id":"fb468b7c-7109-4dc7-adfb-ac7238330b07","local_time":"20190218090926","is_ascension_mode":true,"campfire_choices":[{"floor":8.0,"key":"REST"},{"floor":15,"key":"REST"}],"neow_cost":"NONE","seed_source_timestamp":401426834511478,"circlet_count":0,"master_deck":["AscendersBane","Strike_B","Strike_B","Strike_B","Strike_B","Defend_B","Defend_B","Defend_B","Defend_B","Zap","Dualcast","Impatience","Streamline","Rebound","Auto Shields","Gash","Conserve Battery","Sunder","Decay","Steam"],"special_seed":0,"relics":["Cracked Core","Ornamental Fan","Bag of Marbles","PreservedInsect"],"potions_floor_usage":[],"damage_taken":[{"damage":0.0,"enemies":"2 Louse","floor":1.0,"turns":1.0},{"damage":1.0,"enemies":"Cultist","floor":3.0,"turns":3.0},{"damage":7.0,"enemies":"Jaw Worm","floor":4.0,"turns":3.0},{"damage":32.0,"enemies":"Gremlin Nob","floor":6.0,"turns":4.0},{"damage":1.0,"enemies":"3 Louse","floor":7.0,"turns":3.0},{"damage":31.0,"enemies":"Lagavulin","floor":10.0,"turns":8.0},{"damage":8.0,"enemies":"Blue Slaver","floor":12.0,"turns":2.0},{"damage":0,"enemies":"Hexaghost","floor":16,"turns":1}],"seed_played":"772388697381590709","potions_obtained":[{"floor":6.0,"key":"SneckoOil"},{"floor":10.0,"key":"PowerPotion"},{"floor":12.0,"key":"PowerPotion"}],"is_trial":false,"path_per_floor":["M","?","M","M","?","E","M","R","T","E","?","M","?","?","R","B"],"character_chosen":"DEFECT","items_purchased":[],"campfire_rested":2,"item_purchase_floors":[],"current_hp_per_floor":[64,57,56,49,54,22,21,43,43,12,12,4,4,4,26,26],"gold":333,"neow_bonus":"RANDOM_COLORLESS","is_prod":false,"is_daily":false,"chose_seed":false,"campfire_upgraded":0,"win_rate":0,"timestamp":1550498966,"path_taken":["M","?","M","?","?","E","M","R","T","E","?","?","?","?","R","BOSS"],"build_version":"2019-02-06","purchased_purges":0,"victory":false,"max_hp_per_floor":[71,71,71,71,76,76,76,76,76,76,76,76,76,76,76,76],"card_choices":[{"not_picked":["Beam Cell","Reprogram"],"picked":"Streamline","floor":1.0},{"not_picked":["Coolheaded","Scrape"],"picked":"Rebound","floor":3.0},{"not_picked":["Loop","Stack"],"picked":"Auto Shields","floor":4.0},{"not_picked":["Stack","Fusion"],"picked":"Gash","floor":6.0},{"not_picked":["Fission","Barrage"],"picked":"Conserve Battery","floor":7.0},{"not_picked":["Leap","Self Repair"],"picked":"Sunder","floor":10.0},{"not_picked":["Redo","Sweeping Beam"],"picked":"Steam","floor":12.0}],"player_experience":936821,"relics_obtained":[{"floor":6.0,"key":"Ornamental Fan"},{"floor":9.0,"key":"Bag of Marbles"},{"floor":10.0,"key":"PreservedInsect"}],"event_choices":[{"damage_healed":0.0,"max_hp_gain":0.0,"max_hp_loss":0.0,"gold_gain":50.0,"event_name":"FaceTrader","player_choice":"Touch","floor":2.0,"gold_loss":0.0,"damage_taken":7.0},{"damage_healed":0.0,"max_hp_gain":5.0,"max_hp_loss":0.0,"gold_gain":0.0,"event_name":"Big Fish","player_choice":"Donut","floor":5.0,"gold_loss":0.0,"damage_taken":0.0},{"damage_healed":0.0,"max_hp_gain":0.0,"max_hp_loss":0.0,"gold_gain":0.0,"event_name":"Wheel of Change","player_choice":"Cursed","floor":11.0,"gold_loss":0.0,"damage_taken":0.0,"cards_obtained":["Decay"]},{"damage_healed":0.0,"max_hp_gain":0.0,"max_hp_loss":0.0,"gold_gain":0.0,"event_name":"Scrap Ooze","player_choice":"Fled","floor":13.0,"gold_loss":0.0,"damage_taken":0.0},{"damage_healed":0,"gold_gain":0,"player_choice":"Searched \u00270\u0027 times","damage_taken":0,"max_hp_gain":0,"max_hp_loss":0,"event_name":"Dead Adventurer","floor":14,"gold_loss":0}],"is_beta":true,"boss_relics":[],"items_purged_floors":[],"is_endless":false,"potions_floor_spawned":[6,10,12],"killed_by":"Hexaghost","ascension_level":20}