{"path_per_floor":["M","M","M","T","M","E","R","E","T","?","M","$","R","$","R","B",null,"M","M","$","M","M","R","E","R","T","M","E","M","$","M","R","B",null,"M","M","M","M","M","R","E","R","T","R","M","E","$","E","R","B"],"character_chosen":"THE_SILENT","items_purchased":["Lantern","Backflip","Bandage Up","Noxious Fumes","Pear","Bouncing Flask"],"gold_per_floor":[112,122,137,137,147,180,180,208,208,208,227,152,152,8,8,108,108,121,137,11,31,41,41,75,75,101,117,148,167,30,47,47,152,152,164,183,199,217,232,232,258,258,258,258,274,309,23,48,48,48],"floor_reached":51,"campfire_rested":3,"playtime":3013,"current_hp_per_floor":[69,69,69,69,69,41,41,41,41,46,46,46,46,46,46,45,75,67,56,56,60,50,50,58,58,65,69,73,74,74,82,82,80,82,82,82,45,52,51,51,31,55,55,79,82,69,79,57,92,86],"items_purged":["Strike_G","Strike_G"],"gold":48,"score":958,"play_id":"a20a296a-1eef-4ca5-a311-a0006e10a8c9","local_time":"20180313041015","is_prod":false,"is_daily":false,"is_ascension_mode":true,"campfire_upgraded":7,"timestamp":1520928615,"path_taken":["M","M","M","?","M","E","R","E","T","?","M","$","R","$","R","BOSS","M","M","$","M","?","R","E","R","T","M","E","M","$","M","R","BOSS","M","M","M","M","M","R","E","R","T","R","M","E","$","E","R","BOSS"],"build_version":"2018-03-08-BETA","purchased_purges":2,"victory":true,"master_deck":["Defend_G","Defend_G","Defend_G","Defend_G","Defend_G","Strike_G","Strike_G","Survivor","Neutralize+1","Clumsy","Die Die Die+1","Backstab","Terror","Poisoned Stab+1","Backflip","Backflip","Dash+1","Unload","Envenom+1","Footwork+1","Flying Knee+1","Backflip","Poisoned Stab+1","PiercingWail","Escape Plan","Calculated Gamble+1","Backflip","PiercingWail","Bandage Up","Noxious Fumes+1","Terror+1","Bullet Time","Malaise+1","Noxious Fumes+1","Poisoned Stab+1","Backstab+1","Escape Plan+1","Crippling Poison","Catalyst+1","Adrenaline","Outmaneuver","Acrobatics","Bouncing Flask","Dodge and Roll","Sucker Punch+1"],"max_hp_per_floor":[70,70,70,70,70,70,70,70,70,75,75,75,75,75,75,75,75,75,75,75,75,75,75,75,75,82,82,82,82,82,82,82,82,82,82,82,82,82,82,82,82,82,82,82,82,82,92,92,92,92],"relics":["Ring of the Snake","Thread and Needle","Ancient Tea Set","Dream Catcher","Bird Faced Urn","Lantern","Sozu","Dodecahedron","Strawberry","Orichalcum","Runic Pyramid","Bag of Marbles","Whetstone","Regal Pillow","Pear","Prayer Wheel"],"card_choices":[{"not_picked":["Deadly Poison","PiercingWail"],"picked":"Backstab"},{"not_picked":["Prepared","Backflip"],"picked":"Terror"},{"not_picked":["Blur","Acrobatics"],"picked":"Poisoned Stab"},{"not_picked":["Slice","Deadly Poison"],"picked":"Backflip"},{"not_picked":["Bane","Quick Slash"],"picked":"Backflip"},{"not_picked":["Cloak And Dagger","All Out Attack"],"picked":"Dash"},{"not_picked":["Deadly Poison","Accuracy"],"picked":"Unload"},{"not_picked":["Wraith Form","Tools of the Trade"],"picked":"Envenom"},{"not_picked":["Flying Knee","Cloak And Dagger"],"picked":"Footwork"},{"not_picked":["Escape Plan","Crippling Poison"],"picked":"Flying Knee"},{"not_picked":["Malaise","Flechettes"],"picked":"Poisoned Stab"},{"not_picked":["Deflect","Bane"],"picked":"PiercingWail"},{"not_picked":["Blade Dance","Crippling Poison"],"picked":"Escape Plan"},{"not_picked":["Prepared","Acrobatics"],"picked":"Calculated Gamble"},{"not_picked":["Leg Sweep","Night Terror"],"picked":"Backflip"},{"not_picked":["Bane","Deflect"],"picked":"PiercingWail"},{"not_picked":["Deadly Poison","Heel Hook"],"picked":"Terror"},{"not_picked":["Envenom","Venomology"],"picked":"Bullet Time"},{"not_picked":["PiercingWail","Slice"],"picked":"Malaise"},{"not_picked":["Crippling Poison","Bane"],"picked":"Noxious Fumes"},{"not_picked":["Outmaneuver","Eviscerate"],"picked":"Poisoned Stab"},{"not_picked":["PiercingWail","Flying Knee"],"picked":"Backstab"},{"not_picked":["Blur","PiercingWail"],"picked":"Escape Plan"},{"not_picked":["Caltrops","Infinite Blades"],"picked":"Crippling Poison"},{"not_picked":["Outmaneuver","Bane"],"picked":"Catalyst"},{"not_picked":["Bane","Backflip"],"picked":"Adrenaline"},{"not_picked":["Choke","Dagger Spray"],"picked":"Outmaneuver"},{"not_picked":["Eviscerate","Flechettes"],"picked":"Acrobatics"},{"not_picked":["Skewer","Underhanded Strike"],"picked":"Dodge and Roll"},{"not_picked":["Cloak And Dagger","Dagger Throw"],"picked":"Sucker Punch"}],"player_experience":59282,"potions_floor_usage":[6,8,24,24],"damage_taken":[{"damage":1,"enemies":"Cultist","floor":1,"turns":3},{"damage":0,"enemies":"2 Louse","floor":2,"turns":2},{"damage":0,"enemies":"Small Slimes","floor":3,"turns":2},{"damage":0,"enemies":"2 Fungi Beasts","floor":5,"turns":2},{"damage":28,"enemies":"Lagavulin","floor":6,"turns":7},{"damage":0,"enemies":"3 Sentries","floor":8,"turns":7},{"damage":0,"enemies":"Gremlin Gang","floor":11,"turns":3},{"damage":1,"enemies":"The Guardian","floor":16,"turns":15},{"damage":8,"enemies":"3 Byrds","floor":18,"turns":5},{"damage":15,"enemies":"Spheric Guardian","floor":19,"turns":6},{"damage":0,"enemies":"Snecko","floor":21,"turns":4},{"damage":14,"enemies":"Cultist and Chosen","floor":22,"turns":6},{"damage":11,"enemies":"Slavers","floor":24,"turns":6},{"damage":0,"enemies":"Centurion and Healer","floor":27,"turns":5},{"damage":0,"enemies":"Gremlin Leader","floor":28,"turns":7},{"damage":3,"enemies":"Chosen and Byrds","floor":29,"turns":5},{"damage":0,"enemies":"3 Cultists","floor":31,"turns":5},{"damage":6,"enemies":"Collector","floor":33,"turns":10},{"damage":0,"enemies":"3 Darklings","floor":35,"turns":7},{"damage":0,"enemies":"Orb Walker","floor":36,"turns":5},{"damage":43,"enemies":"Flame Bruiser 2 Orb","floor":37,"turns":6},{"damage":5,"enemies":"4 Shapes","floor":38,"turns":6},{"damage":13,"enemies":"Sphere and 2 Shapes","floor":39,"turns":7},{"damage":30,"enemies":"2 Orb Walkers","floor":41,"turns":6},{"damage":0,"enemies":"3 Darklings","floor":45,"turns":4},{"damage":18,"enemies":"Nemesis","floor":46,"turns":7},{"damage":34,"enemies":"Giant Head","floor":48,"turns":10},{"damage":11,"enemies":"Time Eater","floor":50,"turns":11}],"event_choices":[{"event_name":"Big Fish","player_choice":"Donut","floor":10,"damage_taken":0}],"boss_relics":[{"not_picked":["Pandora\u0027s Box","Philosopher\u0027s Stone"],"picked":"Sozu"},{"not_picked":["Cursed Key","Snecko Eye"],"picked":"Runic Pyramid"}],"potions_floor_spawned":[3,5,6,11,18,22,27,29,37,39,48],"seed_played":"-4680382950529295641","ascension_level":1,"is_trial":false}