{"gold_per_floor":[118,133,144,244,244,276,276,276,331,348,348,359,377,389,389,487,487,507,524,539,20,20,20,20,20,43,43],"floor_reached":27,"playtime":1554,"items_purged":["Defend_G"],"score":217,"play_id":"944c04f7-da82-44c4-9aa1-4f3dd0ec5c47","local_time":"20190128075534","is_ascension_mode":false,"campfire_choices":[{"floor":8,"key":"REST"},{"floor":15,"key":"REST"},{"floor":23,"key":"REST"},{"data":"Sucker Punch","floor":25,"key":"SMITH"}],"neow_cost":"NONE","seed_source_timestamp":88850288118401,"circlet_count":0,"master_deck":["Defend_G","Defend_G","Defend_G","Defend_G","Strike_G","Strike_G","Strike_G","Strike_G","Survivor","Neutralize","Escape Plan","Footwork+1","Infinite Blades","Sucker Punch+1","Infinite Blades","Escape Plan","Sucker Punch+1","Infinite Blades","Writhe"],"relics":["Ring of the Snake","Sundial","Centennial Puzzle","HoveringKite","Paper Crane","HandDrill","Happy Flower","Juzu Bracelet"],"potions_floor_usage":[5,12,16,16,18],"damage_taken":[{"damage":2,"enemies":"Small Slimes","floor":1,"turns":4},{"damage":0,"enemies":"Cultist","floor":2,"turns":6},{"damage":0,"enemies":"2 Louse","floor":3,"turns":4},{"damage":0,"enemies":"2 Fungi Beasts","floor":5,"turns":1},{"damage":52,"enemies":"Gremlin Nob","floor":6,"turns":7},{"damage":0,"enemies":"Red Slaver","floor":10,"turns":6},{"damage":0,"enemies":"Large Slime","floor":12,"turns":6},{"damage":4,"enemies":"2 Fungi Beasts","floor":13,"turns":5},{"damage":4,"enemies":"3 Louse","floor":14,"turns":6},{"damage":39,"enemies":"The Guardian","floor":16,"turns":12},{"damage":20,"enemies":"Chosen","floor":18,"turns":9},{"damage":0,"enemies":"Shell Parasite","floor":19,"turns":9},{"damage":32,"enemies":"Snecko","floor":20,"turns":8},{"damage":40,"enemies":"Slavers","floor":27,"turns":4}],"seed_played":"-484710361024995690","potions_obtained":[{"floor":2,"key":"SmokeBomb"},{"floor":3,"key":"SpeedPotion"},{"floor":10,"key":"Strength Potion"},{"floor":11,"key":"SkillPotion"},{"floor":13,"key":"Poison Potion"},{"floor":18,"key":"SteroidPotion"},{"floor":19,"key":"Energy Potion"},{"floor":20,"key":"Fire Potion"}],"is_trial":false,"path_per_floor":["M","M","M","?","M","E","?","R","T","M","?","M","M","M","R","B",null,"M","M","M","$","?","R","$","R","T","E"],"character_chosen":"THE_SILENT","items_purchased":["Paper Crane","HandDrill"],"campfire_rested":3,"item_purchase_floors":[21,21],"current_hp_per_floor":[68,68,68,68,68,16,16,37,37,37,37,37,33,29,50,11,70,50,50,18,18,18,39,39,39,39,0],"gold":43,"neow_bonus":"TRANSFORM_CARD","is_prod":false,"is_daily":false,"chose_seed":false,"campfire_upgraded":1,"win_rate":0,"timestamp":1548690934,"path_taken":["M","M","M","?","?","E","?","R","T","M","?","M","M","?","R","BOSS","M","M","M","$","?","R","$","R","T","E"],"build_version":"2019-01-23","purchased_purges":1,"victory":false,"max_hp_per_floor":[70,70,70,70,70,70,70,70,70,70,70,70,70,70,70,70,70,70,70,70,70,70,70,70,70,70,70],"card_choices":[{"not_picked":["Bane","Acrobatics"],"picked":"Footwork","floor":1},{"not_picked":["Predator","Dagger Throw"],"picked":"Infinite Blades","floor":2},{"not_picked":["Flechettes","Bane","Glass Knife"],"picked":"SKIP","floor":3},{"not_picked":["Caltrops","Acrobatics","Storm of Steel"],"picked":"SKIP","floor":6},{"not_picked":["Dodge and Roll","Slice","Bouncing Flask"],"picked":"SKIP","floor":10},{"not_picked":["Leg Sweep","Catalyst"],"picked":"Sucker Punch","floor":12},{"not_picked":["Flechettes","Heel Hook"],"picked":"Infinite Blades","floor":13},{"not_picked":["Flying Knee","PiercingWail","Choke"],"picked":"SKIP","floor":14},{"not_picked":["PiercingWail","Bane"],"picked":"Escape Plan","floor":18},{"not_picked":["Prepared","Outmaneuver"],"picked":"Sucker Punch+1","floor":19},{"not_picked":["Dagger Throw","Cloak And Dagger"],"picked":"Infinite Blades","floor":20}],"player_experience":203553,"relics_obtained":[{"floor":6,"key":"Sundial"},{"floor":9,"key":"Centennial Puzzle"},{"floor":26,"key":"Juzu Bracelet"}],"event_choices":[{"damage_healed":0,"gold_gain":100,"player_choice":"Pray","damage_taken":0,"max_hp_gain":0,"max_hp_loss":0,"event_name":"Golden Shrine","floor":4,"gold_loss":0},{"damage_healed":0,"gold_gain":0,"player_choice":"Grow","damage_taken":0,"max_hp_gain":0,"max_hp_loss":0,"event_name":"Living Wall","floor":7,"gold_loss":0,"cards_upgraded":["Footwork"]},{"damage_healed":0,"gold_gain":0,"player_choice":"Got Potions","damage_taken":0,"max_hp_gain":0,"max_hp_loss":0,"event_name":"Lab","floor":11,"gold_loss":0},{"damage_healed":0,"gold_gain":0,"player_choice":"Opened","damage_taken":0,"relics_obtained":["Happy Flower"],"max_hp_gain":0,"max_hp_loss":0,"event_name":"The Mausoleum","floor":22,"gold_loss":0,"cards_obtained":["Writhe"]}],"is_beta":false,"boss_relics":[{"not_picked":["Black Star","Sozu"],"picked":"HoveringKite"}],"items_purged_floors":[21],"is_endless":false,"potions_floor_spawned":[2,3,10,13,14,18,19,20],"killed_by":"Slavers","ascension_level":0}