{"gold_per_floor":[367,380,390,390,465,465,465,493,493,643,655,580,580,607,607,684,684,694,609,659,659,541,541,541],"floor_reached":24,"playtime":491,"items_purged":["Doubt"],"score":400,"play_id":"ff1d3fad-39f3-4a93-a2b7-ccc1f03abf77","local_time":"20190307092300","is_ascension_mode":true,"campfire_choices":[{"data":"Bash","floor":6.0,"key":"SMITH"},{"data":"Heavy Blade","floor":13.0,"key":"SMITH"},{"data":"Double Tap","floor":15.0,"key":"SMITH"},{"data":"Dual Wield","floor":23.0,"key":"SMITH"}],"neow_cost":"CURSE","seed_source_timestamp":24525091162903,"circlet_count":0,"master_deck":["AscendersBane","Strike_R","Strike_R","Strike_R","Strike_R","Defend_R","Defend_R","Defend_R","Defend_R","Bash+1","Anger","Power Through","Demon Form+1","Heavy Blade+1","Double Tap+1","Reaper","Whirlwind+1","Evolve","Dual Wield+1"],"special_seed":0,"relics":["Burning Blood","Darkstone Periapt","Singing Bowl","Oddly Smooth Stone","Empty Cage","Anchor"],"potions_floor_usage":[24],"damage_taken":[{"damage":1.0,"enemies":"Cultist","floor":1.0,"turns":3.0},{"damage":2.0,"enemies":"2 Louse","floor":2.0,"turns":2.0},{"damage":0.0,"enemies":"Small Slimes","floor":3.0,"turns":3.0},{"damage":10.0,"enemies":"Lagavulin","floor":8.0,"turns":5.0},{"damage":25.0,"enemies":"Looter","floor":11.0,"turns":4.0},{"damage":8.0,"enemies":"Gremlin Nob","floor":14.0,"turns":3.0},{"damage":38.0,"enemies":"Slime Boss","floor":16.0,"turns":8.0},{"damage":10.0,"enemies":"Spheric Guardian","floor":18.0,"turns":4.0},{"damage":66,"enemies":"Book of Stabbing","floor":24,"turns":4}],"seed_played":"-5132817380005006292","potions_obtained":[{"floor":3.0,"key":"FearPotion"},{"floor":11.0,"key":"PowerPotion"},{"floor":16.0,"key":"GamblersBrew"},{"floor":18.0,"key":"Explosive Potion"}],"is_trial":false,"path_per_floor":["M","M","M","?","?","R","?","E","T","?","M","$","R","E","R","B",null,"M","?","?","?","$","R","E"],"character_chosen":"IRONCLAD","items_purchased":["Evolve","Dual Wield"],"campfire_rested":0,"item_purchase_floors":[22,22],"current_hp_per_floor":[73,75,75,75,64,64,69,65,65,71,54,54,54,52,52,20,69,65,65,65,65,65,65,0],"gold":541,"neow_bonus":"TWO_FIFTY_GOLD","is_prod":false,"is_daily":false,"chose_seed":false,"campfire_upgraded":4,"win_rate":0,"timestamp":1551968580,"path_taken":["M","?","M","?","?","R","?","E","T","?","M","?","R","E","R","BOSS","M","?","?","?","$","R","E"],"build_version":"2019-02-06","purchased_purges":1,"victory":false,"max_hp_per_floor":[75,75,75,75,75,75,80,80,80,86,88,88,88,88,88,88,85,85,85,85,85,85,85,85],"card_choices":[{"not_picked":["Pommel Strike","Clothesline"],"picked":"Anger","floor":1.0},{"not_picked":["Dropkick","Hemokinesis"],"picked":"Power Through","floor":2.0},{"not_picked":["Sword Boomerang","Sentinel"],"picked":"Demon Form","floor":3.0},{"not_picked":["Havoc","Armaments"],"picked":"Heavy Blade","floor":8.0},{"not_picked":["Anger","Armaments","Entrench"],"picked":"Singing Bowl","floor":11.0},{"not_picked":["Sword Boomerang","Ghostly Armor"],"picked":"Double Tap","floor":14.0},{"not_picked":["Impervious","Berserk"],"picked":"Reaper","floor":16.0},{"not_picked":["Clash","Power Through+1"],"picked":"Whirlwind+1","floor":18.0}],"player_experience":1060400,"relics_obtained":[{"floor":8.0,"key":"Darkstone Periapt"},{"floor":9.0,"key":"Singing Bowl"},{"floor":14.0,"key":"Oddly Smooth Stone"}],"event_choices":[{"damage_healed":0.0,"max_hp_gain":0.0,"max_hp_loss":0.0,"gold_gain":0.0,"event_name":"Living Wall","player_choice":"Grow","floor":4.0,"gold_loss":0.0,"damage_taken":0.0,"cards_upgraded":["Demon Form"]},{"damage_healed":0.0,"max_hp_gain":0.0,"max_hp_loss":0.0,"gold_gain":75.0,"event_name":"World of Goop","player_choice":"Gather Gold","floor":5.0,"gold_loss":0.0,"damage_taken":11.0},{"damage_healed":0.0,"max_hp_gain":5.0,"max_hp_loss":0.0,"gold_gain":0.0,"event_name":"Big Fish","player_choice":"Donut","floor":7.0,"gold_loss":0.0,"damage_taken":0.0},{"damage_healed":0.0,"max_hp_gain":0.0,"max_hp_loss":0.0,"gold_gain":150.0,"event_name":"Liars Game","player_choice":"AGREE","floor":10.0,"gold_loss":0.0,"damage_taken":0.0,"cards_obtained":["Doubt"]},{"damage_healed":0.0,"max_hp_gain":0.0,"max_hp_loss":0.0,"gold_gain":0.0,"event_name":"Addict","player_choice":"Obtained Relic","floor":19.0,"gold_loss":85.0,"damage_taken":0.0,"relics_obtained":["Anchor"]},{"damage_healed":0.0,"max_hp_gain":0.0,"max_hp_loss":0.0,"gold_gain":50.0,"event_name":"Nest","player_choice":"Stole From Cult","floor":20.0,"gold_loss":0.0,"damage_taken":0.0},{"damage_healed":0.0,"max_hp_gain":0.0,"max_hp_loss":0.0,"gold_gain":0.0,"event_name":"Vampires","player_choice":"Ignored","floor":21.0,"gold_loss":0.0,"damage_taken":0.0}],"is_beta":true,"boss_relics":[{"not_picked":["Lizard Tail","Runic Cube"],"picked":"Empty Cage"}],"items_purged_floors":[12],"is_endless":false,"potions_floor_spawned":[3,11,16,18],"killed_by":"Book of Stabbing","ascension_level":20}