{"gold_per_floor":[14,24,44,60,60,60,60,76,76,76,76],"floor_reached":11,"playtime":474,"items_purged":[],"score":143,"play_id":"1b0a42e9-aeb0-4e7c-a1fa-bf5166e5847c","local_time":"20190316104725","is_ascension_mode":true,"campfire_choices":[{"data":"Creative AI","floor":7,"key":"SMITH"},{"floor":10,"key":"REST"}],"neow_cost":"NO_GOLD","seed_source_timestamp":199362975016421,"circlet_count":0,"master_deck":["AscendersBane","Strike_B","Strike_B","Strike_B","Defend_B","Defend_B","Defend_B","Defend_B","Zap","Dualcast","Creative AI+1","Go for the Eyes","Coolheaded","Chaos","Rip and Tear","Coolheaded"],"relics":["Cracked Core","The Courier"],"potions_floor_usage":[6,6],"damage_taken":[{"damage":2,"enemies":"Cultist","floor":1,"turns":4},{"damage":4,"enemies":"2 Louse","floor":2,"turns":2},{"damage":14,"enemies":"Small Slimes","floor":3,"turns":6},{"damage":5,"enemies":"Red Slaver","floor":4,"turns":3},{"damage":7,"enemies":"Gremlin Nob","floor":6,"turns":3},{"damage":8,"enemies":"Looter","floor":8,"turns":2},{"damage":48,"enemies":"3 Sentries","floor":11,"turns":10}],"seed_played":"52442616136041706","potions_obtained":[{"floor":3,"key":"AttackPotion"},{"floor":4,"key":"SmokeBomb"}],"is_trial":false,"path_per_floor":["M","M","M","M","?","E","R","M","T","R","E"],"character_chosen":"DEFECT","items_purchased":[],"campfire_rested":1,"item_purchase_floors":[],"current_hp_per_floor":[62,58,44,39,39,32,32,24,24,45,0],"gold":76,"neow_bonus":"THREE_RARE_CARDS","is_prod":false,"is_daily":false,"chose_seed":false,"campfire_upgraded":1,"win_rate":0,"timestamp":1552747645,"path_taken":["M","M","?","M","?","E","R","?","T","R","E"],"build_version":"2019-03-15","purchased_purges":0,"victory":false,"max_hp_per_floor":[71,71,71,71,71,71,71,71,71,71,71],"card_choices":[{"not_picked":["Fission","Biased Cognition"],"picked":"Creative AI","floor":0},{"not_picked":["Compile Driver","Gash"],"picked":"Go for the Eyes","floor":1},{"not_picked":["Go for the Eyes","Hello World"],"picked":"Coolheaded","floor":2},{"not_picked":["Steam Power","Turbo","Stack"],"picked":"SKIP","floor":3},{"not_picked":["Barrage","Aggregate"],"picked":"Chaos","floor":4},{"not_picked":["Barrage","Ball Lightning"],"picked":"Coolheaded","floor":8}],"player_experience":531662,"relics_obtained":[{"floor":9,"key":"The Courier"}],"event_choices":[{"damage_healed":0,"gold_gain":0,"cards_transformed":["Strike_B"],"player_choice":"Transformed","damage_taken":0,"max_hp_gain":0,"max_hp_loss":0,"event_name":"Transmorgrifier","floor":5,"gold_loss":0,"cards_obtained":["Rip and Tear"]}],"is_beta":true,"boss_relics":[],"items_purged_floors":[],"is_endless":false,"potions_floor_spawned":[3,4,6],"killed_by":"3 Sentries","ascension_level":18}