{"path_per_floor":["M","M","M","?","M","R","M","M","T","R","E","?","M","E","R","B",null,"M","?","M","M","M","R","M","R","T","?","M","R","$","?","R","B",null,"M","T","M","M","M","R","M","R","T","?","R","$","M","M","R","B"],"character_chosen":"IRONCLAD","items_purchased":["Shovel","Lantern","Shrug It Off","Twin Strike"],"gold_per_floor":[18,36,54,54,64,64,75,93,93,93,126,126,141,166,166,261,261,276,176,190,201,212,212,223,223,276,276,288,288,0,0,0,99,99,117,117,137,148,165,165,185,185,231,231,231,28,46,56,56,56],"floor_reached":51,"campfire_rested":1,"playtime":1772,"current_hp_per_floor":[80,80,80,80,80,80,80,80,80,80,77,61,66,51,51,15,80,54,54,51,48,51,51,50,50,50,50,53,53,53,53,53,12,80,78,78,80,62,55,55,50,50,50,40,40,40,38,44,68,8],"items_purged":["Armaments"],"gold":56,"score":716,"play_id":"9010165f-f03d-4581-8814-ece4bb111ee5","local_time":"20180312143730","is_prod":false,"is_daily":false,"is_ascension_mode":false,"campfire_upgraded":6,"timestamp":1520879850,"path_taken":["M","M","M","?","?","R","M","M","T","R","E","?","M","E","R","BOSS","M","?","M","M","?","R","?","R","T","?","?","R","$","?","R","BOSS","M","?","M","?","M","R","?","R","T","?","R","$","M","M","R","BOSS"],"build_version":"2018-03-08-BETA","purchased_purges":1,"victory":true,"master_deck":["Strike_R","Strike_R","Strike_R","Strike_R","Strike_R","Defend_R","Defend_R","Defend_R","Defend_R","Bash","Whirlwind+1","Headbutt+1","Ghostly Armor","Iron Wave+1","Perfected Strike+1","Iron Wave","Offering+1","Twin Strike","Demon Form+1","Perfected Strike","J.A.X.+1","Inflame","True Grit+1","Shockwave+1","Mind Blast+1","Burning Pact+1","Offering","Pommel Strike+1","Carnage+1","Shrug It Off","Perfected Strike","Perfected Strike","Madness","Madness","Shrug It Off","Twin Strike","Metallicize","Whirlwind+1"],"max_hp_per_floor":[80,80,80,80,80,80,80,80,80,80,80,80,80,80,80,80,80,80,80,80,80,80,80,80,80,80,80,80,80,80,80,80,80,80,80,80,80,80,80,80,80,80,80,80,80,80,80,80,80,80],"relics":["Burning Blood","Thread and Needle","Happy Flower","The Courier","Smiling Mask","Mark of Pain","Bronze Scales","Shovel","Orichalcum","Peace Pipe","Sozu","Red Skull","Bag of Preparation","Art of War","Sundial","Lantern"],"card_choices":[{"not_picked":["True Grit","Heavy Blade"],"picked":"Whirlwind"},{"not_picked":["Wild Strike","Power Through"],"picked":"Headbutt"},{"not_picked":["Blood for Blood","Flex"],"picked":"Ghostly Armor"},{"not_picked":["Anger","Sword Boomerang"],"picked":"Iron Wave"},{"not_picked":["Cleave","Dark Embrace"],"picked":"Perfected Strike"},{"not_picked":["Sword Boomerang","Headbutt"],"picked":"Iron Wave"},{"not_picked":["Juggernaut","Inflame"],"picked":"Offering"},{"not_picked":["Infernal Blade","Evolve"],"picked":"Twin Strike"},{"not_picked":["Impervious","Feed"],"picked":"Demon Form"},{"not_picked":["Headbutt","Whirlwind"],"picked":"Perfected Strike"},{"not_picked":["Blood for Blood","Warcry"],"picked":"Inflame"},{"not_picked":["Pommel Strike","Thunderclap"],"picked":"True Grit"},{"not_picked":["Heavy Blade","Ghostly Armor"],"picked":"Shockwave"},{"not_picked":["Sever Soul","Rage"],"picked":"Burning Pact"},{"not_picked":["Impervious","Demon Form"],"picked":"Offering"},{"not_picked":["True Grit","Searing Blow"],"picked":"Pommel Strike"},{"not_picked":["Hemokinesis","Sever Soul"],"picked":"Carnage"},{"not_picked":["True Grit","Heavy Blade"],"picked":"Shrug It Off"},{"not_picked":["Rupture","Sword Boomerang"],"picked":"Perfected Strike"},{"not_picked":["Searing Blow","Entrench"],"picked":"Perfected Strike"},{"not_picked":["Heavy Blade","Twin Strike"],"picked":"Metallicize"},{"not_picked":["Dual Wield","Metallicize"],"picked":"Whirlwind"}],"player_experience":55982,"potions_floor_usage":[5,16,16,16,39,50,50],"damage_taken":[{"damage":1,"enemies":"Cultist","floor":1,"turns":4},{"damage":0,"enemies":"Small Slimes","floor":2,"turns":3},{"damage":6,"enemies":"Jaw Worm","floor":3,"turns":3},{"damage":1,"enemies":"2 Fungi Beasts","floor":5,"turns":2},{"damage":0,"enemies":"3 Louse","floor":7,"turns":2},{"damage":5,"enemies":"Looter","floor":8,"turns":3},{"damage":9,"enemies":"Gremlin Nob","floor":11,"turns":4},{"damage":1,"enemies":"2 Fungi Beasts","floor":13,"turns":2},{"damage":21,"enemies":"Lagavulin","floor":14,"turns":4},{"damage":42,"enemies":"The Guardian","floor":16,"turns":8},{"damage":32,"enemies":"2 Thieves","floor":18,"turns":4},{"damage":9,"enemies":"Shell Parasite","floor":20,"turns":2},{"damage":9,"enemies":"Snecko","floor":21,"turns":4},{"damage":3,"enemies":"3 Cultists","floor":22,"turns":3},{"damage":7,"enemies":"Chosen and Byrds","floor":24,"turns":4},{"damage":3,"enemies":"Cultist and Chosen","floor":28,"turns":4},{"damage":47,"enemies":"Automaton","floor":33,"turns":8},{"damage":8,"enemies":"Orb Walker","floor":35,"turns":2},{"damage":4,"enemies":"Flame Bruiser 1 Orb","floor":37,"turns":2},{"damage":24,"enemies":"Sphere and 2 Shapes","floor":38,"turns":5},{"damage":13,"enemies":"Maw","floor":39,"turns":6},{"damage":11,"enemies":"3 Darklings","floor":41,"turns":3},{"damage":8,"enemies":"4 Shapes","floor":47,"turns":2},{"damage":0,"enemies":"Flame Bruiser 2 Orb","floor":48,"turns":1},{"damage":66,"enemies":"Awakened One","floor":50,"turns":7}],"event_choices":[{"event_name":"The Woman in Blue","player_choice":"Bought 0 Potions","floor":4,"damage_taken":0},{"event_name":"Shining Light","player_choice":"Entered Light","floor":12,"damage_taken":0},{"event_name":"Drug Dealer","player_choice":"Got JAXXED","floor":19,"damage_taken":0},{"event_name":"Match and Keep!","player_choice":"2 cards matched","floor":27,"damage_taken":0},{"event_name":"Accursed Blacksmith","player_choice":"Rummage","floor":31,"damage_taken":0},{"event_name":"Winding Halls","player_choice":"Embrace Madness","floor":44,"damage_taken":0}],"boss_relics":[{"not_picked":["Question Card","Runic Cube"],"picked":"Mark of Pain"},{"not_picked":["Orrery","Pandora\u0027s Box"],"picked":"Sozu"}],"potions_floor_spawned":[1,3,8,14,21,22,24,33,41,47],"seed_played":"3697194435836431639","ascension_level":0,"is_trial":false}