{"gold_per_floor":[117,129,129,54,64,64,98,118,193,293,293,313,313,330,330,402,402,413,413,313,323,57,57,82,98,176,176,51,51,51,62,62,62],"floor_reached":33,"playtime":1531,"items_purged":["Strike_B","Writhe","Writhe"],"score":530,"play_id":"1300c0fd-cefe-4ae3-a151-2cf8ef80f83f","local_time":"20181028091833","is_ascension_mode":true,"campfire_choices":[{"data":"Zap","floor":6.0,"key":"SMITH"},{"data":"Self Repair","floor":11.0,"key":"SMITH"},{"data":"Go for the Eyes","floor":13.0,"key":"SMITH"},{"data":"Sweeping Beam","floor":15.0,"key":"SMITH"},{"data":"Hologram","floor":23.0,"key":"SMITH"},{"data":"Capacitor","floor":29,"key":"SMITH"},{"floor":32,"key":"REST"}],"neow_cost":"NONE","seed_source_timestamp":1433988125570788,"circlet_count":0,"master_deck":["Strike_B","Strike_B","Defend_B","Defend_B","Defend_B","Defend_B","Zap+1","Dualcast","AscendersBane","Doom and Gloom","Go for the Eyes+1","Self Repair+1","Coolheaded","Genetic Algorithm","Hologram+1","Sweeping Beam+1","Rainbow","Melter+1","Ball Lightning+1","Glacier","Capacitor+1","Shame","Defragment"],"special_seed":0,"relics":["Cracked Core","Mango","Dodecahedron","Cursed Key","Bronze Scales","Kunai","Ancient Tea Set","Singing Bowl","Boot"],"potions_floor_usage":[24,33],"damage_taken":[{"damage":2.0,"enemies":"Jaw Worm","floor":1.0,"turns":5.0},{"damage":1.0,"enemies":"Cultist","floor":2.0,"turns":4.0},{"damage":0.0,"enemies":"2 Louse","floor":5.0,"turns":2.0},{"damage":43.0,"enemies":"Gremlin Nob","floor":7.0,"turns":4.0},{"damage":17.0,"enemies":"Exordium Thugs","floor":8.0,"turns":4.0},{"damage":16.0,"enemies":"Large Slime","floor":12.0,"turns":9.0},{"damage":4.0,"enemies":"Blue Slaver","floor":14.0,"turns":4.0},{"damage":30.0,"enemies":"Slime Boss","floor":16.0,"turns":10.0},{"damage":26.0,"enemies":"2 Thieves","floor":18.0,"turns":4.0},{"damage":11.0,"enemies":"Chosen","floor":21.0,"turns":6.0},{"damage":22,"enemies":"Gremlin Leader","floor":24,"turns":7},{"damage":6,"enemies":"Shelled Parasite and Fungi","floor":25,"turns":5},{"damage":14,"enemies":"Snake Plant","floor":31,"turns":4},{"damage":63,"enemies":"Automaton","floor":33,"turns":10}],"seed_played":"3859110089889272857","potions_obtained":[{"floor":3.0,"key":"Swift Potion"},{"floor":3.0,"key":"SneckoOil"},{"floor":7.0,"key":"Weak Potion"},{"floor":8.0,"key":"Weak Potion"},{"floor":12.0,"key":"SteroidPotion"},{"floor":16.0,"key":"Weak Potion"},{"floor":18.0,"key":"Poison Potion"},{"floor":21.0,"key":"PowerPotion"},{"floor":24,"key":"Strength Potion"}],"is_trial":false,"path_per_floor":["M","M","?","$","M","R","E","M","T","?","R","M","R","M","R","B",null,"M","?","$","M","$","R","E","M","T","?","$","R","?","M","R"],"character_chosen":"DEFECT","items_purchased":["Kunai"],"campfire_rested":1,"item_purchase_floors":[22],"current_hp_per_floor":[62,61,61,61,68,68,46,36,36,36,36,30,30,36,36,16,68,52,52,52,51,51,51,39,43,43,43,43,43,43,39,64,1],"gold":62,"neow_bonus":"TRANSFORM_CARD","is_prod":false,"is_daily":false,"chose_seed":false,"campfire_upgraded":6,"win_rate":0,"timestamp":1540732713,"path_taken":["M","M","?","$","M","R","E","M","T","?","R","M","R","?","R","BOSS","M","?","$","M","?","R","E","?","T","?","$","R","?","M","R","BOSS"],"build_version":"2018-10-25v2","purchased_purges":3,"victory":false,"max_hp_per_floor":[71,71,71,71,71,71,85,85,85,85,85,85,85,85,85,85,85,85,85,85,85,85,85,85,85,85,85,85,85,85,85,85,85],"card_choices":[{"not_picked":["Beam Cell","Coolheaded"],"picked":"Go for the Eyes","floor":1.0},{"not_picked":["Barrage","Go for the Eyes"],"picked":"Self Repair","floor":2.0},{"not_picked":["Storm","Go for the Eyes"],"picked":"Coolheaded","floor":5.0},{"not_picked":["Machine Learning","Compile Driver"],"picked":"Genetic Algorithm","floor":7.0},{"not_picked":["Redo","Beam Cell","Go for the Eyes"],"picked":"SKIP","floor":8.0},{"not_picked":["FTL","Scrape"],"picked":"Hologram","floor":12.0},{"not_picked":["Coolheaded","Blizzard"],"picked":"Sweeping Beam","floor":14.0},{"not_picked":["Fission","Seek"],"picked":"Rainbow","floor":16.0},{"not_picked":["Leap","White Noise","Redo"],"picked":"SKIP","floor":18.0},{"not_picked":["Skim","Redo+1"],"picked":"Melter+1","floor":21.0},{"not_picked":["Go for the Eyes","Stack"],"picked":"Ball Lightning+1","floor":24},{"not_picked":["Compile Driver","Rip and Tear+1"],"picked":"Glacier","floor":25},{"not_picked":["Compile Driver","Streamline+1"],"picked":"Defragment","floor":31}],"player_experience":1046258,"relics_obtained":[{"floor":7.0,"key":"Mango"},{"floor":9.0,"key":"Dodecahedron"},{"floor":24,"key":"Ancient Tea Set"},{"floor":26,"key":"Singing Bowl"}],"event_choices":[{"damage_healed":0.0,"max_hp_gain":0.0,"max_hp_loss":0.0,"gold_gain":0.0,"event_name":"The Lab","player_choice":"Got Potions","floor":3.0,"gold_loss":0.0,"damage_taken":0.0},{"damage_healed":0.0,"max_hp_gain":0.0,"max_hp_loss":0.0,"gold_gain":100.0,"event_name":"Wheel of Change","player_choice":"Gold","floor":10.0,"gold_loss":0.0,"damage_taken":0.0},{"damage_healed":0.0,"max_hp_gain":0.0,"max_hp_loss":0.0,"gold_gain":0.0,"event_name":"The Mausoleum","player_choice":"Opened","floor":19.0,"gold_loss":0.0,"damage_taken":0.0,"relics_obtained":["Bronze Scales"],"cards_obtained":["Writhe"]},{"damage_healed":0,"gold_gain":0,"player_choice":"Read","damage_taken":0,"max_hp_gain":0,"max_hp_loss":0,"event_name":"The Library","floor":27,"gold_loss":0,"cards_obtained":["Capacitor"]},{"damage_healed":0,"gold_gain":0,"player_choice":"Stole Relic","damage_taken":0,"relics_obtained":["Boot"],"max_hp_gain":0,"max_hp_loss":0,"event_name":"Addict","floor":30,"gold_loss":0,"cards_obtained":["Shame"]}],"is_beta":false,"boss_relics":[{"not_picked":["Snecko Eye","Philosopher\u0027s Stone"],"picked":"Cursed Key"}],"items_purged_floors":[4,20,28],"is_endless":false,"potions_floor_spawned":[7,8,12,14,16,18,21,24],"killed_by":"Automaton","ascension_level":20}