{"gold_per_floor":[117,127,127,127,127,156,156,156,156,168,193,193,193,221,221,295,295,311,331,331,349,349,349,377,377,377,427,447,478,492,517,517,596,596,612,380,400,414,426,426,459,459,459,459,459,474,500,514,514,514,514],"floor_reached":51,"playtime":3616,"items_purged":["Strike_B"],"score":1516,"play_id":"cf84deb6-89e3-4cdd-b9d1-7549e49bc9d6","local_time":"20190301090806","is_ascension_mode":true,"campfire_choices":[{"data":"Zap","floor":7.0,"key":"SMITH"},{"floor":15.0,"key":"REST"},{"floor":23.0,"key":"REST"},{"floor":25.0,"key":"REST"},{"floor":32.0,"key":"REST"},{"floor":40.0,"key":"REST"},{"floor":45.0,"key":"REST"},{"floor":49,"key":"RECALL"}],"neow_cost":"NONE","seed_source_timestamp":0,"circlet_count":0,"master_deck":["AscendersBane","Strike_B","Strike_B","Strike_B","Defend_B","Defend_B","Defend_B","Defend_B","Zap+1","Dualcast","Recycle","Coolheaded","Compile Driver","Conserve Battery","Leap","Biased Cognition","Barrage","Chill","Electrodynamics","Reinforced Body+1","White Noise","Undo","Conserve Battery","Biased Cognition","Go for the Eyes+1","Coolheaded","Skim","Defragment"],"special_seed":0,"relics":["Cracked Core","NeowsBlessing","Ornamental Fan","Symbiotic Virus","Dodecahedron","Thread and Needle","Incense Burner","Gremlin Horn","Velvet Choker","Mercury Hourglass","Darkstone Periapt","Orichalcum","Gambling Chip","Pear","Fusion Hammer","DataDisk","Mummified Hand","Molten Egg 2"],"potions_floor_usage":[50],"damage_taken":[{"damage":0.0,"enemies":"Cultist","floor":1.0,"turns":1.0},{"damage":0.0,"enemies":"2 Louse","floor":2.0,"turns":1.0},{"damage":0.0,"enemies":"Lagavulin","floor":6.0,"turns":1.0},{"damage":7.0,"enemies":"Jaw Worm","floor":10.0,"turns":3.0},{"damage":10.0,"enemies":"3 Sentries","floor":11.0,"turns":6.0},{"damage":5.0,"enemies":"Gremlin Nob","floor":14.0,"turns":3.0},{"damage":16.0,"enemies":"The Guardian","floor":16.0,"turns":17.0},{"damage":9.0,"enemies":"Shell Parasite","floor":18.0,"turns":5.0},{"damage":11.0,"enemies":"Spheric Guardian","floor":19.0,"turns":4.0},{"damage":1.0,"enemies":"Snake Plant","floor":21.0,"turns":4.0},{"damage":26.0,"enemies":"Gremlin Leader","floor":24.0,"turns":6.0},{"damage":13.0,"enemies":"Centurion and Healer","floor":28.0,"turns":3.0},{"damage":12.0,"enemies":"Book of Stabbing","floor":29.0,"turns":6.0},{"damage":0.0,"enemies":"Snecko","floor":30.0,"turns":3.0},{"damage":17.0,"enemies":"Gremlin Leader","floor":31.0,"turns":6.0},{"damage":25.0,"enemies":"Automaton","floor":33.0,"turns":9.0},{"damage":0.0,"enemies":"3 Shapes","floor":35.0,"turns":9.0},{"damage":0.0,"enemies":"Orb Walker","floor":37.0,"turns":4.0},{"damage":15.0,"enemies":"4 Shapes","floor":38.0,"turns":3.0},{"damage":8.0,"enemies":"Writhing Mass","floor":39.0,"turns":5.0},{"damage":23.0,"enemies":"Nemesis","floor":41.0,"turns":9.0},{"damage":0.0,"enemies":"Sphere and 2 Shapes","floor":46.0,"turns":5.0},{"damage":31.0,"enemies":"Giant Head","floor":47.0,"turns":14.0},{"damage":0,"enemies":"3 Darklings","floor":48,"turns":3},{"damage":14,"enemies":"Awakened One","floor":50,"turns":61},{"damage":34,"enemies":"Donu and Deca","floor":51,"turns":4}],"seed_played":"4011413222407553371","potions_obtained":[{"floor":1.0,"key":"SkillPotion"},{"floor":3.0,"key":"PowerPotion"},{"floor":3.0,"key":"AttackPotion"},{"floor":11.0,"key":"Explosive Potion"},{"floor":14.0,"key":"Dexterity Potion"},{"floor":16.0,"key":"GamblersBrew"},{"floor":24.0,"key":"Ancient Potion"},{"floor":28.0,"key":"SteroidPotion"},{"floor":33.0,"key":"FocusPotion"},{"floor":48,"key":"SteroidPotion"}],"is_trial":false,"path_per_floor":["M","M","?","$","?","E","R","$","T","M","E","?","T","E","R","B",null,"M","M","T","M","$","R","E","R","T","?","M","E","M","E","R","B",null,"M","$","M","M","M","R","E","?","T","?","R","M","E","M","R","B","B"],"character_chosen":"DEFECT","items_purchased":["DataDisk"],"campfire_rested":6,"item_purchase_floors":[36],"current_hp_per_floor":[64,64,64,64,64,64,64,64,64,57,47,12,12,7,28,12,56,47,36,36,35,35,56,30,51,51,51,38,26,26,19,43,18,65,65,65,65,50,42,66,43,43,43,43,66,66,35,35,35,21,0],"gold":514,"neow_bonus":"THREE_ENEMY_KILL","is_prod":false,"is_daily":false,"chose_seed":false,"campfire_upgraded":1,"win_rate":0,"timestamp":1551449286,"path_taken":["M","M","?","?","?","E","R","$","T","M","E","?","?","E","R","BOSS","M","?","?","M","?","R","E","R","T","?","?","E","M","E","R","BOSS","M","$","M","?","M","R","E","?","T","?","R","M","E","M","R","BOSS","BOSS"],"build_version":"2019-02-06","purchased_purges":1,"victory":false,"max_hp_per_floor":[71,71,71,71,71,71,71,71,71,71,71,71,71,71,71,71,71,71,71,71,71,71,71,71,71,71,71,71,71,71,81,81,81,81,81,81,81,81,81,81,81,77,77,77,77,77,77,77,77,77,77],"card_choices":[{"not_picked":["Aggregate","Go for the Eyes"],"picked":"Recycle","floor":1.0},{"not_picked":["Redo","Turbo"],"picked":"Coolheaded","floor":2.0},{"not_picked":["Reinforced Body","Fusion"],"picked":"Compile Driver","floor":6.0},{"not_picked":["Reinforced Body","Ball Lightning"],"picked":"Conserve Battery","floor":10.0},{"not_picked":["Ball Lightning","Force Field"],"picked":"Leap","floor":11.0},{"not_picked":["Blizzard","Double Energy","Fusion"],"picked":"SKIP","floor":14.0},{"not_picked":["Fission","Amplify"],"picked":"Biased Cognition","floor":16.0},{"not_picked":["Stack","Storm+1"],"picked":"Barrage","floor":18.0},{"not_picked":["Go for the Eyes","Turbo","Stack"],"picked":"SKIP","floor":19.0},{"not_picked":["Storm","Coolheaded"],"picked":"Chill","floor":21.0},{"not_picked":["Aggregate","Hologram"],"picked":"Electrodynamics","floor":24.0},{"not_picked":["Leap","Barrage"],"picked":"Reinforced Body+1","floor":28.0},{"not_picked":["Scrape","BootSequence"],"picked":"White Noise","floor":29.0},{"not_picked":["Ball Lightning","Doom and Gloom"],"picked":"Undo","floor":30.0},{"not_picked":["Gash","Hello World"],"picked":"Conserve Battery","floor":31.0},{"not_picked":["Electrodynamics","Machine Learning"],"picked":"Biased Cognition","floor":33.0},{"not_picked":["Chill","Conserve Battery","Turbo"],"picked":"SKIP","floor":35.0},{"not_picked":["Doom and Gloom","Consume","Turbo"],"picked":"SKIP","floor":37.0},{"not_picked":["Storm","Sweeping Beam","Tempest+1"],"picked":"SKIP","floor":38.0},{"not_picked":["Hologram","Sweeping Beam"],"picked":"Go for the Eyes+1","floor":39.0},{"not_picked":["Coolheaded","Redo","Sunder"],"picked":"SKIP","floor":41.0},{"not_picked":["Redo","Sunder"],"picked":"Coolheaded","floor":41.0},{"not_picked":["Gash+1","Double Energy"],"picked":"Skim","floor":46.0},{"not_picked":["Seek","Sunder"],"picked":"Defragment","floor":47.0},{"not_picked":["Redo","Chill","Scrape+1"],"picked":"SKIP","floor":48}],"player_experience":1014522,"relics_obtained":[{"floor":6.0,"key":"Ornamental Fan"},{"floor":9.0,"key":"Symbiotic Virus"},{"floor":11.0,"key":"Dodecahedron"},{"floor":13.0,"key":"Incense Burner"},{"floor":14.0,"key":"Gremlin Horn"},{"floor":20.0,"key":"Mercury Hourglass"},{"floor":24.0,"key":"Darkstone Periapt"},{"floor":26.0,"key":"Orichalcum"},{"floor":29.0,"key":"Gambling Chip"},{"floor":31.0,"key":"Pear"},{"floor":41.0,"key":"Mummified Hand"},{"floor":47.0,"key":"Molten Egg 2"}],"event_choices":[{"damage_healed":0.0,"max_hp_gain":0.0,"max_hp_loss":0.0,"gold_gain":0.0,"event_name":"Lab","player_choice":"Got Potions","floor":3.0,"gold_loss":0.0,"damage_taken":0.0},{"damage_healed":0.0,"max_hp_gain":0.0,"max_hp_loss":0.0,"gold_gain":0.0,"event_name":"The Cleric","player_choice":"Leave","floor":5.0,"gold_loss":0.0,"damage_taken":0.0},{"damage_healed":0.0,"max_hp_gain":0.0,"max_hp_loss":0.0,"gold_gain":0.0,"event_name":"Scrap Ooze","player_choice":"Success","floor":12.0,"gold_loss":0.0,"damage_taken":35.0,"relics_obtained":["Thread and Needle"]},{"damage_healed":0.0,"max_hp_gain":0.0,"max_hp_loss":0.0,"gold_gain":100.0,"event_name":"The Joust","player_choice":"Bet on Murderer","floor":27.0,"gold_loss":50.0,"damage_taken":0.0},{"damage_healed":0.0,"max_hp_gain":0.0,"max_hp_loss":4.0,"gold_gain":0.0,"event_name":"Winding Halls","player_choice":"Max HP","floor":42.0,"gold_loss":0.0,"damage_taken":0.0},{"damage_healed":0.0,"max_hp_gain":0.0,"max_hp_loss":0.0,"gold_gain":0.0,"event_name":"Tomb of Lord Red Mask","player_choice":"Ignored","floor":44.0,"gold_loss":0.0,"damage_taken":0.0}],"is_beta":true,"boss_relics":[{"not_picked":["Coffee Dripper","Busted Crown"],"picked":"Velvet Choker"},{"not_picked":["Pandora\u0027s Box","Snecko Eye"],"picked":"Fusion Hammer"}],"items_purged_floors":[36],"is_endless":false,"potions_floor_spawned":[1,11,14,16,24,28,31,33,38,41,48],"killed_by":"Donu and Deca","ascension_level":20}