{"gold_per_floor":[110,110,185,71,71,101,120,155,155,188,188,42,42,57,57,162,162,178,30,30,46,46,76,76,76,76,76,76,92,110,110,110,208,208,218,1217,1233,1233,113,113,129,146,146,146,166,0,0,0,0,0],"floor_reached":50,"playtime":1266,"items_purged":["Strike_R","Normality"],"score":546,"play_id":"3ee69ed1-2475-4ca8-ab45-e0f229c33405","local_time":"20190318064330","is_ascension_mode":true,"campfire_choices":[{"floor":11,"key":"REST"},{"data":"Rampage","floor":13,"key":"SMITH"},{"data":"Cleave","floor":15,"key":"SMITH"},{"floor":25,"key":"REST"},{"data":"Immolate","floor":28,"key":"SMITH"},{"floor":32,"key":"REST"},{"data":"1","floor":40,"key":"LIFT"},{"data":"2","floor":47,"key":"LIFT"},{"data":"3","floor":49,"key":"LIFT"}],"neow_cost":"NONE","seed_source_timestamp":165068918155061,"circlet_count":0,"master_deck":["Strike_R","Strike_R","Strike_R","Strike_R","Defend_R","Defend_R","Defend_R","Defend_R","Bash","Clothesline+1","Rampage+1","Inflame","Wild Strike","Cleave+1","Spot Weakness","Clash","Immolate+1","Clash+1","Flex+1","Double Tap","Perfected Strike+1","Normality","Shockwave+1","Armaments+1","Madness+1","Madness+1"],"relics":["Burning Blood","Strawberry","Prayer Wheel","Ornamental Fan","Nunchaku","Vajra","Orichalcum","Lizard Tail","Oddly Smooth Stone","Letter Opener","The Courier","Pantograph","Eternal Feather","Mummified Hand","Mango","HandDrill","Toxic Egg 2","Girya","Mercury Hourglass","Red Mask"],"potions_floor_usage":[16,16,30,33,33,35,41,41,41,45,50],"damage_taken":[{"damage":5,"enemies":"Small Slimes","floor":1,"turns":4},{"damage":20,"enemies":"Gremlin Nob","floor":6,"turns":4},{"damage":12,"enemies":"Jaw Worm","floor":7,"turns":3},{"damage":26,"enemies":"Lagavulin","floor":8,"turns":6},{"damage":18,"enemies":"Gremlin Nob","floor":10,"turns":4},{"damage":1,"enemies":"2 Louse","floor":14,"turns":2},{"damage":27,"enemies":"The Guardian","floor":16,"turns":8},{"damage":22,"enemies":"2 Thieves","floor":18,"turns":3},{"damage":16,"enemies":"Chosen","floor":21,"turns":5},{"damage":30,"enemies":"Gremlin Leader","floor":23,"turns":5},{"damage":40,"enemies":"Snake Plant","floor":29,"turns":4},{"damage":3,"enemies":"Centurion and Healer","floor":30,"turns":2},{"damage":97,"enemies":"Automaton","floor":33,"turns":10},{"damage":33,"enemies":"3 Darklings","floor":35,"turns":3},{"damage":13,"enemies":"Orb Walker","floor":37,"turns":3},{"damage":50,"enemies":"Transient","floor":41,"turns":5},{"damage":9,"enemies":"4 Shapes","floor":42,"turns":2},{"damage":0,"enemies":"3 Darklings","floor":45,"turns":2},{"damage":104,"enemies":"Awakened One","floor":50,"turns":9}],"seed_played":"-5000798621575469151","potions_obtained":[{"floor":1,"key":"Dexterity Potion"},{"floor":8,"key":"SneckoOil"},{"floor":10,"key":"Ancient Potion"},{"floor":14,"key":"Regen Potion"},{"floor":18,"key":"Dexterity Potion"},{"floor":30,"key":"Regen Potion"},{"floor":33,"key":"Energy Potion"},{"floor":38,"key":"Explosive Potion"},{"floor":38,"key":"SteroidPotion"},{"floor":38,"key":"SpeedPotion"},{"floor":42,"key":"Explosive Potion"},{"floor":45,"key":"FearPotion"}],"is_trial":false,"path_per_floor":["M","?","?","$","?","E","M","E","T","E","R","$","R","M","R","B",null,"M","$","?","M","?","E","$","R","T","$","R","M","M","T","R","B",null,"M","?","M","?","$","R","M","M","T","?","M","?","R","?","R","B"],"character_chosen":"IRONCLAD","items_purchased":["Rampage","Orichalcum","Oddly Smooth Stone","Mummified Hand","Mango","HandDrill","Toxic Egg 2","Girya"],"campfire_rested":3,"item_purchase_floors":[4,12,19,39,39,39,39,39],"current_hp_per_floor":[87,87,76,76,76,62,56,36,36,24,50,50,50,55,55,49,87,71,71,54,44,44,20,20,47,47,47,47,13,16,16,43,39,92,65,65,58,58,72,84,40,37,37,93,93,93,93,81,93,0],"gold":0,"neow_bonus":"RANDOM_COMMON_RELIC","is_prod":false,"is_daily":false,"chose_seed":false,"campfire_upgraded":3,"win_rate":0,"timestamp":1552916610,"path_taken":["M","?","?","$","?","E","?","E","T","E","R","$","R","M","R","BOSS","M","$","?","M","?","E","?","R","T","$","R","M","M","?","R","BOSS","M","?","M","?","$","R","?","M","T","?","M","?","R","?","R","BOSS"],"build_version":"2019-01-23","purchased_purges":2,"victory":false,"max_hp_per_floor":[87,87,87,87,87,87,87,87,87,87,87,87,87,87,87,87,87,87,87,92,92,92,92,92,92,92,92,92,92,92,92,92,92,92,92,92,92,92,106,106,106,106,106,93,93,93,93,93,93,93],"card_choices":[{"not_picked":["Twin Strike","Sword Boomerang"],"picked":"Clothesline","floor":1},{"not_picked":["Cleave","Metallicize"],"picked":"Inflame","floor":6},{"not_picked":["Bloodletting","Reckless Charge"],"picked":"Wild Strike","floor":7},{"not_picked":["Sever Soul","Clothesline","Flex"],"picked":"SKIP","floor":7},{"not_picked":["Fire Breathing","Warcry"],"picked":"Cleave","floor":8},{"not_picked":["Burning Pact","Rampage"],"picked":"Spot Weakness","floor":10},{"not_picked":["Shrug It Off","Heavy Blade"],"picked":"Clash","floor":14},{"not_picked":["Intimidate","Warcry","Dropkick"],"picked":"SKIP","floor":14},{"not_picked":["Exhume","Dark Embrace"],"picked":"Immolate","floor":16},{"not_picked":["Blood for Blood","Warcry"],"picked":"Clash+1","floor":18},{"not_picked":["True Grit","Hemokinesis","Pummel+1"],"picked":"SKIP","floor":18},{"not_picked":["Heavy Blade","Corruption","Exhume"],"picked":"SKIP","floor":21},{"not_picked":["Clash","True Grit","Cleave+1"],"picked":"SKIP","floor":21},{"not_picked":["Exhume","Reckless Charge"],"picked":"Flex+1","floor":23},{"not_picked":["Whirlwind+1","Cleave","Feel No Pain"],"picked":"SKIP","floor":29},{"not_picked":["Heavy Blade","Twin Strike","Cleave"],"picked":"SKIP","floor":29},{"not_picked":["Seeing Red","Rage","Headbutt"],"picked":"SKIP","floor":30},{"not_picked":["Warcry","Cleave+1","Clothesline"],"picked":"SKIP","floor":30},{"not_picked":["Brutality","Demon Form"],"picked":"Double Tap","floor":33},{"not_picked":["Flex","Warcry"],"picked":"Perfected Strike+1","floor":35},{"not_picked":["Uppercut+1","Blood for Blood","Thunderclap+1"],"picked":"SKIP","floor":35},{"not_picked":["Cleave+1","Infernal Blade","Armaments"],"picked":"SKIP","floor":37},{"not_picked":["Pommel Strike","Dropkick","True Grit"],"picked":"SKIP","floor":37},{"not_picked":["Entrench+1","Wild Strike","Twin Strike"],"picked":"SKIP","floor":41},{"not_picked":["Havoc+1","Combust+1","Uppercut"],"picked":"SKIP","floor":41},{"not_picked":["Metallicize+1","Disarm+1"],"picked":"Shockwave+1","floor":42},{"not_picked":["Searing Blow+1","Whirlwind","Iron Wave"],"picked":"SKIP","floor":42},{"not_picked":["True Grit+1","Clash+1"],"picked":"Armaments+1","floor":45},{"not_picked":["Clothesline+1","Burning Pact+1","Demon Form"],"picked":"SKIP","floor":45}],"player_experience":361545,"relics_obtained":[{"floor":6,"key":"Prayer Wheel"},{"floor":8,"key":"Ornamental Fan"},{"floor":9,"key":"Nunchaku"},{"floor":10,"key":"Vajra"},{"floor":23,"key":"Letter Opener"},{"floor":26,"key":"The Courier"},{"floor":31,"key":"Pantograph"},{"floor":43,"key":"Mercury Hourglass"}],"event_choices":[{"damage_healed":0,"gold_gain":0,"player_choice":"Grow","damage_taken":0,"max_hp_gain":0,"max_hp_loss":0,"event_name":"Living Wall","floor":2,"gold_loss":0,"cards_upgraded":["Clothesline"]},{"damage_healed":0,"gold_gain":75,"player_choice":"Gather Gold","damage_taken":11,"max_hp_gain":0,"max_hp_loss":0,"event_name":"World of Goop","floor":3,"gold_loss":0},{"damage_healed":0,"gold_gain":0,"player_choice":"Ignored","damage_taken":0,"max_hp_gain":0,"max_hp_loss":0,"event_name":"Liars Game","floor":5,"gold_loss":0},{"damage_healed":0,"gold_gain":0,"player_choice":"Shed Blood","damage_taken":22,"max_hp_gain":5,"max_hp_loss":0,"event_name":"Forgotten Altar","floor":20,"gold_loss":0},{"damage_healed":0,"gold_gain":0,"player_choice":"Ignored","damage_taken":0,"max_hp_gain":0,"max_hp_loss":0,"event_name":"Ghosts","floor":22,"gold_loss":0},{"damage_healed":0,"gold_gain":999,"player_choice":"Gold","damage_taken":0,"max_hp_gain":0,"max_hp_loss":0,"event_name":"MindBloom","floor":36,"gold_loss":0,"cards_obtained":["Normality","Normality"]},{"damage_healed":0,"gold_gain":0,"player_choice":"Got Potions","damage_taken":0,"max_hp_gain":0,"max_hp_loss":0,"event_name":"Lab","floor":38,"gold_loss":0},{"damage_healed":93,"gold_gain":0,"player_choice":"Heal","damage_taken":0,"max_hp_gain":0,"max_hp_loss":13,"event_name":"The Moai Head","floor":44,"gold_loss":0},{"damage_healed":0,"gold_gain":0,"player_choice":"Paid","damage_taken":0,"relics_obtained":["Red Mask"],"max_hp_gain":0,"max_hp_loss":0,"event_name":"Tomb of Lord Red Mask","floor":46,"gold_loss":166},{"damage_healed":0,"gold_gain":0,"player_choice":"Embrace Madness","damage_taken":12,"max_hp_gain":0,"max_hp_loss":0,"event_name":"Winding Halls","floor":48,"gold_loss":0,"cards_obtained":["Madness","Madness"]}],"is_beta":false,"boss_relics":[{"not_picked":["Busted Crown","Fusion Hammer"],"picked":"Lizard Tail"},{"not_picked":["Snecko Eye","Calling Bell"],"picked":"Eternal Feather"}],"items_purged_floors":[4,39],"is_endless":false,"potions_floor_spawned":[1,8,10,14,18,30,33,42,45],"killed_by":"Awakened One","ascension_level":2}