{"gold_per_floor":[118,118,135,60,75,75,109,109,109,125,125,125,125,125,125,246,246,259,259,277,290,44,79,79,79],"floor_reached":25,"playtime":613,"items_purged":["Decay"],"score":252,"play_id":"6b6c9cd7-629e-4503-8f87-4916fcb32d2a","local_time":"20181109183649","is_ascension_mode":true,"campfire_choices":[{"data":"Bloodletting","floor":6,"key":"SMITH"},{"data":"Flex","floor":8,"key":"SMITH"},{"data":"Limit Break","floor":11,"key":"SMITH"},{"data":"Bash","floor":13,"key":"SMITH"},{"data":"Whirlwind","floor":15,"key":"SMITH"},{"data":"Inflame","floor":24,"key":"SMITH"}],"neow_cost":"CURSE","seed_source_timestamp":14425481986392,"circlet_count":0,"master_deck":["Strike_R","Strike_R","Strike_R","Defend_R","Defend_R","Defend_R","Defend_R","Bash+1","Bloodletting+1","Whirlwind+1","Flex+1","Clash","Metallicize","Whirlwind+1","Limit Break+1","Limit Break","Clash+1","Heavy Blade","Cleave+1","Bloodletting","Pommel Strike","Inflame+1","Heavy Blade"],"relics":["Burning Blood","Question Card","Golden Idol","Prayer Wheel","Busted Crown","Nloth\u0027s Gift","Brimstone","StoneCalendar"],"potions_floor_usage":[7,16,25],"damage_taken":[{"damage":0,"enemies":"2 Louse","floor":1,"turns":1},{"damage":3,"enemies":"Cultist","floor":3,"turns":2},{"damage":0,"enemies":"Small Slimes","floor":5,"turns":1},{"damage":19,"enemies":"3 Sentries","floor":7,"turns":5},{"damage":6,"enemies":"Looter","floor":10,"turns":2},{"damage":24,"enemies":"The Guardian","floor":16,"turns":6},{"damage":2,"enemies":"Chosen","floor":18,"turns":3},{"damage":22,"enemies":"2 Thieves","floor":20,"turns":3},{"damage":15,"enemies":"Cultist and Chosen","floor":21,"turns":3},{"damage":29,"enemies":"Slavers","floor":23,"turns":3},{"damage":35,"enemies":"Book of Stabbing","floor":25,"turns":2}],"seed_played":"-3304594391079459514","potions_obtained":[{"floor":1,"key":"Explosive Potion"},{"floor":7,"key":"Energy Potion"},{"floor":23,"key":"PowerPotion"}],"is_trial":false,"path_per_floor":["M","?","M","$","M","R","E","R","T","M","R","?","R","?","R","B",null,"M","?","M","M","$","E","R","E"],"character_chosen":"IRONCLAD","items_purchased":["Inflame","Brimstone"],"campfire_rested":0,"item_purchase_floors":[22,22],"current_hp_per_floor":[80,80,80,80,80,80,67,67,67,67,67,47,47,40,40,22,80,80,80,64,55,55,32,32,0],"gold":79,"neow_bonus":"TRANSFORM_TWO_CARDS","is_prod":false,"is_daily":false,"chose_seed":false,"campfire_upgraded":6,"win_rate":0,"timestamp":1541806609,"path_taken":["M","?","?","$","M","R","E","R","T","M","R","?","R","?","R","BOSS","M","?","?","M","$","E","R","E"],"build_version":"2018-11-08","purchased_purges":1,"victory":false,"max_hp_per_floor":[80,80,80,80,80,80,80,80,80,80,80,80,80,80,80,80,80,80,80,80,80,80,80,80,80],"card_choices":[{"not_picked":["Pommel Strike","Wild Strike"],"picked":"Flex","floor":1},{"not_picked":["Anger","Wild Strike"],"picked":"Clash","floor":3},{"not_picked":["Perfected Strike","Cleave"],"picked":"Metallicize","floor":5},{"not_picked":["Carnage","Warcry"],"picked":"Whirlwind","floor":7},{"not_picked":["Anger","Second Wind","Twin Strike"],"picked":"Limit Break","floor":10},{"not_picked":["Brutality","Juggernaut","Double Tap"],"picked":"Limit Break","floor":16},{"not_picked":["Twin Strike"],"picked":"Clash+1","floor":18},{"not_picked":["Armaments+1"],"picked":"Heavy Blade","floor":18},{"not_picked":["Sword Boomerang+1"],"picked":"Cleave+1","floor":20},{"not_picked":["Sever Soul"],"picked":"Bloodletting","floor":20},{"not_picked":["Shockwave"],"picked":"Pommel Strike","floor":21},{"not_picked":["Wild Strike+1","Blood for Blood"],"picked":"SKIP","floor":21},{"not_picked":["Berserk"],"picked":"Heavy Blade","floor":23}],"player_experience":112745,"relics_obtained":[{"floor":7,"key":"Question Card"},{"floor":9,"key":"Boot"},{"floor":23,"key":"StoneCalendar"}],"event_choices":[{"damage_healed":0,"gold_gain":0,"player_choice":"Upgraded","damage_taken":0,"max_hp_gain":0,"max_hp_loss":0,"event_name":"Upgrade Shrine","floor":2,"gold_loss":0,"cards_upgraded":["Whirlwind"]},{"damage_healed":0,"gold_gain":0,"player_choice":"Take Damage","damage_taken":20,"relics_obtained":["Golden Idol"],"max_hp_gain":0,"max_hp_loss":0,"event_name":"Golden Idol","floor":12,"gold_loss":0},{"damage_healed":0,"gold_gain":0,"player_choice":"Success","damage_taken":7,"relics_obtained":["Prayer Wheel"],"max_hp_gain":0,"max_hp_loss":0,"event_name":"Scrap Ooze","floor":14,"gold_loss":0},{"damage_healed":0,"gold_gain":0,"player_choice":"Traded Relic","damage_taken":0,"relics_obtained":["Nloth\u0027s Gift"],"max_hp_gain":0,"max_hp_loss":0,"event_name":"N\u0027loth","floor":19,"relics_lost":["Boot"],"gold_loss":0}],"is_beta":true,"boss_relics":[{"not_picked":["Lizard Tail","Tiny House"],"picked":"Busted Crown"}],"items_purged_floors":[4],"is_endless":false,"potions_floor_spawned":[1,7,23],"killed_by":"Book of Stabbing","ascension_level":3}