{"gold_per_floor":[118,132,53,68,80,80,45,45,98,125,90,125,136,170,170,274,274,293,293,241,258,173,173,193,228,273,273,273,293,293,309,309,309],"floor_reached":33,"playtime":1116,"items_purged":[],"score":299,"play_id":"91809033-c58d-4a61-8ea0-467af1910716","local_time":"20190306033120","is_ascension_mode":true,"campfire_choices":[{"data":"Noxious Fumes","floor":6,"key":"SMITH"},{"data":"Noxious Fumes","floor":15,"key":"SMITH"},{"data":"Backstab","floor":23,"key":"SMITH"},{"floor":27,"key":"REST"},{"floor":32,"key":"REST"}],"neow_cost":"NONE","seed_source_timestamp":41246347764813,"circlet_count":0,"master_deck":["Defend_G","Defend_G","Defend_G","Defend_G","Defend_G","Strike_G","Strike_G","Strike_G","Strike_G","Strike_G","Survivor","Neutralize","Dodge and Roll","Flying Knee","Noxious Fumes+1","Leg Sweep","Bane","Bouncing Flask","Noxious Fumes+1","Bane","Noxious Fumes+1","Poisoned Stab","Backstab+1","RitualDagger","Bane"],"relics":["Ring of the Snake","Smiling Mask","Strawberry","Pen Nib","Centennial Puzzle","Du-Vu Doll","Lizard Tail","MutagenicStrength","Shuriken","Bottled Lightning","Regal Pillow"],"potions_floor_usage":[4,10,12,21,33],"damage_taken":[{"damage":0,"enemies":"Cultist","floor":1,"turns":4},{"damage":0,"enemies":"2 Louse","floor":2,"turns":4},{"damage":0,"enemies":"Small Slimes","floor":4,"turns":5},{"damage":5,"enemies":"Exordium Wildlife","floor":5,"turns":5},{"damage":17,"enemies":"Gremlin Nob","floor":10,"turns":5},{"damage":14,"enemies":"3 Sentries","floor":12,"turns":3},{"damage":2,"enemies":"Looter","floor":13,"turns":2},{"damage":24,"enemies":"Gremlin Nob","floor":14,"turns":4},{"damage":21,"enemies":"The Guardian","floor":16,"turns":10},{"damage":7,"enemies":"3 Byrds","floor":18,"turns":3},{"damage":4,"enemies":"Spheric Guardian","floor":21,"turns":4},{"damage":10,"enemies":"Cultist and Chosen","floor":24,"turns":4},{"damage":53,"enemies":"Gremlin Leader","floor":25,"turns":5},{"damage":22,"enemies":"Colosseum Slavers","floor":28,"turns":4},{"damage":21,"enemies":"Chosen and Byrds","floor":29,"turns":5},{"damage":12,"enemies":"Snecko","floor":31,"turns":4},{"damage":74,"enemies":"Automaton","floor":33,"turns":6}],"seed_played":"5249699289104295453","potions_obtained":[{"floor":2,"key":"Fire Potion"},{"floor":5,"key":"PowerPotion"},{"floor":10,"key":"SkillPotion"},{"floor":18,"key":"GhostInAJar"},{"floor":31,"key":"Dexterity Potion"}],"is_trial":false,"path_per_floor":["M","M","$","M","M","R","$","?","T","E","?","E","M","E","R","B",null,"M","?","$","M","?","R","M","E","T","R","?","M","?","M","R","B"],"character_chosen":"THE_SILENT","items_purchased":["Leg Sweep","Noxious Fumes","Poisoned Stab"],"campfire_rested":2,"item_purchase_floors":[3,7,20],"current_hp_per_floor":[70,70,70,70,65,65,65,65,72,55,74,60,58,34,34,13,77,70,70,70,66,66,66,56,3,3,41,19,38,32,20,58,0],"gold":309,"neow_bonus":"THREE_CARDS","is_prod":false,"is_daily":false,"chose_seed":false,"campfire_upgraded":3,"win_rate":0,"timestamp":1551871880,"path_taken":["M","?","$","M","M","R","$","?","T","E","?","E","M","E","R","BOSS","M","?","$","M","?","R","M","E","T","R","?","M","?","?","R","BOSS"],"build_version":"2019-01-23","purchased_purges":0,"victory":false,"max_hp_per_floor":[70,70,70,70,70,70,70,70,77,77,77,77,77,77,77,77,77,77,77,77,77,77,77,77,77,77,77,77,77,77,77,77,77],"card_choices":[{"not_picked":["Underhanded Strike","Eviscerate"],"picked":"Dodge and Roll","floor":0},{"not_picked":["Catalyst","Prepared"],"picked":"Flying Knee","floor":1},{"not_picked":["Dodge and Roll","Flying Knee"],"picked":"Noxious Fumes","floor":2},{"not_picked":["Acrobatics","Blade Dance"],"picked":"Bane","floor":4},{"not_picked":["Dagger Spray","Deflect"],"picked":"Bouncing Flask","floor":5},{"not_picked":["Accuracy","Quick Slash"],"picked":"Bane","floor":10},{"not_picked":["Flying Knee","Dodge and Roll","Prepared"],"picked":"SKIP","floor":12},{"not_picked":["Sucker Punch","Slice","Concentrate"],"picked":"SKIP","floor":13},{"not_picked":["Accuracy","Distraction","Predator"],"picked":"SKIP","floor":14},{"not_picked":["Dagger Throw","Prepared"],"picked":"Noxious Fumes+1","floor":18},{"not_picked":["Deadly Poison","Quick Slash"],"picked":"Backstab","floor":21},{"not_picked":["Accuracy","Outmaneuver","Blade Dance"],"picked":"SKIP","floor":24},{"not_picked":["Quick Slash","Grand Finale","PiercingWail"],"picked":"SKIP","floor":25},{"not_picked":["Setup","Dagger Spray","All Out Attack"],"picked":"SKIP","floor":29},{"not_picked":["Deadly Poison","PiercingWail"],"picked":"Bane","floor":31}],"player_experience":305677,"relics_obtained":[{"floor":9,"key":"Strawberry"},{"floor":10,"key":"Pen Nib"},{"floor":12,"key":"Centennial Puzzle"},{"floor":14,"key":"Du-Vu Doll"},{"floor":25,"key":"Bottled Lightning"},{"floor":26,"key":"Regal Pillow"}],"event_choices":[{"damage_healed":0,"gold_gain":0,"player_choice":"Searched \u00271\u0027 times","damage_taken":0,"relics_obtained":["Smiling Mask"],"max_hp_gain":0,"max_hp_loss":0,"event_name":"Dead Adventurer","floor":8,"gold_loss":0},{"damage_healed":19,"gold_gain":0,"player_choice":"Healed","damage_taken":0,"max_hp_gain":0,"max_hp_loss":0,"event_name":"The Cleric","floor":11,"gold_loss":35},{"damage_healed":0,"gold_gain":0,"player_choice":"Inject Mutagens","damage_taken":0,"relics_obtained":["MutagenicStrength"],"max_hp_gain":0,"max_hp_loss":0,"event_name":"Drug Dealer","floor":19,"gold_loss":0},{"damage_healed":0,"gold_gain":0,"player_choice":"Obtained Relic","damage_taken":0,"relics_obtained":["Shuriken"],"max_hp_gain":0,"max_hp_loss":0,"event_name":"Addict","floor":22,"gold_loss":85},{"damage_healed":0,"gold_gain":0,"player_choice":"Fight","damage_taken":0,"max_hp_gain":0,"max_hp_loss":0,"event_name":"Colosseum","floor":28,"gold_loss":0},{"damage_healed":0,"gold_gain":0,"player_choice":"Fled From Nobs","damage_taken":0,"max_hp_gain":0,"max_hp_loss":0,"event_name":"Colosseum","floor":28,"gold_loss":0},{"damage_healed":0,"gold_gain":0,"player_choice":"Joined the Cult","damage_taken":6,"max_hp_gain":0,"max_hp_loss":0,"event_name":"Nest","floor":30,"gold_loss":0,"cards_obtained":["RitualDagger"]}],"is_beta":false,"boss_relics":[{"not_picked":["Eternal Feather","Cursed Key"],"picked":"Lizard Tail"}],"items_purged_floors":[],"is_endless":false,"potions_floor_spawned":[2,5,10,18,28,31],"killed_by":"Automaton","ascension_level":1}