{"gold_per_floor":[113,61,78,92,56,91,91,120,120,82,95,129,129,141,141,141],"floor_reached":16,"playtime":478,"items_purged":[],"score":132,"play_id":"9973fd9e-40e9-4424-ae78-8125e1189687","local_time":"20190320050544","is_ascension_mode":true,"campfire_choices":[{"data":"Uppercut","floor":7,"key":"SMITH"},{"floor":13,"key":"REST"},{"data":"Flame Barrier","floor":15,"key":"SMITH"}],"neow_cost":"NONE","seed_source_timestamp":332807745515909,"circlet_count":0,"master_deck":["Strike_R","Strike_R","Strike_R","Strike_R","Strike_R","Defend_R","Defend_R","Defend_R","Defend_R","Bash","Exhume","Searing Blow","Clothesline","Clash","Uppercut+1","Headbutt","Rage","Metallicize","Cleave","Flame Barrier+1"],"relics":["Burning Blood","Shuriken","Paper Frog","Mercury Hourglass","Lantern"],"potions_floor_usage":[6,6,12],"damage_taken":[{"damage":15,"enemies":"Small Slimes","floor":1,"turns":3},{"damage":5,"enemies":"2 Louse","floor":3,"turns":2},{"damage":0,"enemies":"Cultist","floor":4,"turns":3},{"damage":13,"enemies":"Lagavulin","floor":6,"turns":4},{"damage":33,"enemies":"3 Sentries","floor":8,"turns":7},{"damage":17,"enemies":"Exordium Wildlife","floor":11,"turns":4},{"damage":15,"enemies":"Lagavulin","floor":12,"turns":4},{"damage":3,"enemies":"Red Slaver","floor":14,"turns":3},{"damage":57,"enemies":"Slime Boss","floor":16,"turns":9}],"seed_played":"1807136719042327760","potions_obtained":[{"floor":3,"key":"SteroidPotion"},{"floor":4,"key":"Fire Potion"},{"floor":11,"key":"Strength Potion"}],"is_trial":false,"path_per_floor":["M","$","M","M","$","E","R","E","T","$","M","E","R","M","R","B"],"character_chosen":"IRONCLAD","items_purchased":["Clothesline","Uppercut","Metallicize"],"campfire_rested":1,"item_purchase_floors":[2,5,10],"current_hp_per_floor":[71,71,72,78,78,71,71,44,44,44,33,24,48,51,51,0],"gold":141,"neow_bonus":"ONE_RANDOM_RARE_CARD","is_prod":false,"is_daily":false,"chose_seed":false,"campfire_upgraded":2,"win_rate":0,"timestamp":1553083544,"path_taken":["M","$","M","M","$","E","R","E","T","$","M","E","R","M","R","BOSS"],"build_version":"2019-01-23","purchased_purges":0,"victory":false,"max_hp_per_floor":[80,80,80,80,80,80,80,80,80,80,80,80,80,80,80,80],"card_choices":[{"not_picked":["Wild Strike","Heavy Blade"],"picked":"Searing Blow","floor":1},{"not_picked":["Pummel","Body Slam","Havoc"],"picked":"SKIP","floor":3},{"not_picked":["Burning Pact","Pommel Strike"],"picked":"Clash","floor":4},{"not_picked":["Burning Pact","Havoc"],"picked":"Headbutt","floor":6},{"not_picked":["Flex","Disarm"],"picked":"Rage","floor":8},{"not_picked":["Carnage","Disarm"],"picked":"Cleave","floor":11},{"not_picked":["Wild Strike","Clothesline","Perfected Strike"],"picked":"SKIP","floor":12},{"not_picked":["Power Through","Clash"],"picked":"Flame Barrier","floor":14}],"player_experience":373502,"relics_obtained":[{"floor":6,"key":"Shuriken"},{"floor":8,"key":"Paper Frog"},{"floor":9,"key":"Mercury Hourglass"},{"floor":12,"key":"Lantern"}],"event_choices":[],"is_beta":false,"boss_relics":[],"items_purged_floors":[],"is_endless":false,"potions_floor_spawned":[3,4,11],"killed_by":"Slime Boss","ascension_level":2}