{"gold_per_floor":[109,209,227,177,177,207,52,78,78,3,37,57,21,35,35,136,136,147,72,82,96,113,144,144,179,179,179,190,289,48,61,61,61],"floor_reached":33,"playtime":1414,"items_purged":["Regret"],"score":444,"play_id":"d1d18497-98ed-4852-83aa-99ec9ff09ea1","local_time":"20181208192615","is_ascension_mode":true,"campfire_choices":[{"data":"Corruption","floor":15,"key":"SMITH"},{"floor":24,"key":"REST"},{"data":"Dark Embrace","floor":27,"key":"SMITH"},{"data":"Juggernaut","floor":32,"key":"SMITH"}],"neow_cost":"NONE","seed_source_timestamp":583759075838079,"circlet_count":0,"master_deck":["Strike_R","Strike_R+1","Strike_R","Strike_R+1","Defend_R","Defend_R","Defend_R","Defend_R","Bash","Shockwave","Dark Embrace+1","Thunderclap+1","Corruption+1","Headbutt+1","True Grit","Seeing Red","Iron Wave+1","Juggernaut+1","Ghostly Armor+1","Sentinel","Shrug It Off+1","Havoc+1","Iron Wave+1","Burning Pact","Disarm","Shrug It Off","Shrug It Off"],"relics":["Burning Blood","NeowsBlessing","Ancient Tea Set","Molten Egg 2","Lantern","Pen Nib","Bottled Flame","Sozu","Potion Belt","Whetstone","Mercury Hourglass","Medical Kit"],"potions_floor_usage":[11,12,16,16],"damage_taken":[{"damage":0,"enemies":"Small Slimes","floor":1,"turns":1},{"damage":0,"enemies":"Cultist","floor":3,"turns":1},{"damage":0,"enemies":"Lagavulin","floor":6,"turns":1},{"damage":57,"enemies":"3 Sentries","floor":8,"turns":7},{"damage":17,"enemies":"Gremlin Nob","floor":11,"turns":4},{"damage":0,"enemies":"2 Louse","floor":12,"turns":1},{"damage":8,"enemies":"Looter","floor":14,"turns":3},{"damage":26,"enemies":"The Guardian","floor":16,"turns":10},{"damage":17,"enemies":"2 Thieves","floor":18,"turns":4},{"damage":14,"enemies":"Chosen","floor":20,"turns":5},{"damage":3,"enemies":"Shelled Parasite and Fungi","floor":21,"turns":4},{"damage":14,"enemies":"Snecko","floor":22,"turns":4},{"damage":39,"enemies":"Slavers","floor":23,"turns":6},{"damage":14,"enemies":"Book of Stabbing","floor":25,"turns":3},{"damage":4,"enemies":"Snake Plant","floor":28,"turns":4},{"damage":6,"enemies":"Shelled Parasite and Fungi","floor":31,"turns":4},{"damage":29,"enemies":"Champ","floor":33,"turns":7}],"seed_played":"-8177020855532369440","potions_obtained":[{"floor":1,"key":"FearPotion"},{"floor":8,"key":"Explosive Potion"},{"floor":11,"key":"AttackPotion"},{"floor":12,"key":"Fruit Juice"}],"is_trial":false,"path_per_floor":["M","?","M","?","?","E","$","E","T","$","E","M","$","M","R","B",null,"M","$","M","M","M","E","R","E","T","R","M","?","$","M","R","B"],"character_chosen":"IRONCLAD","items_purchased":["Lantern","Seeing Red","Sentinel","Medical Kit","Shrug It Off"],"campfire_rested":1,"item_purchase_floors":[7,13,19,30,30],"current_hp_per_floor":[80,80,80,80,80,80,80,29,29,29,18,29,29,27,27,7,66,55,55,47,50,42,9,34,26,26,26,28,28,28,28,28,0],"gold":61,"neow_bonus":"THREE_ENEMY_KILL","is_prod":false,"is_daily":false,"chose_seed":false,"campfire_upgraded":3,"win_rate":0,"timestamp":1544315175,"path_taken":["M","?","?","?","?","E","$","E","T","$","E","M","$","M","R","BOSS","M","$","M","M","M","E","R","E","T","R","M","?","$","M","R","BOSS"],"build_version":"2018-12-06","purchased_purges":1,"victory":false,"max_hp_per_floor":[80,80,80,80,80,80,80,80,80,80,80,85,85,85,85,85,85,85,85,85,85,85,85,85,85,85,85,85,85,85,85,85,85],"card_choices":[{"not_picked":["Anger","Iron Wave"],"picked":"Shockwave","floor":1},{"not_picked":["True Grit","Bloodletting"],"picked":"Dark Embrace","floor":3},{"not_picked":["Warcry","Havoc"],"picked":"Thunderclap","floor":6},{"not_picked":["Heavy Blade+1","Infernal Blade"],"picked":"Corruption","floor":8},{"not_picked":["Flex","Blood for Blood+1"],"picked":"Headbutt+1","floor":11},{"not_picked":["Metallicize","Heavy Blade+1"],"picked":"True Grit","floor":12},{"not_picked":["Reckless Charge+1","Anger+1"],"picked":"Iron Wave+1","floor":14},{"not_picked":["Offering","Immolate+1"],"picked":"Juggernaut","floor":16},{"not_picked":["Power Through","Perfected Strike+1"],"picked":"Ghostly Armor+1","floor":18},{"not_picked":["Twin Strike+1","Pommel Strike+1"],"picked":"Shrug It Off+1","floor":20},{"not_picked":["Headbutt+1","Wild Strike+1"],"picked":"Havoc+1","floor":21},{"not_picked":["Flex","Anger+1"],"picked":"Iron Wave+1","floor":22},{"not_picked":["Carnage+1","Double Tap"],"picked":"Burning Pact","floor":23},{"not_picked":["Burning Pact","Cleave+1"],"picked":"Disarm","floor":25},{"not_picked":["Sever Soul+1","Havoc","Rupture+1"],"picked":"SKIP","floor":28},{"not_picked":["Sentinel","Battle Trance"],"picked":"Shrug It Off","floor":31}],"player_experience":145970,"relics_obtained":[{"floor":6,"key":"Molten Egg 2"},{"floor":8,"key":"Pen Nib"},{"floor":11,"key":"Bottled Flame"},{"floor":23,"key":"Potion Belt"},{"floor":25,"key":"Whetstone"},{"floor":26,"key":"Mercury Hourglass"}],"event_choices":[{"damage_healed":0,"gold_gain":100,"player_choice":"Pray","damage_taken":0,"max_hp_gain":0,"max_hp_loss":0,"event_name":"Golden Shrine","floor":2,"gold_loss":0},{"cards_removed":["Strike_R"],"damage_healed":0,"gold_gain":0,"player_choice":"Card Removal","damage_taken":0,"max_hp_gain":0,"max_hp_loss":0,"event_name":"The Cleric","floor":4,"gold_loss":50},{"damage_healed":0,"gold_gain":0,"player_choice":"Box","damage_taken":0,"relics_obtained":["Ancient Tea Set"],"max_hp_gain":0,"max_hp_loss":0,"event_name":"Big Fish","floor":5,"gold_loss":0,"cards_obtained":["Regret"]},{"damage_healed":0,"gold_gain":99,"player_choice":"Stole From Cult","damage_taken":0,"max_hp_gain":0,"max_hp_loss":0,"event_name":"Nest","floor":29,"gold_loss":0}],"is_beta":true,"boss_relics":[{"not_picked":["Runic Cube","Pandora\u0027s Box"],"picked":"Sozu"}],"items_purged_floors":[10],"is_endless":false,"potions_floor_spawned":[1,8,11,12,18,20,23,28],"killed_by":"Champ","ascension_level":5}