{"gold_per_floor":[14,31,31,31,50,50,83,103,155,155,167,167],"floor_reached":12,"playtime":385,"items_purged":[],"score":113,"play_id":"b85df5cf-6dc1-4913-930b-b66f82ae2f03","local_time":"20190312050915","is_ascension_mode":true,"campfire_choices":[{"data":"Seeing Red","floor":6,"key":"SMITH"}],"neow_cost":"NO_GOLD","seed_source_timestamp":340244603546907,"circlet_count":0,"master_deck":["Strike_R","Strike_R","Strike_R+1","Strike_R+1","Strike_R","Defend_R","Defend_R","Defend_R","Defend_R","Bash","Combust","Seeing Red+1","Brutality","Shrug It Off"],"relics":["Burning Blood","Question Card","Pen Nib","FaceOfCleric"],"potions_floor_usage":[11],"damage_taken":[{"damage":1,"enemies":"Cultist","floor":1,"turns":3},{"damage":7,"enemies":"Small Slimes","floor":2,"turns":4},{"damage":10,"enemies":"2 Louse","floor":5,"turns":2},{"damage":43,"enemies":"3 Sentries","floor":7,"turns":9},{"damage":32,"enemies":"Lots of Slimes","floor":8,"turns":4},{"damage":3,"enemies":"2 Fungi Beasts","floor":11,"turns":3},{"damage":25,"enemies":"Lagavulin","floor":12,"turns":3}],"seed_played":"1654203519268799379","potions_obtained":[{"floor":7,"key":"Swift Potion"},{"floor":11,"key":"Explosive Potion"}],"is_trial":false,"path_per_floor":["M","M","?","$","M","R","E","M","T","?","M","E"],"character_chosen":"IRONCLAD","items_purchased":[],"campfire_rested":0,"item_purchase_floors":[],"current_hp_per_floor":[96,95,76,76,72,72,35,9,9,9,13,0],"gold":167,"neow_bonus":"TWENTY_PERCENT_HP_BONUS","is_prod":false,"is_daily":false,"chose_seed":false,"campfire_upgraded":1,"win_rate":0,"timestamp":1552392555,"path_taken":["M","?","?","$","M","R","E","M","T","?","M","E"],"build_version":"2019-01-23","purchased_purges":0,"victory":false,"max_hp_per_floor":[96,96,96,96,96,96,96,96,96,96,97,97],"card_choices":[{"not_picked":["Iron Wave","Armaments"],"picked":"Combust","floor":1},{"not_picked":["Armaments","Flex"],"picked":"Seeing Red","floor":2},{"not_picked":["Power Through","Dual Wield"],"picked":"Brutality","floor":5},{"not_picked":["Sentinel","Clash"],"picked":"Shrug It Off","floor":7},{"not_picked":["Perfected Strike","Headbutt","Armaments","Iron Wave"],"picked":"SKIP","floor":8},{"not_picked":["Disarm","Flex","Carnage","Anger"],"picked":"SKIP","floor":11}],"player_experience":331294,"relics_obtained":[{"floor":7,"key":"Question Card"},{"floor":9,"key":"Pen Nib"}],"event_choices":[{"damage_healed":0,"gold_gain":0,"player_choice":"Entered Light","damage_taken":19,"max_hp_gain":0,"max_hp_loss":0,"event_name":"Shining Light","floor":3,"gold_loss":0,"cards_upgraded":["Strike_R","Strike_R"]},{"damage_healed":0,"gold_gain":0,"player_choice":"Trade","damage_taken":0,"relics_obtained":["FaceOfCleric"],"max_hp_gain":0,"max_hp_loss":0,"event_name":"FaceTrader","floor":10,"gold_loss":0}],"is_beta":false,"boss_relics":[],"items_purged_floors":[],"is_endless":false,"potions_floor_spawned":[7,11],"killed_by":"Lagavulin","ascension_level":2}