{"gold_per_floor":[109,284,7,7,24,55,55,86,86,86,113,113,131,162,174,285,297,328,255,279,291,318,330,367,56,80,95,105,105,119,129,129,129],"floor_reached":33,"playtime":1170,"items_purged":["Doubt","Strike_B"],"score":336,"play_id":"1cf08015-fb65-421a-b47f-fb39690debc8","local_time":"20190305062123","is_ascension_mode":true,"campfire_choices":[{"data":"Zap","floor":7,"key":"SMITH"},{"data":"Defragment","floor":10,"key":"SMITH"},{"floor":12,"key":"REST"},{"data":"Sunder","floor":15,"key":"SMITH"},{"data":"Dualcast","floor":23,"key":"SMITH"},{"floor":29,"key":"DIG"},{"floor":32,"key":"REST"}],"neow_cost":"NONE","seed_source_timestamp":8596911765524,"circlet_count":0,"master_deck":["Strike_B","Strike_B","Defend_B","Defend_B","Defend_B","Defend_B","Zap+1","Dualcast+1","Sweeping Beam","Defragment+1","BootSequence","Storm","Sunder+1","Streamline","Beam Cell+1","Conserve Battery+1","Turbo+1","Electrodynamics","Defragment","Streamline+1"],"relics":["Cracked Core","NeowsBlessing","Chemical X","Torii","Anchor","Singing Bowl","Gambling Chip","MawBank","Lantern","Nunchaku","Shovel","Vajra","Molten Egg 2"],"potions_floor_usage":[11,13,14,16,22,24,28,30,33,33],"damage_taken":[{"damage":0,"enemies":"Small Slimes","floor":1,"turns":1},{"damage":0,"enemies":"2 Louse","floor":5,"turns":1},{"damage":0,"enemies":"Gremlin Nob","floor":6,"turns":1},{"damage":18,"enemies":"3 Sentries","floor":8,"turns":7},{"damage":19,"enemies":"Lagavulin","floor":11,"turns":4},{"damage":0,"enemies":"Jaw Worm","floor":13,"turns":2},{"damage":11,"enemies":"3 Sentries","floor":14,"turns":4},{"damage":15,"enemies":"Hexaghost","floor":16,"turns":7},{"damage":0,"enemies":"Chosen","floor":18,"turns":4},{"damage":11,"enemies":"Shell Parasite","floor":20,"turns":5},{"damage":1,"enemies":"Shelled Parasite and Fungi","floor":22,"turns":5},{"damage":18,"enemies":"Book of Stabbing","floor":24,"turns":3},{"damage":10,"enemies":"Sentry and Sphere","floor":27,"turns":3},{"damage":1,"enemies":"Snake Plant","floor":28,"turns":3},{"damage":10,"enemies":"Shelled Parasite and Fungi","floor":30,"turns":3},{"damage":15,"enemies":"Centurion and Healer","floor":31,"turns":4},{"damage":51,"enemies":"Automaton","floor":33,"turns":6}],"seed_played":"-1485150085930926252","potions_obtained":[{"floor":1,"key":"SneckoOil"},{"floor":8,"key":"Fire Potion"},{"floor":11,"key":"AttackPotion"},{"floor":13,"key":"PowerPotion"},{"floor":14,"key":"FocusPotion"},{"floor":16,"key":"EssenceOfSteel"},{"floor":22,"key":"PowerPotion"},{"floor":24,"key":"Weak Potion"},{"floor":28,"key":"AttackPotion"},{"floor":31,"key":"Energy Potion"}],"is_trial":false,"path_per_floor":["M","?","$","?","M","E","R","E","T","R","E","R","M","E","R","B",null,"M","?","M","T","M","R","E","$","T","M","M","R","M","M","R","B"],"character_chosen":"DEFECT","items_purchased":["Chemical X","Vajra","Defragment"],"campfire_rested":2,"item_purchase_floors":[3,25,25],"current_hp_per_floor":[75,75,75,68,68,68,68,50,50,50,31,53,55,44,44,31,79,79,79,68,68,67,67,49,49,49,41,42,42,32,19,44,0],"gold":129,"neow_bonus":"THREE_ENEMY_KILL","is_prod":false,"is_daily":false,"chose_seed":false,"campfire_upgraded":4,"win_rate":0,"timestamp":1551795683,"path_taken":["M","?","$","?","M","E","R","E","T","R","E","R","M","E","R","BOSS","M","?","M","?","M","R","E","$","T","M","M","R","M","?","R","BOSS"],"build_version":"2019-01-23","purchased_purges":2,"victory":false,"max_hp_per_floor":[75,75,75,75,75,75,75,75,75,75,75,75,77,77,77,79,79,79,79,79,79,79,79,79,79,79,81,83,83,83,85,85,85],"card_choices":[{"not_picked":["Recycle","Turbo"],"picked":"Sweeping Beam","floor":1},{"not_picked":["FTL","Capacitor"],"picked":"Defragment","floor":5},{"not_picked":["Rebound","Leap"],"picked":"BootSequence","floor":6},{"not_picked":["BootSequence","Stack"],"picked":"Storm","floor":8},{"not_picked":["Recycle","Amplify"],"picked":"Sunder","floor":11},{"not_picked":["Rebound","Barrage","Reprogram"],"picked":"Singing Bowl","floor":13},{"not_picked":["Ball Lightning","Sweeping Beam"],"picked":"Streamline","floor":14},{"not_picked":["Meteor Strike","Rainbow","Fission"],"picked":"Singing Bowl","floor":16},{"not_picked":["Glacier+1","Ball Lightning"],"picked":"Beam Cell+1","floor":18},{"not_picked":["Beam Cell","Go for the Eyes"],"picked":"Conserve Battery+1","floor":20},{"not_picked":["Compile Driver+1","Hologram"],"picked":"Turbo+1","floor":22},{"not_picked":["Double Energy","Creative AI"],"picked":"Electrodynamics","floor":24},{"not_picked":["Rebound","Chaos","Sweeping Beam"],"picked":"Singing Bowl","floor":27},{"not_picked":["Static Discharge","Streamline","Hologram+1"],"picked":"Singing Bowl","floor":28},{"not_picked":["Leap","Hologram"],"picked":"Streamline+1","floor":30},{"not_picked":["Coolheaded+1","Chill","Blizzard+1"],"picked":"Singing Bowl","floor":31}],"player_experience":297997,"relics_obtained":[{"floor":6,"key":"Torii"},{"floor":8,"key":"Anchor"},{"floor":9,"key":"Singing Bowl"},{"floor":11,"key":"Gambling Chip"},{"floor":14,"key":"MawBank"},{"floor":21,"key":"Nunchaku"},{"floor":24,"key":"Shovel"},{"floor":29,"key":"Molten Egg 2"}],"event_choices":[{"damage_healed":0,"gold_gain":175,"player_choice":"AGREE","damage_taken":0,"max_hp_gain":0,"max_hp_loss":0,"event_name":"Liars Game","floor":2,"gold_loss":0,"cards_obtained":["Doubt"]},{"cards_removed":["Strike_B"],"damage_healed":0,"gold_gain":0,"player_choice":"Card Removal","damage_taken":7,"max_hp_gain":0,"max_hp_loss":0,"event_name":"Golden Wing","floor":4,"gold_loss":0},{"damage_healed":0,"gold_gain":0,"player_choice":"Obtained Relic","damage_taken":0,"relics_obtained":["Lantern"],"max_hp_gain":0,"max_hp_loss":0,"event_name":"Addict","floor":19,"gold_loss":85}],"is_beta":false,"boss_relics":[{"not_picked":["Sozu","Fusion Hammer","Velvet Choker"]}],"items_purged_floors":[3,25],"is_endless":false,"potions_floor_spawned":[1,8,11,13,14,16,22,24,28,31],"killed_by":"Automaton","ascension_level":1}