{"gold_per_floor":[112,126,126,149,170,170,170,170,197,222,291,291,291,322,322,415,415,315,11,11,11,11,11,11,11,11,11,11,11,11,11,11,11,11,11,11,11,11,11,11,11,11,11,11,11,11,11,11,11,11,11],"floor_reached":52,"playtime":4566,"items_purged":["Pain"],"score":2066,"play_id":"94cab310-e111-4dca-861f-155808c8380c","local_time":"20181021094947","is_ascension_mode":true,"campfire_choices":[{"floor":6.0,"key":"REST"},{"floor":12.0,"key":"REST"},{"data":"Blizzard","floor":15.0,"key":"SMITH"},{"data":"Coolheaded","floor":23.0,"key":"SMITH"},{"data":"Glacier","floor":29.0,"key":"SMITH"},{"floor":32.0,"key":"REST"},{"data":"Defragment","floor":40.0,"key":"SMITH"},{"floor":44.0,"key":"REST"},{"floor":49,"key":"REST"}],"neow_cost":"PERCENT_DAMAGE","seed_source_timestamp":0,"circlet_count":0,"master_deck":["Strike_B","Strike_B","Defend_B","Defend_B","Defend_B","Defend_B","Zap","Dualcast","AscendersBane","Coolheaded+1","Tempest","Blizzard+1","Glacier+1","Cold Snap","Skim","Defragment+1","Go for the Eyes","Coolheaded+1","Conserve Battery+1"],"special_seed":0,"relics":["Cracked Core","Pocketwatch","Bag of Preparation","Tiny Chest","WarpedTongs","Art of War","Ectoplasm","Regal Pillow","Nloth\u0027s Gift","PreservedInsect","Centennial Puzzle","Busted Crown","Vajra","Anchor","Toxic Egg 2","Dream Catcher"],"potions_floor_usage":[50],"damage_taken":[{"damage":2.0,"enemies":"Jaw Worm","floor":1.0,"turns":3.0},{"damage":6.0,"enemies":"Small Slimes","floor":2.0,"turns":3.0},{"damage":0.0,"enemies":"2 Louse","floor":4.0,"turns":1.0},{"damage":15.0,"enemies":"Exordium Thugs","floor":5.0,"turns":4.0},{"damage":9.0,"enemies":"3 Louse","floor":10.0,"turns":5.0},{"damage":11.0,"enemies":"Gremlin Nob","floor":11.0,"turns":3.0},{"damage":3.0,"enemies":"Lagavulin","floor":14.0,"turns":7.0},{"damage":13.0,"enemies":"The Guardian","floor":16.0,"turns":9.0},{"damage":9.0,"enemies":"2 Thieves","floor":18.0,"turns":4.0},{"damage":0.0,"enemies":"Shell Parasite","floor":21.0,"turns":7.0},{"damage":0.0,"enemies":"Centurion and Healer","floor":25.0,"turns":7.0},{"damage":8.0,"enemies":"Cultist and Chosen","floor":27.0,"turns":8.0},{"damage":35.0,"enemies":"Gremlin Leader","floor":30.0,"turns":7.0},{"damage":0.0,"enemies":"Chosen and Byrds","floor":31.0,"turns":6.0},{"damage":0.0,"enemies":"Champ","floor":33.0,"turns":14.0},{"damage":9.0,"enemies":"3 Shapes","floor":35.0,"turns":5.0},{"damage":18.0,"enemies":"3 Darklings","floor":36.0,"turns":5.0},{"damage":42.0,"enemies":"Giant Head","floor":42.0,"turns":10.0},{"damage":0,"enemies":"Writhing Mass","floor":46,"turns":9},{"damage":12,"enemies":"Sphere and 2 Shapes","floor":47,"turns":6},{"damage":24,"enemies":"Time Eater","floor":50,"turns":20},{"damage":11,"enemies":"Awakened One","floor":51,"turns":35}],"seed_played":"4242221968792581850","potions_obtained":[{"floor":1.0,"key":"PowerPotion"},{"floor":4.0,"key":"Weak Potion"},{"floor":5.0,"key":"Poison Potion"},{"floor":14.0,"key":"PowerPotion"},{"floor":27.0,"key":"SpeedPotion"},{"floor":30.0,"key":"GamblersBrew"},{"floor":31.0,"key":"FairyPotion"},{"floor":36.0,"key":"Poison Potion"},{"floor":46,"key":"Weak Potion"}],"is_trial":false,"path_per_floor":["M","M","?","M","M","R","?","?","T","M","E","R","?","E","R","B",null,"M","$","?","M","$","R","?","M","T","M","?","R","E","M","R","B",null,"M","M","T","?","$","R","$","E","T","R","T","M","M","?","R","B","B"],"character_chosen":"DEFECT","items_purchased":["Regal Pillow","PowerPotion"],"campfire_rested":5,"item_purchase_floors":[19,19],"current_hp_per_floor":[44,38,38,38,23,42,42,42,42,33,22,41,41,38,38,25,54,45,45,74,74,74,74,74,74,74,66,45,45,10,10,48,48,71,62,44,44,44,44,44,44,2,2,40,40,40,28,28,65,41,30],"gold":11,"neow_bonus":"ONE_RARE_RELIC","is_prod":false,"is_daily":false,"chose_seed":false,"campfire_upgraded":4,"win_rate":0,"timestamp":1540129787,"path_taken":["M","M","?","M","M","R","?","?","T","?","E","R","?","E","R","BOSS","M","$","?","M","?","R","?","M","T","M","?","R","E","M","R","BOSS","M","M","?","?","$","R","$","E","T","R","?","M","?","?","R","BOSS","BOSS"],"build_version":"2018-10-18","purchased_purges":1,"victory":true,"max_hp_per_floor":[71,71,64,64,64,64,64,64,64,64,64,64,64,64,64,64,64,64,64,74,74,74,74,74,74,74,74,79,79,79,79,79,79,79,79,79,79,79,79,79,79,79,79,79,79,79,79,76,76,76,76],"card_choices":[{"not_picked":["White Noise","Gash"],"picked":"Coolheaded","floor":1.0},{"not_picked":["Storm","Hologram","Hello World"],"picked":"SKIP","floor":2.0},{"not_picked":["Rip and Tear","Turbo"],"picked":"Tempest","floor":4.0},{"not_picked":["Hello World","Rebound","Machine Learning"],"picked":"SKIP","floor":5.0},{"not_picked":["Loop","Compile Driver"],"picked":"Glacier","floor":10.0},{"not_picked":["Gash","Streamline","Stack"],"picked":"SKIP","floor":11.0},{"not_picked":["Meteor Strike","Ball Lightning"],"picked":"Cold Snap","floor":14.0},{"not_picked":["Machine Learning","Reboot"],"picked":"Seek","floor":16.0},{"not_picked":["Double Energy","Barrage","Beam Cell+1"],"picked":"SKIP","floor":18.0},{"not_picked":["Streamline","Sweeping Beam","Hologram"],"picked":"SKIP","floor":21.0},{"not_picked":["Hologram","FTL","Beam Cell"],"picked":"SKIP","floor":25.0},{"not_picked":["Turbo","Chill"],"picked":"Skim","floor":27.0},{"not_picked":["Streamline+1","Heatsinks"],"picked":"Defragment","floor":30.0},{"not_picked":["Reboot","Gash"],"picked":"Go for the Eyes","floor":31.0},{"not_picked":["Genetic Algorithm"],"picked":"SKIP","floor":35.0},{"not_picked":["Coolheaded"],"picked":"SKIP","floor":36.0},{"not_picked":["Rebound"],"picked":"SKIP","floor":42.0},{"not_picked":[],"picked":"Coolheaded+1","floor":46},{"not_picked":[],"picked":"Conserve Battery+1","floor":47}],"player_experience":989907,"relics_obtained":[{"floor":9.0,"key":"Bag of Preparation"},{"floor":11.0,"key":"Tiny Chest"},{"floor":14.0,"key":"Art of War"},{"floor":26.0,"key":"PreservedInsect"},{"floor":30.0,"key":"Centennial Puzzle"},{"floor":37.0,"key":"Vajra"},{"floor":42.0,"key":"Anchor"},{"floor":43.0,"key":"Toxic Egg 2"},{"floor":45.0,"key":"Dream Catcher"}],"event_choices":[{"damage_healed":0.0,"max_hp_gain":0.0,"max_hp_loss":7.0,"gold_gain":0.0,"event_name":"Golden Idol","player_choice":"Lose Max HP","floor":3.0,"gold_loss":0.0,"damage_taken":0.0,"relics_obtained":["Golden Idol"]},{"cards_removed":["Strike_B"],"damage_healed":0.0,"max_hp_gain":0.0,"max_hp_loss":0.0,"gold_gain":0.0,"event_name":"Purifier","player_choice":"Purged","floor":7.0,"gold_loss":0.0,"damage_taken":0.0},{"damage_healed":0.0,"max_hp_gain":0.0,"max_hp_loss":0.0,"gold_gain":0.0,"cards_transformed":["Strike_B"],"event_name":"Living Wall","player_choice":"Change","floor":8.0,"gold_loss":0.0,"damage_taken":0.0,"cards_obtained":["Blizzard"]},{"damage_healed":0.0,"max_hp_gain":0.0,"max_hp_loss":0.0,"gold_gain":0.0,"event_name":"Accursed Blacksmith","player_choice":"Rummage","floor":13.0,"gold_loss":0.0,"damage_taken":0.0,"relics_obtained":["WarpedTongs"],"cards_obtained":["Pain"]},{"cards_removed":["Seek"],"damage_healed":19.0,"max_hp_gain":10.0,"max_hp_loss":0.0,"gold_gain":0.0,"event_name":"Bonfire Elementals","player_choice":"Offered Rare","floor":20.0,"gold_loss":0.0,"damage_taken":0.0},{"damage_healed":0.0,"max_hp_gain":0.0,"max_hp_loss":0.0,"gold_gain":0.0,"event_name":"N\u0027loth","player_choice":"Traded Relic","floor":24.0,"relics_lost":["Golden Idol"],"gold_loss":0.0,"damage_taken":0.0,"relics_obtained":["Nloth\u0027s Gift"]},{"damage_healed":0.0,"max_hp_gain":5.0,"max_hp_loss":0.0,"gold_gain":0.0,"event_name":"Forgotten Altar","player_choice":"Shed Blood","floor":28.0,"gold_loss":0.0,"damage_taken":26.0},{"damage_healed":0.0,"max_hp_gain":0.0,"max_hp_loss":0.0,"gold_gain":0.0,"event_name":"SensoryStone","player_choice":"Memory 1","floor":38.0,"gold_loss":0.0,"damage_taken":0.0},{"cards_removed":["Parasite"],"damage_healed":0,"gold_gain":0,"player_choice":"Removed Curses","damage_taken":0,"max_hp_gain":0,"max_hp_loss":0,"event_name":"Fountain of Cleansing","floor":48,"gold_loss":0}],"is_beta":false,"boss_relics":[{"not_picked":["Calling Bell","Eternal Feather"],"picked":"Ectoplasm"},{"not_picked":["Tiny House","Coffee Dripper"],"picked":"Busted Crown"}],"items_purged_floors":[19],"is_endless":false,"potions_floor_spawned":[1,4,5,14,27,30,31,36,46],"ascension_level":20}