{"gold_per_floor":[117,117,142,162,183,183,222,234,246,258],"floor_reached":10,"playtime":636,"items_purged":[],"score":129,"play_id":"2170ffb4-8d7e-4447-b599-76fa5eea66ec","local_time":"20190317100934","is_ascension_mode":true,"campfire_choices":[{"data":"Cleave","floor":6,"key":"SMITH"},{"floor":8,"key":"REST"}],"neow_cost":"NONE","seed_source_timestamp":283325865439423,"circlet_count":0,"master_deck":["AscendersBane","Strike_R","Strike_R","Strike_R","Strike_R","Strike_R","Defend_R","Defend_R","Defend_R","Defend_R","Bash","Cleave+1","Clothesline","Shrug It Off","Barricade"],"relics":["Burning Blood","Blood Vial","Golden Idol","MawBank","Pear"],"potions_floor_usage":[7,7],"damage_taken":[{"damage":4,"enemies":"2 Louse","floor":1,"turns":4},{"damage":14,"enemies":"Small Slimes","floor":3,"turns":3},{"damage":6,"enemies":"Cultist","floor":4,"turns":3},{"damage":13,"enemies":"Blue Slaver","floor":5,"turns":5},{"damage":22,"enemies":"3 Sentries","floor":7,"turns":6},{"damage":66,"enemies":"Lagavulin","floor":10,"turns":10}],"seed_played":"233515613132236680","potions_obtained":[{"floor":1,"key":"Explosive Potion"},{"floor":5,"key":"BloodPotion"}],"is_trial":false,"path_per_floor":["M","?","M","M","M","R","E","R","T","E"],"character_chosen":"IRONCLAD","items_purchased":[],"campfire_rested":1,"item_purchase_floors":[],"current_hp_per_floor":[72,46,40,42,37,37,30,52,62,0],"gold":258,"neow_bonus":"RANDOM_COMMON_RELIC","is_prod":false,"is_daily":false,"chose_seed":false,"campfire_upgraded":1,"win_rate":0,"timestamp":1552831774,"path_taken":["M","?","M","M","M","R","E","R","T","E"],"build_version":"2019-03-15","purchased_purges":0,"victory":false,"max_hp_per_floor":[75,75,75,75,75,75,75,75,85,85],"card_choices":[{"not_picked":["Hemokinesis","Flex"],"picked":"Cleave","floor":1},{"not_picked":["Havoc","Armaments"],"picked":"Clothesline","floor":3},{"not_picked":["Ghostly Armor","Seeing Red"],"picked":"Shrug It Off","floor":4},{"not_picked":["Cleave","Body Slam"],"picked":"Barricade","floor":5},{"not_picked":["Warcry","Rampage","Sword Boomerang"],"picked":"SKIP","floor":7},{"not_picked":["Warcry","Rampage","Sword Boomerang"],"picked":"SKIP","floor":7},{"not_picked":["Warcry","Rampage","Sword Boomerang"],"picked":"SKIP","floor":7}],"player_experience":544569,"relics_obtained":[{"floor":7,"key":"MawBank"},{"floor":9,"key":"Pear"}],"event_choices":[{"damage_healed":0,"gold_gain":0,"player_choice":"Take Damage","damage_taken":26,"relics_obtained":["Golden Idol"],"max_hp_gain":0,"max_hp_loss":0,"event_name":"Golden Idol","floor":2,"gold_loss":0}],"is_beta":true,"boss_relics":[],"items_purged_floors":[],"is_endless":false,"potions_floor_spawned":[1,5],"killed_by":"Lagavulin","ascension_level":18}