{"gold_per_floor":[109,129,129,129,141,141,175,175,175,193,211,244,244,254,254,254],"floor_reached":16,"playtime":463,"items_purged":[],"score":123,"play_id":"dcd2ac90-443f-4b88-8314-a702ce6eac24","local_time":"20190319044022","is_ascension_mode":true,"campfire_choices":[{"data":"Twin Strike","floor":6,"key":"SMITH"},{"floor":8,"key":"REST"},{"data":"Combust","floor":13,"key":"SMITH"},{"floor":15,"key":"REST"}],"neow_cost":"PERCENT_DAMAGE","seed_source_timestamp":244891708289857,"circlet_count":0,"master_deck":["Strike_R","Strike_R","Strike_R","Strike_R","Defend_R","Defend_R","Defend_R","Bash","Twin Strike+1","Rupture+1","Thunderclap","Combust+1","Headbutt"],"relics":["Burning Blood","Nunchaku","Blue Candle","Pen Nib"],"potions_floor_usage":[2,7,16],"damage_taken":[{"damage":0,"enemies":"Small Slimes","floor":1,"turns":3},{"damage":21,"enemies":"Jaw Worm","floor":2,"turns":4},{"damage":1,"enemies":"Cultist","floor":5,"turns":3},{"damage":26,"enemies":"Lagavulin","floor":7,"turns":5},{"damage":11,"enemies":"Blue Slaver","floor":10,"turns":3},{"damage":11,"enemies":"Exordium Wildlife","floor":11,"turns":3},{"damage":6,"enemies":"Gremlin Nob","floor":12,"turns":3},{"damage":31,"enemies":"Lots of Slimes","floor":14,"turns":3},{"damage":45,"enemies":"The Guardian","floor":16,"turns":8}],"seed_played":"6779610403535202135","potions_obtained":[{"floor":1,"key":"PowerPotion"},{"floor":2,"key":"Weak Potion"},{"floor":11,"key":"Block Potion"}],"is_trial":false,"path_per_floor":["M","M","?","?","M","R","E","R","T","M","M","E","R","M","R","B"],"character_chosen":"IRONCLAD","items_purchased":[],"campfire_rested":2,"item_purchase_floors":[],"current_hp_per_floor":[62,47,47,47,52,52,32,56,56,51,46,46,46,21,45,0],"gold":254,"neow_bonus":"TRANSFORM_TWO_CARDS","is_prod":false,"is_daily":false,"chose_seed":false,"campfire_upgraded":2,"win_rate":0,"timestamp":1552995622,"path_taken":["M","M","?","?","M","R","E","R","T","?","M","E","R","M","R","BOSS"],"build_version":"2019-01-23","purchased_purges":0,"victory":false,"max_hp_per_floor":[80,80,80,80,80,80,80,80,80,80,80,80,80,80,80,80],"card_choices":[{"not_picked":["Ghostly Armor","Flame Barrier","Burning Pact"],"picked":"SKIP","floor":1},{"not_picked":["Carnage","Flame Barrier","Body Slam"],"picked":"SKIP","floor":2},{"not_picked":["Shrug It Off","Second Wind","Wild Strike"],"picked":"SKIP","floor":5},{"not_picked":["Shrug It Off","Second Wind","Wild Strike"],"picked":"SKIP","floor":5},{"not_picked":["Sever Soul","Infernal Blade"],"picked":"Thunderclap","floor":7},{"not_picked":["Iron Wave","Ghostly Armor"],"picked":"Combust","floor":10},{"not_picked":["Flex","Shrug It Off","Havoc"],"picked":"SKIP","floor":11},{"not_picked":["Impervious","Cleave"],"picked":"Headbutt","floor":12},{"not_picked":["Spot Weakness","Cleave","Sentinel"],"picked":"SKIP","floor":14}],"player_experience":362811,"relics_obtained":[{"floor":7,"key":"Nunchaku"},{"floor":9,"key":"Blue Candle"},{"floor":12,"key":"Pen Nib"}],"event_choices":[{"damage_healed":0,"gold_gain":0,"player_choice":"Ignored","damage_taken":0,"max_hp_gain":0,"max_hp_loss":0,"event_name":"Golden Wing","floor":3,"gold_loss":0},{"damage_healed":0,"gold_gain":0,"player_choice":"Grow","damage_taken":0,"max_hp_gain":0,"max_hp_loss":0,"event_name":"Living Wall","floor":4,"gold_loss":0,"cards_upgraded":["Rupture"]}],"is_beta":false,"boss_relics":[],"items_purged_floors":[],"is_endless":false,"potions_floor_spawned":[1,2,11],"killed_by":"The Guardian","ascension_level":2}