{"gold_per_floor":[116,132,132,145,95,95,129,129,175,186,216,216,227,29,29,124,124,111,111,129,139,150,150,150],"floor_reached":24,"playtime":968,"items_purged":[],"score":337,"play_id":"5f07113e-27f5-4c64-826a-a6e49819f36a","local_time":"20190129174057","is_ascension_mode":true,"campfire_choices":[{"data":"Searing Blow","floor":6,"key":"SMITH"},{"data":"Searing Blow+1","floor":8,"key":"SMITH"},{"data":"Searing Blow+3","floor":15,"key":"SMITH"},{"data":"Searing Blow+4","floor":23,"key":"SMITH"}],"neow_cost":"NONE","seed_source_timestamp":3839108386080,"circlet_count":0,"master_deck":["AscendersBane","Strike_R","Strike_R","Strike_R","Defend_R","Defend_R","Defend_R","Defend_R","Bash","True Grit","Searing Blow+5","Warcry","Ghostly Armor","Sentinel","Thunderclap","Clothesline","Offering","Flame Barrier","Disarm"],"relics":["Burning Blood","NeowsBlessing","Strawberry","Ancient Tea Set","Dream Catcher","Lee\u0027s Waffle","Snecko Eye"],"potions_floor_usage":[11,11,22,22],"damage_taken":[{"damage":0,"enemies":"Small Slimes","floor":1,"turns":2},{"damage":0,"enemies":"Cultist","floor":2,"turns":1},{"damage":0,"enemies":"2 Louse","floor":4,"turns":1},{"damage":46,"enemies":"3 Sentries","floor":7,"turns":16},{"damage":0,"enemies":"Large Slime","floor":10,"turns":5},{"damage":39,"enemies":"Gremlin Nob","floor":11,"turns":5},{"damage":7,"enemies":"Exordium Wildlife","floor":13,"turns":4},{"damage":54,"enemies":"Slime Boss","floor":16,"turns":10},{"damage":25,"enemies":"2 Thieves","floor":18,"turns":4},{"damage":6,"enemies":"Shell Parasite","floor":20,"turns":4},{"damage":27,"enemies":"Sentry and Sphere","floor":21,"turns":6},{"damage":0,"enemies":"Snake Plant","floor":22,"turns":2},{"damage":57,"enemies":"Slavers","floor":24,"turns":4}],"seed_played":"-1523207971313545468","potions_obtained":[{"floor":7,"key":"BloodPotion"},{"floor":10,"key":"Strength Potion"},{"floor":13,"key":"Dexterity Potion"},{"floor":18,"key":"SkillPotion"},{"floor":21,"key":"Fruit Juice"},{"floor":22,"key":"Dexterity Potion"}],"is_trial":false,"path_per_floor":["M","M","?","M","?","R","E","R","T","M","E","?","M","$","R","B",null,"M","?","M","M","M","R","E"],"character_chosen":"IRONCLAD","items_purchased":["Lee\u0027s Waffle"],"campfire_rested":0,"item_purchase_floors":[14],"current_hp_per_floor":[78,80,80,80,80,80,47,47,47,53,28,28,27,94,94,46,82,63,63,63,42,53,53,0],"gold":150,"neow_bonus":"THREE_ENEMY_KILL","is_prod":false,"is_daily":false,"chose_seed":false,"campfire_upgraded":4,"win_rate":0,"timestamp":1548801657,"path_taken":["M","M","?","?","?","R","E","R","T","M","E","?","?","$","R","BOSS","M","?","M","M","M","R","E"],"build_version":"2019-01-23","purchased_purges":0,"victory":false,"max_hp_per_floor":[80,80,80,80,80,80,87,87,87,87,87,87,87,94,94,94,94,94,94,94,94,99,99,99],"card_choices":[{"not_picked":["Heavy Blade","Clash"],"picked":"True Grit","floor":1},{"not_picked":["Second Wind","Twin Strike"],"picked":"Searing Blow","floor":2},{"not_picked":["Impervious","Pummel"],"picked":"Ghostly Armor","floor":4},{"not_picked":["Whirlwind","Wild Strike","Bloodletting"],"picked":"SKIP","floor":7},{"not_picked":["Intimidate","Clothesline"],"picked":"Sentinel","floor":10},{"not_picked":["Perfected Strike","Spot Weakness"],"picked":"Thunderclap","floor":11},{"not_picked":["Searing Blow","Wild Strike"],"picked":"Clothesline","floor":13},{"not_picked":["Reaper","Exhume"],"picked":"Offering","floor":16},{"not_picked":["Sentinel+1","Cleave"],"picked":"Flame Barrier","floor":18},{"not_picked":["Thunderclap+1","Whirlwind+1"],"picked":"Disarm","floor":20},{"not_picked":["Havoc","Anger","Heavy Blade"],"picked":"SKIP","floor":21},{"not_picked":["Flex","Entrench","Anger+1"],"picked":"SKIP","floor":22}],"player_experience":290691,"relics_obtained":[{"floor":7,"key":"Strawberry"},{"floor":9,"key":"Ancient Tea Set"},{"floor":11,"key":"Dream Catcher"}],"event_choices":[{"damage_healed":0,"gold_gain":0,"cards_transformed":["Strike_R"],"player_choice":"Transformed","damage_taken":0,"max_hp_gain":0,"max_hp_loss":0,"event_name":"Transmorgrifier","floor":3,"gold_loss":0,"cards_obtained":["Warcry"]},{"cards_removed":["Strike_R"],"damage_healed":0,"gold_gain":0,"player_choice":"Card Removal","damage_taken":0,"max_hp_gain":0,"max_hp_loss":0,"event_name":"The Cleric","floor":5,"gold_loss":50},{"damage_healed":0,"gold_gain":0,"player_choice":"Grow","damage_taken":0,"max_hp_gain":0,"max_hp_loss":0,"event_name":"Living Wall","floor":12,"gold_loss":0,"cards_upgraded":["Searing Blow"]},{"damage_healed":0,"gold_gain":0,"player_choice":"Bought 0 Potions","damage_taken":0,"max_hp_gain":0,"max_hp_loss":0,"event_name":"The Woman in Blue","floor":19,"gold_loss":0}],"is_beta":true,"boss_relics":[{"not_picked":["Busted Crown","Tiny House"],"picked":"Snecko Eye"}],"items_purged_floors":[],"is_endless":false,"potions_floor_spawned":[7,10,13,18,21,22],"killed_by":"Slavers","ascension_level":10}