{"path_per_floor":["M","?","?","$","M","R","M","M","T","E","M","M","?","$","R","B",null,"M","$","M","?","?"],"character_chosen":"IRONCLAD","items_purchased":["Fire Breathing","Warcry","Flame Barrier","Block Potion","Ghostly Armor","Searing Blow"],"gold_per_floor":[118,118,118,21,31,31,45,59,114,139,150,168,168,79,79,175,175,192,51,70,70,70,70],"floor_reached":23,"campfire_rested":1,"playtime":1566,"current_hp_per_floor":[72,72,56,56,55,55,53,50,50,36,35,35,23,23,47,24,80,37,37,15,15,15,0],"items_purged":[],"gold":70,"score":191,"play_id":"5e241073-4c09-4d1e-a4f1-bb7ac16ce0f5","local_time":"20180329051600","is_prod":false,"is_daily":false,"is_ascension_mode":false,"campfire_upgraded":1,"timestamp":1522325760,"path_taken":["M","?","?","$","M","R","?","?","T","E","M","M","?","$","R","BOSS","M","$","?","?","?","E"],"build_version":"2018-03-22v2","purchased_purges":0,"victory":false,"master_deck":["Strike_R","Strike_R+1","Strike_R+1","Strike_R","Strike_R","Defend_R","Defend_R","Defend_R","Defend_R","Bash","Heavy Blade","Fire Breathing+1","Warcry","Flame Barrier","Rage","Pommel Strike","Entrench","Shrug It Off","Metallicize","Flame Barrier","Bludgeon","Anger","Ghostly Armor","Searing Blow","Cleave"],"max_hp_per_floor":[80,80,80,80,80,80,80,80,80,80,80,80,80,80,80,80,80,80,80,80,80,80,80],"relics":["White Beast Statue","Anchor","Red Skull","Gremlin Horn","Black Star"],"card_choices":[{"not_picked":["Body Slam","Combust"],"picked":"Heavy Blade","floor":1},{"not_picked":["Warcry","Fire Breathing"],"picked":"Flame Barrier","floor":5},{"not_picked":["Bludgeon","Perfected Strike"],"picked":"Rage","floor":7},{"not_picked":["Twin Strike","Flex"],"picked":"Pommel Strike","floor":8},{"not_picked":["Combust","Dark Embrace"],"picked":"Entrench","floor":10},{"not_picked":["True Grit","Cleave"],"picked":"Shrug It Off","floor":11},{"not_picked":["Perfected Strike","Reckless Charge"],"picked":"Metallicize","floor":12},{"not_picked":["Juggernaut","Impervious"],"picked":"Bludgeon","floor":16},{"not_picked":["Clash","Corruption"],"picked":"Anger","floor":18},{"not_picked":["Thunderclap","Flex"],"picked":"Cleave","floor":20}],"player_experience":13440,"potions_floor_usage":[8,8,10,10,12,16,16,16,18,23,23],"damage_taken":[{"damage":8,"enemies":"Small Slimes","floor":1,"turns":4},{"damage":1,"enemies":"Cultist","floor":5,"turns":3},{"damage":2,"enemies":"Jaw Worm","floor":7,"turns":3},{"damage":6,"enemies":"2 Fungi Beasts","floor":8,"turns":3},{"damage":14,"enemies":"Gremlin Nob","floor":10,"turns":5},{"damage":1,"enemies":"Exordium Thugs","floor":11,"turns":3},{"damage":0,"enemies":"Lots of Slimes","floor":12,"turns":4},{"damage":23,"enemies":"Slime Boss","floor":16,"turns":11},{"damage":43,"enemies":"Spheric Guardian","floor":18,"turns":8},{"damage":22,"enemies":"3 Byrds","floor":20,"turns":6},{"damage":19,"enemies":"Book of Stabbing","floor":23,"turns":5}],"event_choices":[{"event_name":"Liars Game","player_choice":"disagreed","floor":2,"damage_taken":0},{"event_name":"Shining Light","player_choice":"Entered Light","floor":3,"damage_taken":0},{"event_name":"Scrap Ooze","player_choice":"success","floor":13,"damage_taken":12},{"event_name":"Drug Dealer","player_choice":"Ignored","floor":21,"damage_taken":0},{"event_name":"Vampires","player_choice":"Ignored","floor":22,"damage_taken":0}],"boss_relics":[{"not_picked":["Sozu","Snecko Eye"],"picked":"Black Star"}],"potions_floor_spawned":[1,5,7,8,10,11,12,16,18,20],"seed_played":"5891336839077496708","killed_by":"Book of Stabbing","ascension_level":0,"is_trial":false}