{"gold_per_floor":[117,136,61,61,78,78,78,78,102,121,146,146,173,183,183,258,258,275,288,154,154,77,112,112,144,144,175,189,199,234,254,254,326,326,346,346,164,181,181,214,214,21,21,21,32,32,48,80,80,80,80,80,80,80,113,113],"floor_reached":56,"playtime":3239,"items_purged":["Blade Dance"],"score":2111,"play_id":"c7e5d3af-e299-4d0b-8b60-a21326339c14","local_time":"20190325030120","is_ascension_mode":true,"campfire_choices":[{"data":"Wraith Form v2","floor":6.0,"key":"SMITH"},{"data":"Envenom","floor":8.0,"key":"SMITH"},{"data":"Leg Sweep","floor":15.0,"key":"SMITH"},{"floor":24.0,"key":"REST"},{"data":"Malaise","floor":32.0,"key":"SMITH"},{"data":"Noxious Fumes","floor":41.0,"key":"SMITH"},{"floor":44.0,"key":"RECALL"},{"floor":49.0,"key":"REST"},{"data":"Caltrops","floor":53,"key":"SMITH"}],"neow_cost":"NONE","seed_source_timestamp":0,"circlet_count":0,"master_deck":["AscendersBane","Survivor","Cloak And Dagger+1","A Thousand Cuts+1","Envenom+1","Escape Plan","Corpse Explosion","Blade Dance+1","Wraith Form v2+1","Dash","PiercingWail","Leg Sweep+1","Leg Sweep+1","Blur","Adrenaline","Noxious Fumes+1","Backflip","Malaise+1","PiercingWail","PiercingWail","Caltrops+1","Escape Plan","Crippling Poison+1","Malaise","PiercingWail+1","Corpse Explosion","Footwork","Dash+1","Blur"],"special_seed":0,"relics":["Pandora\u0027s Box","Oddly Smooth Stone","Sundial","War Paint","Boot","Sozu","PreservedInsect","Bag of Marbles","Bottled Tornado","The Courier","Runic Dome","TwistedFunnel","Singing Bowl","Lantern","Bottled Flame","Ninja Scroll","Pantograph"],"potions_floor_usage":[],"damage_taken":[{"damage":4.0,"enemies":"Small Slimes","floor":1.0,"turns":3.0},{"damage":0.0,"enemies":"Jaw Worm","floor":2.0,"turns":4.0},{"damage":0.0,"enemies":"2 Louse","floor":5.0,"turns":2.0},{"damage":0.0,"enemies":"2 Fungi Beasts","floor":10.0,"turns":3.0},{"damage":1.0,"enemies":"Gremlin Nob","floor":11.0,"turns":5.0},{"damage":0.0,"enemies":"Lagavulin","floor":13.0,"turns":7.0},{"damage":0.0,"enemies":"Exordium Thugs","floor":14.0,"turns":4.0},{"damage":8.0,"enemies":"Slime Boss","floor":16.0,"turns":7.0},{"damage":0.0,"enemies":"2 Thieves","floor":18.0,"turns":4.0},{"damage":15.0,"enemies":"Shell Parasite","floor":19.0,"turns":4.0},{"damage":9.0,"enemies":"Gremlin Leader","floor":23.0,"turns":7.0},{"damage":3.0,"enemies":"Slavers","floor":25.0,"turns":3.0},{"damage":0.0,"enemies":"Gremlin Leader","floor":27.0,"turns":7.0},{"damage":0.0,"enemies":"Snecko","floor":28.0,"turns":6.0},{"damage":2.0,"enemies":"Snake Plant","floor":29.0,"turns":5.0},{"damage":8.0,"enemies":"Book of Stabbing","floor":30.0,"turns":5.0},{"damage":0.0,"enemies":"Shelled Parasite and Fungi","floor":31.0,"turns":7.0},{"damage":18.0,"enemies":"Champ","floor":33.0,"turns":16.0},{"damage":4.0,"enemies":"Orb Walker","floor":35.0,"turns":5.0},{"damage":0.0,"enemies":"3 Darklings","floor":38.0,"turns":4.0},{"damage":17.0,"enemies":"Giant Head","floor":40.0,"turns":8.0},{"damage":1.0,"enemies":"Writhing Mass","floor":45.0,"turns":7.0},{"damage":0.0,"enemies":"Sphere and 2 Shapes","floor":47.0,"turns":4.0},{"damage":3.0,"enemies":"Reptomancer","floor":48.0,"turns":5.0},{"damage":34,"enemies":"Time Eater","floor":50,"turns":17},{"damage":3,"enemies":"Awakened One","floor":51,"turns":33},{"damage":32,"enemies":"Shield and Spear","floor":55,"turns":5},{"damage":64,"enemies":"The Heart","floor":56,"turns":3}],"seed_played":"2843086511482065820","potions_obtained":[{"floor":1.0,"key":"SpeedPotion"},{"floor":2.0,"key":"AttackPotion"}],"is_trial":false,"path_per_floor":["M","M","?","?","M","R","?","R","T","M","E","?","E","M","R","B",null,"M","M","$","?","$","E","R","E","T","E","M","M","E","M","R","B",null,"M","?","$","M","?","E","R","$","T","R","M","?","M","E","R","B","B",null,"R","$","E","B"],"character_chosen":"THE_SILENT","items_purchased":["Backflip","Malaise","TwistedFunnel","Lantern","Footwork"],"campfire_rested":2,"item_purchase_floors":[20,22,37,42,42],"current_hp_per_floor":[55,55,55,35,35,35,40,40,40,40,39,39,39,39,39,31,61,61,46,46,46,46,37,58,55,55,55,55,53,45,45,45,27,60,56,56,56,56,56,41,41,41,41,41,42,38,40,37,61,27,24,68,68,68,36,0],"gold":113,"neow_bonus":"BOSS_RELIC","is_prod":false,"is_daily":false,"chose_seed":false,"campfire_upgraded":6,"win_rate":0,"timestamp":1553497280,"path_taken":["M","M","?","?","M","R","?","R","T","M","E","?","E","M","R","BOSS","M","M","$","?","?","E","R","E","T","E","M","M","E","M","R","BOSS","BOSS","M","?","$","?","?","E","R","?","T","R","?","?","M","E","R","BOSS","BOSS","R","$","E","BOSS"],"build_version":"2019-03-15","purchased_purges":1,"victory":false,"max_hp_per_floor":[66,66,66,66,66,66,71,71,71,71,71,71,71,71,71,71,71,71,71,71,71,71,71,71,71,71,71,71,71,71,71,71,71,71,71,71,71,71,71,73,73,73,73,73,75,81,83,83,83,83,83,83,83,83,83,83],"card_choices":[{"not_picked":["All Out Attack","Poisoned Stab"],"picked":"Dash","floor":1.0},{"not_picked":["Outmaneuver","Cloak And Dagger"],"picked":"PiercingWail","floor":2.0},{"not_picked":["Prepared","Acrobatics","Blade Dance"],"picked":"SKIP","floor":5.0},{"not_picked":["Prepared","Acrobatics","Blade Dance"],"picked":"SKIP","floor":5.0},{"not_picked":["Slice","Caltrops"],"picked":"Leg Sweep","floor":10.0},{"not_picked":["Terror","Outmaneuver"],"picked":"Leg Sweep","floor":11.0},{"not_picked":["Crippling Poison","Noxious Fumes"],"picked":"Blur","floor":13.0},{"not_picked":["Deadly Poison","Glass Knife","Quick Slash"],"picked":"SKIP","floor":14.0},{"not_picked":["Wraith Form v2","Glass Knife"],"picked":"Adrenaline","floor":16.0},{"not_picked":["Dodge and Roll","Deadly Poison"],"picked":"Noxious Fumes","floor":18.0},{"not_picked":["Bane","Choke","Bouncing Flask"],"picked":"SKIP","floor":19.0},{"not_picked":["Backstab","Concentrate"],"picked":"PiercingWail","floor":23.0},{"not_picked":["Deadly Poison","Slice"],"picked":"PiercingWail","floor":25.0},{"not_picked":["Finisher+1","Cloak And Dagger","Deflect"],"picked":"SKIP","floor":27.0},{"not_picked":["Finisher+1","Cloak And Dagger","Deflect"],"picked":"SKIP","floor":27.0},{"not_picked":["Heel Hook","Calculated Gamble"],"picked":"Caltrops","floor":28.0},{"not_picked":["Sucker Punch","Blade Dance","Bane+1"],"picked":"SKIP","floor":29.0},{"not_picked":["Dagger Spray","Leg Sweep"],"picked":"Escape Plan","floor":30.0},{"not_picked":["Leg Sweep","Poisoned Stab"],"picked":"Crippling Poison+1","floor":31.0},{"not_picked":["Grand Finale","Burst"],"picked":"Malaise","floor":33.0},{"not_picked":["Flying Knee","Outmaneuver"],"picked":"PiercingWail+1","floor":35.0},{"not_picked":["Dagger Throw+1","Quick Slash+1"],"picked":"PiercingWail","floor":38.0},{"not_picked":["Finisher","Flying Knee","Sucker Punch"],"picked":"Singing Bowl","floor":40.0},{"not_picked":["Backstab+1","Choke","Sucker Punch"],"picked":"Singing Bowl","floor":45.0},{"not_picked":["PanicButton","Impatience","Purity"],"picked":"Singing Bowl","floor":46.0},{"not_picked":["Swift Strike","Apotheosis","Enlightenment"],"picked":"Singing Bowl","floor":46.0},{"not_picked":["Impatience","Dark Shackles","Blind"],"picked":"Singing Bowl","floor":46.0},{"not_picked":["PiercingWail","Blade Dance","Sucker Punch"],"picked":"Singing Bowl","floor":47.0},{"not_picked":["Deadly Poison","Accuracy+1"],"picked":"Dash+1","floor":48.0},{"not_picked":["Prepared","Deflect+1"],"picked":"Blur","floor":55}],"player_experience":1256126,"relics_obtained":[{"floor":9.0,"key":"Oddly Smooth Stone"},{"floor":11.0,"key":"Sundial"},{"floor":13.0,"key":"Boot"},{"floor":23.0,"key":"PreservedInsect"},{"floor":25.0,"key":"Bag of Marbles"},{"floor":27.0,"key":"Bottled Tornado"},{"floor":30.0,"key":"The Courier"},{"floor":40.0,"key":"Singing Bowl"},{"floor":43.0,"key":"Bottled Flame"},{"floor":48.0,"key":"Ninja Scroll"},{"floor":55,"key":"Pantograph"}],"event_choices":[{"cards_removed":["Concentrate"],"damage_healed":0.0,"max_hp_gain":0.0,"max_hp_loss":0.0,"gold_gain":0.0,"event_name":"The Cleric","player_choice":"Card Removal","floor":3.0,"gold_loss":75.0,"damage_taken":0.0},{"damage_healed":0.0,"max_hp_gain":0.0,"max_hp_loss":0.0,"gold_gain":0.0,"event_name":"Shining Light","player_choice":"Entered Light","floor":4.0,"gold_loss":0.0,"damage_taken":20.0,"cards_upgraded":["A Thousand Cuts","Blade Dance"]},{"damage_healed":0.0,"max_hp_gain":5.0,"max_hp_loss":0.0,"gold_gain":0.0,"event_name":"Big Fish","player_choice":"Donut","floor":7.0,"gold_loss":0.0,"damage_taken":0.0},{"cards_removed":["Deadly Poison"],"damage_healed":0.0,"max_hp_gain":0.0,"max_hp_loss":0.0,"gold_gain":0.0,"event_name":"WeMeetAgain","player_choice":"Gave Card","floor":12.0,"gold_loss":0.0,"damage_taken":0.0,"relics_obtained":["War Paint"]},{"damage_healed":0.0,"max_hp_gain":0.0,"max_hp_loss":0.0,"gold_gain":0.0,"event_name":"Lab","player_choice":"Got Potions","floor":21.0,"gold_loss":0.0,"damage_taken":0.0},{"cards_removed":["Neutralize"],"damage_healed":0.0,"max_hp_gain":0.0,"max_hp_loss":0.0,"gold_gain":0.0,"event_name":"Wheel of Change","player_choice":"Card Removal","floor":36.0,"gold_loss":0.0,"damage_taken":0.0},{"damage_healed":0.0,"max_hp_gain":0.0,"max_hp_loss":0.0,"gold_gain":0.0,"cards_transformed":["PiercingWail"],"event_name":"Transmorgrifier","player_choice":"Transformed","floor":39.0,"gold_loss":0.0,"damage_taken":0.0,"cards_obtained":["Corpse Explosion"]},{"damage_healed":0.0,"max_hp_gain":0.0,"max_hp_loss":0.0,"gold_gain":0.0,"event_name":"SensoryStone","player_choice":"Memory 3","floor":46.0,"gold_loss":0.0,"damage_taken":10.0}],"is_beta":true,"boss_relics":[{"not_picked":["Empty Cage","Busted Crown"],"picked":"Sozu"},{"not_picked":["Astrolabe","Velvet Choker"],"picked":"Runic Dome"}],"items_purged_floors":[20],"is_endless":false,"potions_floor_spawned":[1,2,10,19,23,25,27,35,45,47,48,55],"killed_by":"The Heart","ascension_level":20}