{"path_per_floor":["M","$","M","?","M","R","M","M","T","R","?","M","R","M","R","B",null,"M","M","T","$","?","R","$","R","T","M","R","M","?"],"character_chosen":"DEFECT","items_purchased":["Self Repair","Redo","DataDisk"],"gold_per_floor":[116,16,36,36,54,54,71,84,84,84,64,81,81,97,97,195,195,212,227,251,33,33,33,33,33,59,72,72,86,11,11],"floor_reached":31,"campfire_rested":1,"playtime":1085,"item_purchase_floors":[2,2,21],"current_hp_per_floor":[75,75,75,75,75,75,59,69,69,69,69,71,71,61,61,14,75,58,31,31,31,31,31,31,31,31,13,35,16,16,0],"items_purged":["Defend_B"],"gold":11,"score":227,"play_id":"bb593b26-9a8b-43c9-b45d-4fadf4dadea5","local_time":"20180610064549","is_prod":false,"is_daily":false,"chose_seed":false,"is_ascension_mode":false,"campfire_upgraded":6,"win_rate":0.0,"timestamp":1528638349,"campfire_choices":[{"data":"Self Repair","floor":6,"key":"SMITH"},{"data":"Redo","floor":10,"key":"SMITH"},{"data":"Hello World","floor":13,"key":"SMITH"},{"data":"Dualcast","floor":15,"key":"SMITH"},{"data":"Sunder","floor":23,"key":"SMITH"},{"data":"Defragment","floor":25,"key":"SMITH"},{"floor":28,"key":"REST"}],"path_taken":["M","$","M","?","?","R","M","M","T","R","?","M","R","M","R","BOSS","M","M","?","$","?","R","$","R","T","M","R","M","?","M"],"build_version":"2018-06-07v3","seed_source_timestamp":1578394167837742,"purchased_purges":1,"victory":false,"master_deck":["Strike_B","Strike_B","Strike_B","Strike_B","Defend_B","Defend_B","Defend_B","Zap+1","Dualcast+1","Self Repair+1","Redo+1","Hello World+1","Heatsinks","Defragment","Defragment+1","Seek","Sunder+1","Skim+1","Steam"],"max_hp_per_floor":[75,75,75,75,75,75,75,75,75,75,75,75,75,75,75,75,75,75,75,75,75,75,75,75,75,75,75,75,75,75,75],"relics":["Cracked Core","NeowsBlessing","Blue Candle","Runic Pyramid","Bronze Scales","DataDisk","Juzu Bracelet","Lantern"],"card_choices":[{"not_picked":["Stack","Tempest","Blizzard"],"picked":"SKIP","floor":1},{"not_picked":["Steam","Turbo"],"picked":"Hello World","floor":3},{"not_picked":["Sweeping Beam","Hologram"],"picked":"Heatsinks","floor":5},{"not_picked":["Blizzard","Turbo"],"picked":"Defragment","floor":7},{"not_picked":["Fusion","Sweeping Beam"],"picked":"Defragment","floor":8},{"not_picked":["Stack","Sweeping Beam","Redo"],"picked":"SKIP","floor":12},{"not_picked":["Hologram","Hello World","Core Surge"],"picked":"SKIP","floor":14},{"not_picked":["Biased Cognition","Machine Learning"],"picked":"Seek","floor":16},{"not_picked":["Streamline","Doom and Gloom"],"picked":"Sunder","floor":18},{"not_picked":["Cold Snap","Rebound"],"picked":"Skim+1","floor":19},{"not_picked":["Stack","Rebound","Streamline"],"picked":"SKIP","floor":27},{"not_picked":["Rebound","Reinforced Body"],"picked":"Steam","floor":29}],"player_experience":177109,"potions_floor_usage":[7,19,29,31],"damage_taken":[{"damage":0,"enemies":"Jaw Worm","floor":1,"turns":1},{"damage":0,"enemies":"Small Slimes","floor":3,"turns":1},{"damage":0,"enemies":"Cultist","floor":5,"turns":1},{"damage":26,"enemies":"Lots of Slimes","floor":7,"turns":4},{"damage":0,"enemies":"Large Slime","floor":8,"turns":5},{"damage":8,"enemies":"Exordium Thugs","floor":12,"turns":4},{"damage":20,"enemies":"3 Louse","floor":14,"turns":4},{"damage":57,"enemies":"The Guardian","floor":16,"turns":10},{"damage":27,"enemies":"Spheric Guardian","floor":18,"turns":4},{"damage":37,"enemies":"Shell Parasite","floor":19,"turns":5},{"damage":28,"enemies":"Centurion and Healer","floor":27,"turns":5},{"damage":29,"enemies":"Snecko","floor":29,"turns":5},{"damage":28,"enemies":"3 Cultists","floor":31,"turns":3}],"relics_obtained":[{"floor":9,"key":"Blue Candle"},{"floor":20,"key":"Bronze Scales"},{"floor":26,"key":"Lantern"}],"event_choices":[{"event_name":"Living Wall","player_choice":"Grow","floor":4,"damage_taken":0},{"event_name":"The Woman in Blue","player_choice":"Bought 1 Potion","floor":11,"damage_taken":0},{"event_name":"The Mausoleum","player_choice":"Yes","floor":22,"damage_taken":0},{"event_name":"Beggar","player_choice":"Gave Gold","floor":30,"damage_taken":0}],"boss_relics":[{"not_picked":["Calling Bell","Ectoplasm"],"picked":"Runic Pyramid"}],"items_purged_floors":[21],"potions_floor_spawned":[1,3,7,12,27,29],"seed_played":"8070939136730975240","killed_by":"3 Cultists","ascension_level":0,"potions_obtained":[{"floor":1,"key":"Dexterity Potion"},{"floor":3,"key":"SkillPotion"},{"floor":7,"key":"SpeedPotion"},{"floor":11,"key":"FairyPotion"},{"floor":12,"key":"LiquidBronze"},{"floor":27,"key":"SteroidPotion"},{"floor":29,"key":"EssenceOfSteel"}],"is_trial":false}