{"path_per_floor":["M","M","M","?","$","R","?","?","T","M","M","R","M","M","R"],"character_chosen":"DEFECT","items_purchased":["Loop"],"gold_per_floor":[117,127,138,138,23,23,23,23,69,83,101,101,117,133,133,133],"floor_reached":16,"campfire_rested":0,"playtime":603,"item_purchase_floors":[5],"current_hp_per_floor":[65,63,61,61,61,61,61,43,43,43,55,55,55,53,53,0],"items_purged":["Doubt"],"gold":133,"score":93,"play_id":"8194fcda-2bc5-401c-af0a-4437f7228821","local_time":"20180609043339","is_prod":false,"is_daily":false,"chose_seed":false,"is_ascension_mode":false,"campfire_upgraded":3,"win_rate":0.0,"timestamp":1528544019,"campfire_choices":[{"data":"Ball Lightning","floor":6,"key":"SMITH"},{"data":"Zap","floor":12,"key":"SMITH"},{"data":"Redo","floor":15,"key":"SMITH"}],"path_taken":["M","M","?","?","$","R","?","?","T","?","M","R","M","M","R","BOSS"],"build_version":"2018-06-07v3","seed_source_timestamp":1484540001271312,"purchased_purges":1,"victory":false,"master_deck":["Strike_B","Strike_B","Strike_B","Strike_B","Defend_B","Defend_B","Defend_B","Defend_B","Zap+1","Dualcast","Parasite","Ball Lightning+1","Sweeping Beam","Loop","Buffer","Beam Cell","Redo+1"],"max_hp_per_floor":[75,75,75,75,75,75,75,75,75,75,75,75,75,75,75,75],"relics":["Calling Bell","Anchor","Darkstone Periapt","Thread and Needle","Spirit Poop","Golden Idol","Potion Belt"],"card_choices":[{"not_picked":["Stack","Steam","Fission"],"picked":"SKIP","floor":1},{"not_picked":["Stack","Redo"],"picked":"Ball Lightning","floor":2},{"not_picked":["Turbo","Gash"],"picked":"Sweeping Beam","floor":3},{"not_picked":["Reinforced Body","Hello World","Steam"],"picked":"SKIP","floor":10},{"not_picked":["Conserve Battery","Cold Snap"],"picked":"Beam Cell","floor":11},{"not_picked":["Chill","Self Repair"],"picked":"Redo","floor":13},{"not_picked":["Gash","Static Discharge","Stack"],"picked":"SKIP","floor":14}],"player_experience":161991,"potions_floor_usage":[11,11,13,16,16,16],"damage_taken":[{"damage":10,"enemies":"Cultist","floor":1,"turns":5},{"damage":2,"enemies":"2 Louse","floor":2,"turns":4},{"damage":2,"enemies":"Small Slimes","floor":3,"turns":4},{"damage":0,"enemies":"Red Slaver","floor":10,"turns":5},{"damage":2,"enemies":"Large Slime","floor":11,"turns":5},{"damage":0,"enemies":"Exordium Thugs","floor":13,"turns":4},{"damage":2,"enemies":"Blue Slaver","floor":14,"turns":3},{"damage":55,"enemies":"Hexaghost","floor":16,"turns":9}],"relics_obtained":[{"floor":0,"key":"Anchor"},{"floor":0,"key":"Darkstone Periapt"},{"floor":0,"key":"Thread and Needle"},{"floor":9,"key":"Potion Belt"}],"event_choices":[{"event_name":"Bonfire Elementals","player_choice":"CURSE","floor":4,"damage_taken":0},{"event_name":"Match and Keep!","player_choice":"1 cards matched","floor":7,"damage_taken":0},{"event_name":"Golden Idol","player_choice":"Take Damage","floor":8,"damage_taken":0}],"boss_relics":[],"items_purged_floors":[5],"potions_floor_spawned":[1,3,10],"seed_played":"-2299504932730447315","killed_by":"Hexaghost","ascension_level":0,"potions_obtained":[{"floor":1,"key":"EssenceOfSteel"},{"floor":3,"key":"EntropicBrew"}],"is_trial":false}