{"gold_per_floor":[19,19,35,50,50,50,81,96,123,134,134,59,59,78,78,181,181,193,193,203,203,103,129,129,140,166,200,214,214,233,253,253,253],"floor_reached":33,"playtime":1314,"items_purged":["Strike_R","Decay"],"score":368,"play_id":"a61cf4f8-b622-4b2f-a92d-f69b6462a02e","local_time":"20190318050833","is_ascension_mode":true,"campfire_choices":[{"data":"Feed","floor":6,"key":"SMITH"},{"data":"Searing Blow","floor":11,"key":"SMITH"},{"data":"Searing Blow+1","floor":15,"key":"SMITH"},{"floor":24,"key":"REST"},{"floor":29,"key":"REST"},{"floor":32,"key":"REST"}],"neow_cost":"NO_GOLD","seed_source_timestamp":159323583130304,"circlet_count":0,"master_deck":["Strike_R","Strike_R","Strike_R","Defend_R+1","Defend_R","Defend_R+1","Defend_R","Bash","Feed+1","Rampage","Headbutt","Blood for Blood","Searing Blow+2","Cleave","Limit Break","Clash","Feed","Cleave+1","Bloodletting+1","Spot Weakness","Shrug It Off+1","Iron Wave+1"],"relics":["Burning Blood","PreservedInsect","Dream Catcher","War Paint","Lizard Tail","MutagenicStrength","Vajra","Smiling Mask","Self Forming Clay"],"potions_floor_usage":[16,16,18,25,27,27],"damage_taken":[{"damage":2,"enemies":"Small Slimes","floor":1,"turns":4},{"damage":3,"enemies":"Cultist","floor":3,"turns":4},{"damage":14,"enemies":"Jaw Worm","floor":4,"turns":3},{"damage":8,"enemies":"Gremlin Nob","floor":7,"turns":3},{"damage":12,"enemies":"2 Fungi Beasts","floor":8,"turns":3},{"damage":14,"enemies":"Exordium Wildlife","floor":10,"turns":3},{"damage":17,"enemies":"Gremlin Gang","floor":14,"turns":3},{"damage":63,"enemies":"Slime Boss","floor":16,"turns":10},{"damage":23,"enemies":"3 Byrds","floor":18,"turns":6},{"damage":37,"enemies":"Shell Parasite","floor":20,"turns":6},{"damage":91,"enemies":"Gremlin Leader","floor":23,"turns":4},{"damage":13,"enemies":"Chosen and Byrds","floor":25,"turns":4},{"damage":34,"enemies":"Slavers","floor":27,"turns":5},{"damage":37,"enemies":"Shelled Parasite and Fungi","floor":28,"turns":6},{"damage":20,"enemies":"Centurion and Healer","floor":30,"turns":7},{"damage":31,"enemies":"Cultist and Chosen","floor":31,"turns":6},{"damage":81,"enemies":"Automaton","floor":33,"turns":8}],"seed_played":"1105195227108593254","potions_obtained":[{"floor":3,"key":"FearPotion"},{"floor":7,"key":"Energy Potion"},{"floor":10,"key":"Block Potion"},{"floor":20,"key":"SteroidPotion"},{"floor":23,"key":"PowerPotion"},{"floor":25,"key":"Weak Potion"}],"is_trial":false,"path_per_floor":["M","?","M","M","?","R","E","M","T","M","R","$","?","M","R","B",null,"M","?","M","?","$","E","R","M","T","E","M","R","M","M","R","B"],"character_chosen":"IRONCLAD","items_purchased":[],"campfire_rested":3,"item_purchase_floors":[],"current_hp_per_floor":[83,83,86,78,75,75,77,75,75,71,71,71,76,65,65,12,107,94,94,63,63,63,39,73,70,70,46,22,61,51,30,71,0],"gold":253,"neow_bonus":"THREE_RARE_CARDS","is_prod":false,"is_daily":false,"chose_seed":false,"campfire_upgraded":3,"win_rate":0,"timestamp":1552910913,"path_taken":["M","?","?","M","?","R","E","M","T","M","R","$","?","M","R","BOSS","M","?","?","?","$","E","R","M","T","E","M","R","M","M","R","BOSS"],"build_version":"2019-01-23","purchased_purges":2,"victory":false,"max_hp_per_floor":[83,83,86,86,86,86,90,94,94,98,98,98,103,103,103,107,107,111,111,111,111,111,115,115,119,119,123,130,130,134,138,138,138],"card_choices":[{"not_picked":["Dark Embrace","Reaper"],"picked":"Feed","floor":0},{"not_picked":["Shrug It Off","Pommel Strike"],"picked":"Rampage","floor":1},{"not_picked":["Thunderclap","Entrench"],"picked":"Headbutt","floor":3},{"not_picked":["True Grit","Armaments"],"picked":"Blood for Blood","floor":4},{"not_picked":["Rampage","Cleave"],"picked":"Searing Blow","floor":7},{"not_picked":["Wild Strike","Iron Wave"],"picked":"Cleave","floor":8},{"not_picked":["Armaments","Body Slam","Sword Boomerang"],"picked":"SKIP","floor":10},{"not_picked":["Juggernaut","Pummel","Evolve"],"picked":"SKIP","floor":14},{"not_picked":["Brutality","Barricade"],"picked":"Limit Break","floor":16},{"not_picked":["Pommel Strike","Warcry"],"picked":"Clash","floor":18},{"not_picked":["Wild Strike+1","Flex+1"],"picked":"Feed","floor":20},{"not_picked":["Dropkick","Entrench"],"picked":"Cleave+1","floor":23},{"not_picked":["Ghostly Armor","Fire Breathing+1"],"picked":"Bloodletting+1","floor":24},{"not_picked":["True Grit","Heavy Blade"],"picked":"Spot Weakness","floor":25},{"not_picked":["Warcry","Rage","Metallicize"],"picked":"SKIP","floor":27},{"not_picked":["Perfected Strike+1","Dropkick","Power Through"],"picked":"SKIP","floor":28},{"not_picked":["Heavy Blade","Perfected Strike"],"picked":"Shrug It Off+1","floor":30},{"not_picked":["Clothesline","Demon Form"],"picked":"Iron Wave+1","floor":31}],"player_experience":355906,"relics_obtained":[{"floor":7,"key":"Dream Catcher"},{"floor":9,"key":"War Paint"},{"floor":23,"key":"Vajra"},{"floor":26,"key":"Smiling Mask"},{"floor":27,"key":"Self Forming Clay"}],"event_choices":[{"damage_healed":0,"gold_gain":0,"player_choice":"Cursed","damage_taken":0,"max_hp_gain":0,"max_hp_loss":0,"event_name":"Wheel of Change","floor":2,"gold_loss":0,"cards_obtained":["Decay"]},{"damage_healed":0,"gold_gain":0,"player_choice":"Success","damage_taken":3,"relics_obtained":["PreservedInsect"],"max_hp_gain":0,"max_hp_loss":0,"event_name":"Scrap Ooze","floor":5,"gold_loss":0},{"damage_healed":0,"gold_gain":0,"player_choice":"Donut","damage_taken":0,"max_hp_gain":5,"max_hp_loss":0,"event_name":"Big Fish","floor":13,"gold_loss":0},{"cards_removed":["Strike_R"],"damage_healed":0,"gold_gain":0,"player_choice":"Purged","damage_taken":0,"max_hp_gain":0,"max_hp_loss":0,"event_name":"Purifier","floor":19,"gold_loss":0},{"damage_healed":0,"gold_gain":0,"player_choice":"Inject Mutagens","damage_taken":0,"relics_obtained":["MutagenicStrength"],"max_hp_gain":0,"max_hp_loss":0,"event_name":"Drug Dealer","floor":21,"gold_loss":0}],"is_beta":false,"boss_relics":[{"not_picked":["Black Star","Orrery"],"picked":"Lizard Tail"}],"items_purged_floors":[12,22],"is_endless":false,"potions_floor_spawned":[3,7,10,20,23,25],"killed_by":"Automaton","ascension_level":2}