{"gold_per_floor":[110,110,125,138,112,112,145,145,145,171,171,199,213,213,213,284,284,303,313,80,80,93,118,118,153,153,68,68,79,94,126,126,200,200,213,264,264,52,52,52,66,66,66,85,102,102,133,149,149,149,149],"floor_reached":51,"playtime":2730,"items_purged":["Strike_R"],"score":1506,"play_id":"007ca4f9-6ed3-4453-af5c-ef97ab3c5c70","local_time":"20181222155619","is_ascension_mode":true,"campfire_choices":[{"data":"Pommel Strike","floor":6.0,"key":"SMITH"},{"data":"True Grit","floor":8.0,"key":"SMITH"},{"data":"Bash","floor":11.0,"key":"SMITH"},{"data":"Sword Boomerang","floor":15.0,"key":"SMITH"},{"floor":24.0,"key":"REST"},{"floor":32.0,"key":"REST"},{"floor":40,"key":"RECALL"},{"data":"Juggernaut","floor":42,"key":"SMITH"},{"data":"Flame Barrier","floor":46,"key":"SMITH"},{"data":"Flame Barrier","floor":49,"key":"SMITH"}],"neow_cost":"NONE","seed_source_timestamp":0,"circlet_count":0,"master_deck":["AscendersBane","Strike_R","Strike_R","Defend_R","Defend_R","Defend_R","Defend_R","Bash+1","Anger","Cleave","Pommel Strike+1","True Grit+1","Rampage","Sword Boomerang+1","Shockwave+1","Fiend Fire","Corruption+1","Offering","Sever Soul","Exhume","Fiend Fire","Flame Barrier+1","Flame Barrier+1","Juggernaut+1","Armaments+1","Offering","Disarm"],"special_seed":0,"relics":["Burning Blood","Bronze Scales","Shuriken","Juzu Bracelet","Kunai","Mango","Ginger","Snecko Eye","Centennial Puzzle","Strawberry","Vajra","Letter Opener","Potion Belt","Eternal Feather","Incense Burner","Happy Flower","Magic Flower","Ornamental Fan"],"potions_floor_usage":[50,50,51],"damage_taken":[{"damage":1.0,"enemies":"2 Louse","floor":1.0,"turns":3.0},{"damage":9.0,"enemies":"Jaw Worm","floor":3.0,"turns":4.0},{"damage":1.0,"enemies":"Cultist","floor":4.0,"turns":2.0},{"damage":15.0,"enemies":"3 Sentries","floor":7.0,"turns":6.0},{"damage":23.0,"enemies":"Gremlin Nob","floor":10.0,"turns":4.0},{"damage":15.0,"enemies":"Lagavulin","floor":12.0,"turns":5.0},{"damage":8.0,"enemies":"Blue Slaver","floor":13.0,"turns":3.0},{"damage":35.0,"enemies":"Slime Boss","floor":16.0,"turns":8.0},{"damage":27.0,"enemies":"2 Thieves","floor":18.0,"turns":3.0},{"damage":3.0,"enemies":"Chosen","floor":19.0,"turns":3.0},{"damage":0.0,"enemies":"3 Cultists","floor":22.0,"turns":3.0},{"damage":26.0,"enemies":"Slavers","floor":23.0,"turns":4.0},{"damage":6.0,"enemies":"Gremlin Leader","floor":25.0,"turns":3.0},{"damage":6.0,"enemies":"Cultist and Chosen","floor":29.0,"turns":3.0},{"damage":6.0,"enemies":"Snecko","floor":30.0,"turns":2.0},{"damage":36.0,"enemies":"Book of Stabbing","floor":31.0,"turns":4.0},{"damage":68.0,"enemies":"Collector","floor":33.0,"turns":8.0},{"damage":20,"enemies":"Orb Walker","floor":35,"turns":3},{"damage":12,"enemies":"2 Orb Walkers","floor":36,"turns":3},{"damage":15,"enemies":"3 Darklings","floor":41,"turns":4},{"damage":0,"enemies":"4 Shapes","floor":44,"turns":3},{"damage":6,"enemies":"Sphere and 2 Shapes","floor":45,"turns":4},{"damage":6,"enemies":"Reptomancer","floor":47,"turns":4},{"damage":18,"enemies":"Transient","floor":48,"turns":6},{"damage":58,"enemies":"Donu and Deca","floor":50,"turns":8},{"damage":56,"enemies":"Awakened One","floor":51,"turns":9}],"seed_played":"-6799190548931250614","potions_obtained":[{"floor":3.0,"key":"Strength Potion"},{"floor":10.0,"key":"AttackPotion"},{"floor":16.0,"key":"Energy Potion"},{"floor":29.0,"key":"LiquidBronze"},{"floor":31.0,"key":"Poison Potion"},{"floor":35,"key":"Ancient Potion"},{"floor":41,"key":"SkillPotion"}],"is_trial":false,"path_per_floor":["M","?","M","M","$","R","E","R","T","E","R","E","M","?","R","B",null,"M","M","$","?","M","E","R","E","T","?","?","M","M","E","R","B",null,"M","?","?","$","?","R","M","R","T","M","M","R","E","M","R","B","B"],"character_chosen":"IRONCLAD","items_purchased":["True Grit","Centennial Puzzle","Happy Flower","AttackPotion"],"campfire_rested":2,"item_purchase_floors":[5,20,38,38],"current_hp_per_floor":[73,68,65,70,70,70,61,61,61,58,58,49,47,47,47,18,71,50,53,53,53,59,46,74,74,74,74,74,74,74,44,72,10,75,61,55,55,55,55,67,58,70,70,79,82,91,91,82,91,42,0],"gold":149,"neow_bonus":"RANDOM_COMMON_RELIC","is_prod":false,"is_daily":false,"chose_seed":false,"campfire_upgraded":7,"win_rate":0,"timestamp":1545512179,"path_taken":["M","?","M","M","$","R","E","R","T","E","R","E","M","?","R","BOSS","M","M","$","?","M","E","R","E","T","?","?","M","M","E","R","BOSS","M","?","?","$","?","R","M","R","T","M","M","R","E","M","R","BOSS","BOSS"],"build_version":"2018-12-20","purchased_purges":1,"victory":false,"max_hp_per_floor":[75,75,75,75,75,75,75,75,75,89,89,89,89,89,89,89,89,89,89,89,89,89,96,96,96,96,96,96,96,96,96,96,96,96,96,96,96,96,91,91,91,91,91,91,91,91,91,91,91,91,91],"card_choices":[{"not_picked":["Twin Strike","Infernal Blade"],"picked":"Anger","floor":1.0},{"not_picked":["Power Through","Warcry"],"picked":"Cleave","floor":3.0},{"not_picked":["Wild Strike","Power Through"],"picked":"Pommel Strike","floor":4.0},{"not_picked":["Clothesline","Rupture"],"picked":"Rampage","floor":7.0},{"not_picked":["Cleave","Clash","Combust"],"picked":"SKIP","floor":10.0},{"not_picked":["Twin Strike","Rampage"],"picked":"Sword Boomerang","floor":12.0},{"not_picked":["Flex","Twin Strike"],"picked":"Shockwave","floor":13.0},{"not_picked":["Limit Break","Demon Form"],"picked":"Fiend Fire","floor":16.0},{"not_picked":["Thunderclap+1","Havoc"],"picked":"Corruption+1","floor":18.0},{"not_picked":["Corruption","Pommel Strike","Perfected Strike"],"picked":"SKIP","floor":19.0},{"not_picked":["Inflame","Infernal Blade","Iron Wave"],"picked":"SKIP","floor":22.0},{"not_picked":["Clash","Hemokinesis"],"picked":"Exhume","floor":23.0},{"not_picked":["Metallicize","Twin Strike"],"picked":"Fiend Fire","floor":25.0},{"not_picked":["Spot Weakness","Hemokinesis","Cleave"],"picked":"SKIP","floor":29.0},{"not_picked":["Searing Blow","Armaments+1"],"picked":"Flame Barrier","floor":30.0},{"not_picked":["Reckless Charge","Sword Boomerang+1"],"picked":"Flame Barrier","floor":31.0},{"not_picked":["Fiend Fire","Brutality"],"picked":"Juggernaut","floor":33.0},{"not_picked":["Heavy Blade+1","Anger","Thunderclap"],"picked":"SKIP","floor":35},{"not_picked":["Thunderclap","Sword Boomerang+1","Dual Wield"],"picked":"SKIP","floor":41},{"not_picked":["Body Slam","True Grit"],"picked":"Armaments+1","floor":44},{"not_picked":["Burning Pact","Fire Breathing","Heavy Blade"],"picked":"SKIP","floor":45},{"not_picked":["Shrug It Off","Sever Soul"],"picked":"Offering","floor":47},{"not_picked":["Blood for Blood","Clothesline"],"picked":"Disarm","floor":48}],"player_experience":911146,"relics_obtained":[{"floor":7.0,"key":"Juzu Bracelet"},{"floor":9.0,"key":"Kunai"},{"floor":10.0,"key":"Mango"},{"floor":12.0,"key":"Ginger"},{"floor":23.0,"key":"Strawberry"},{"floor":25.0,"key":"Vajra"},{"floor":31.0,"key":"Potion Belt"},{"floor":36,"key":"Incense Burner"},{"floor":43,"key":"Magic Flower"},{"floor":47,"key":"Ornamental Fan"}],"event_choices":[{"damage_healed":0.0,"max_hp_gain":0.0,"max_hp_loss":0.0,"gold_gain":0.0,"event_name":"Scrap Ooze","player_choice":"Success","floor":2.0,"gold_loss":0.0,"damage_taken":5.0,"relics_obtained":["Shuriken"]},{"damage_healed":0.0,"max_hp_gain":0.0,"max_hp_loss":0.0,"gold_gain":0.0,"event_name":"Upgrade Shrine","player_choice":"Upgraded","floor":14.0,"gold_loss":0.0,"damage_taken":0.0,"cards_upgraded":["Shockwave"]},{"damage_healed":0.0,"max_hp_gain":0.0,"max_hp_loss":0.0,"gold_gain":0.0,"cards_transformed":["Strike_R","Strike_R"],"event_name":"Drug Dealer","player_choice":"Became Test Subject","floor":21.0,"gold_loss":0.0,"damage_taken":0.0,"cards_obtained":["Offering","Sever Soul"]},{"damage_healed":0.0,"max_hp_gain":0.0,"max_hp_loss":0.0,"gold_gain":0.0,"event_name":"Addict","player_choice":"Obtained Relic","floor":27.0,"gold_loss":85.0,"damage_taken":0.0,"relics_obtained":["Letter Opener"]},{"damage_healed":0.0,"max_hp_gain":0.0,"max_hp_loss":0.0,"gold_gain":0.0,"event_name":"Beggar","player_choice":"Ignored","floor":28.0,"gold_loss":0.0,"damage_taken":0.0},{"damage_healed":0,"gold_gain":0,"player_choice":"Fight","damage_taken":0,"max_hp_gain":0,"max_hp_loss":0,"event_name":"Mysterious Sphere","floor":36,"gold_loss":0},{"damage_healed":0,"gold_gain":0,"player_choice":"Ignored","damage_taken":0,"max_hp_gain":0,"max_hp_loss":0,"event_name":"Tomb of Lord Red Mask","floor":37,"gold_loss":0},{"damage_healed":0,"gold_gain":0,"player_choice":"Max HP","damage_taken":0,"max_hp_gain":0,"max_hp_loss":5,"event_name":"Winding Halls","floor":39,"gold_loss":0}],"is_beta":true,"boss_relics":[{"not_picked":["Lizard Tail","Orrery"],"picked":"Snecko Eye"},{"not_picked":["Velvet Choker","Coffee Dripper"],"picked":"Eternal Feather"}],"items_purged_floors":[20],"is_endless":false,"potions_floor_spawned":[3,10,16,19,22,29,30,31,35,41,44],"killed_by":"Awakened One","ascension_level":20}