{"gold_per_floor":[110,123,48,48,61,61,94,94,94,169,69,95,95,122,122,225,225,225,225,225,77,77,77,77,77,77,77,77,77,77,77,77,77],"floor_reached":33,"playtime":2923,"items_purged":["Strike_G","Regret"],"score":417,"play_id":"4431e460-1db7-403c-87fc-75af1929c5b4","local_time":"20190320233607","is_ascension_mode":true,"campfire_choices":[{"data":"Bouncing Flask","floor":6,"key":"SMITH"},{"floor":8,"key":"REST"},{"floor":13,"key":"REST"},{"data":"Leg Sweep","floor":15,"key":"SMITH"},{"data":"After Image","floor":24,"key":"SMITH"},{"data":"Underhanded Strike","floor":27,"key":"SMITH"},{"floor":32,"key":"RECALL"}],"neow_cost":"NONE","seed_source_timestamp":199439890706900,"circlet_count":0,"master_deck":["Defend_G","Defend_G","Defend_G","Defend_G","Defend_G","Strike_G","Strike_G","Strike_G","Strike_G","Survivor","Neutralize","Underhanded Strike+1","Dagger Throw","Bouncing Flask+1","Acrobatics","Leg Sweep+1","Heel Hook","After Image+1","Necronomicurse","PiercingWail+1","Dagger Throw","Calculated Gamble+1","Acrobatics+1","Dagger Throw+1","Well Laid Plans+1"],"relics":["Ring of the Snake","NeowsBlessing","Matryoshka","Happy Flower","PreservedInsect","Blood Vial","Ancient Tea Set","Bottled Lightning","Ectoplasm","Necronomicon","Omamori","Meat on the Bone","Anchor","StoneCalendar","Art of War","Mummified Hand","Bag of Preparation"],"potions_floor_usage":[7,7,12,33,33,33,33,33,33],"damage_taken":[{"damage":0,"enemies":"2 Louse","floor":1,"turns":1},{"damage":0,"enemies":"Jaw Worm","floor":2,"turns":1},{"damage":0,"enemies":"Cultist","floor":5,"turns":1},{"damage":42,"enemies":"3 Sentries","floor":7,"turns":10},{"damage":12,"enemies":"Lagavulin","floor":12,"turns":4},{"damage":18,"enemies":"3 Sentries","floor":14,"turns":10},{"damage":12,"enemies":"Hexaghost","floor":16,"turns":8},{"damage":2,"enemies":"Shell Parasite","floor":18,"turns":5},{"damage":0,"enemies":"Spheric Guardian","floor":22,"turns":6},{"damage":7,"enemies":"Slavers","floor":23,"turns":6},{"damage":15,"enemies":"Book of Stabbing","floor":25,"turns":4},{"damage":0,"enemies":"Centurion and Healer","floor":28,"turns":4},{"damage":15,"enemies":"Gremlin Leader","floor":29,"turns":6},{"damage":0,"enemies":"Snecko","floor":30,"turns":3},{"damage":11,"enemies":"Shelled Parasite and Fungi","floor":31,"turns":5},{"damage":71,"enemies":"Champ","floor":33,"turns":10}],"seed_played":"4682102388436073678","potions_obtained":[{"floor":1,"key":"Fruit Juice"},{"floor":5,"key":"Block Potion"},{"floor":7,"key":"SpeedPotion"},{"floor":14,"key":"SteroidPotion"},{"floor":16,"key":"PowerPotion"},{"floor":18,"key":"Strength Potion"},{"floor":23,"key":"Ancient Potion"},{"floor":29,"key":"EntropicBrew"}],"is_trial":false,"path_per_floor":["M","M","$","?","M","R","E","R","T","?","$","E","R","E","R","B",null,"M","?","T","$","M","E","R","E","T","R","M","E","M","M","R","B"],"character_chosen":"THE_SILENT","items_purchased":["Anchor"],"campfire_rested":2,"item_purchase_floors":[21],"current_hp_per_floor":[63,63,63,63,63,63,26,48,48,37,37,27,49,33,33,23,62,62,46,46,46,48,43,43,42,42,42,44,43,45,48,48,0],"gold":77,"neow_bonus":"THREE_ENEMY_KILL","is_prod":false,"is_daily":false,"chose_seed":false,"campfire_upgraded":4,"win_rate":0,"timestamp":1553105167,"path_taken":["M","M","$","?","M","R","E","R","T","?","$","E","R","E","R","BOSS","M","?","?","$","M","E","R","E","T","R","M","E","M","?","R","BOSS"],"build_version":"2019-01-23","purchased_purges":2,"victory":false,"max_hp_per_floor":[70,70,70,70,70,70,75,75,75,75,75,75,75,75,75,75,75,75,75,75,75,75,75,75,75,75,75,75,75,75,75,75,75],"card_choices":[{"not_picked":["Concentrate","Caltrops"],"picked":"Underhanded Strike","floor":1},{"not_picked":["Backflip","Catalyst"],"picked":"Dagger Throw","floor":2},{"not_picked":["Bane","Slice"],"picked":"Bouncing Flask","floor":5},{"not_picked":["Underhanded Strike","Riddle With Holes"],"picked":"Acrobatics","floor":7},{"not_picked":["Concentrate","Well Laid Plans"],"picked":"Leg Sweep","floor":12},{"not_picked":["Dash","Tactician"],"picked":"Heel Hook","floor":14},{"not_picked":["A Thousand Cuts","Malaise"],"picked":"After Image","floor":16},{"not_picked":["Slice","Outmaneuver","Deflect"],"picked":"SKIP","floor":18},{"not_picked":["Prepared+1","Concentrate"],"picked":"PiercingWail+1","floor":22},{"not_picked":["Bane+1","Dodge and Roll"],"picked":"Dagger Throw","floor":23},{"not_picked":["Concentrate","Sucker Punch","Outmaneuver"],"picked":"SKIP","floor":25},{"not_picked":["Accuracy","Dodge and Roll"],"picked":"Calculated Gamble+1","floor":28},{"not_picked":["Quick Slash","Concentrate"],"picked":"Acrobatics+1","floor":29},{"not_picked":["PiercingWail","Tools of the Trade"],"picked":"Dagger Throw+1","floor":30},{"not_picked":["Flying Knee","PiercingWail+1"],"picked":"Well Laid Plans+1","floor":31}],"player_experience":86195,"relics_obtained":[{"floor":7,"key":"Happy Flower"},{"floor":9,"key":"PreservedInsect"},{"floor":9,"key":"Blood Vial"},{"floor":12,"key":"Ancient Tea Set"},{"floor":14,"key":"Bottled Lightning"},{"floor":19,"key":"Necronomicon"},{"floor":20,"key":"Omamori"},{"floor":20,"key":"Meat on the Bone"},{"floor":23,"key":"StoneCalendar"},{"floor":25,"key":"Art of War"},{"floor":26,"key":"Mummified Hand"},{"floor":29,"key":"Bag of Preparation"}],"event_choices":[{"damage_healed":0,"gold_gain":0,"player_choice":"Box","damage_taken":0,"relics_obtained":["Matryoshka"],"max_hp_gain":0,"max_hp_loss":0,"event_name":"Big Fish","floor":4,"gold_loss":0,"cards_obtained":["Regret"]},{"damage_healed":0,"gold_gain":75,"player_choice":"Gather Gold","damage_taken":11,"max_hp_gain":0,"max_hp_loss":0,"event_name":"World of Goop","floor":10,"gold_loss":0},{"damage_healed":0,"gold_gain":0,"player_choice":"Obtained Book","damage_taken":16,"max_hp_gain":0,"max_hp_loss":0,"event_name":"Cursed Tome","floor":19,"gold_loss":0}],"is_beta":false,"boss_relics":[{"not_picked":["Pandora\u0027s Box","Cursed Key"],"picked":"Ectoplasm"}],"items_purged_floors":[3,11],"is_endless":false,"potions_floor_spawned":[1,5,7,14,16,18,23,25,29],"killed_by":"Champ","ascension_level":6}