{"gold_per_floor":[110,129,147,167,180,208,220,259,296,331,343,367,394,421,433,545,557,586,598,610,640,722,734,746],"floor_reached":24,"playtime":1648,"items_purged":[],"score":231,"play_id":"e6ccb3ea-127c-4092-9e61-cefae266fbbf","local_time":"20181221152243","is_ascension_mode":true,"campfire_choices":[{"data":"Fusion","floor":7,"key":"SMITH"},{"floor":15,"key":"REST"},{"data":"Machine Learning","floor":23,"key":"SMITH"}],"neow_cost":"PERCENT_DAMAGE","seed_source_timestamp":8917498718520,"circlet_count":0,"master_deck":["Strike_B","Strike_B","Defend_B","Defend_B","Defend_B","Zap","Dualcast","Storm","Hologram+1","Leap","Chill","Undo","Fusion+1","Storm+1","Sweeping Beam","Rebound","Self Repair","Steam Power","Machine Learning+1","Recycle+1","All For One+1","Chaos+1","Compile Driver","Conserve Battery"],"relics":["Cracked Core","MawBank","Shuriken","Art of War","Odd Mushroom","Astrolabe","Gremlin Horn"],"potions_floor_usage":[4,6,8,16,16,24],"damage_taken":[{"damage":4,"enemies":"2 Louse","floor":1,"turns":3},{"damage":1,"enemies":"Cultist","floor":2,"turns":4},{"damage":3,"enemies":"Small Slimes","floor":3,"turns":2},{"damage":4,"enemies":"Looter","floor":4,"turns":3},{"damage":9,"enemies":"Red Slaver","floor":5,"turns":4},{"damage":18,"enemies":"3 Sentries","floor":6,"turns":9},{"damage":2,"enemies":"Lagavulin","floor":8,"turns":7},{"damage":15,"enemies":"The Mushroom Lair","floor":10,"turns":6},{"damage":0,"enemies":"Blue Slaver","floor":12,"turns":4},{"damage":0,"enemies":"3 Louse","floor":13,"turns":3},{"damage":6,"enemies":"Large Slime","floor":14,"turns":7},{"damage":42,"enemies":"Slime Boss","floor":16,"turns":12},{"damage":14,"enemies":"Chosen","floor":18,"turns":5},{"damage":31,"enemies":"Shell Parasite","floor":21,"turns":5},{"damage":59,"enemies":"Book of Stabbing","floor":24,"turns":7}],"seed_played":"-5825773495561514213","potions_obtained":[{"floor":1,"key":"Energy Potion"},{"floor":3,"key":"Energy Potion"},{"floor":4,"key":"Dexterity Potion"},{"floor":5,"key":"LiquidBronze"},{"floor":8,"key":"Regen Potion"},{"floor":21,"key":"Swift Potion"}],"is_trial":false,"path_per_floor":["M","M","M","M","M","E","R","E","T","?","?","M","M","M","R","B",null,"M","$","?","M","T","R","E"],"character_chosen":"DEFECT","items_purchased":[],"campfire_rested":1,"item_purchase_floors":[],"current_hp_per_floor":[64,63,60,56,47,29,29,27,27,12,12,12,12,13,39,19,89,82,82,82,58,58,58,0],"gold":746,"neow_bonus":"TWENTY_PERCENT_HP_BONUS","is_prod":false,"is_daily":false,"chose_seed":false,"campfire_upgraded":2,"win_rate":0,"timestamp":1545423763,"path_taken":["M","M","M","M","M","E","R","E","T","?","?","?","M","M","R","BOSS","M","$","?","?","?","R","E"],"build_version":"2018-12-20","purchased_purges":0,"victory":false,"max_hp_per_floor":[89,89,89,89,89,89,89,89,89,89,89,89,89,89,89,89,89,89,89,89,89,89,89,89],"card_choices":[{"not_picked":["Lockon","Darkness"],"picked":"Storm","floor":1},{"not_picked":["Cold Snap","Compile Driver"],"picked":"Hologram","floor":2},{"not_picked":["Darkness","Sweeping Beam"],"picked":"Leap","floor":3},{"not_picked":["Coolheaded","Gash"],"picked":"Chill","floor":4},{"not_picked":["Cold Snap","Streamline"],"picked":"Undo","floor":5},{"not_picked":["Auto Shields","Force Field"],"picked":"Fusion","floor":6},{"not_picked":["Redo","Ball Lightning"],"picked":"Storm","floor":8},{"not_picked":["Beam Cell","Double Energy"],"picked":"Sweeping Beam","floor":10},{"not_picked":["Leap","Coolheaded"],"picked":"Rebound","floor":12},{"not_picked":["Conserve Battery","Force Field"],"picked":"Self Repair","floor":13},{"not_picked":["Reinforced Body","Sweeping Beam"],"picked":"Steam Power","floor":14},{"not_picked":["Multi-Cast","All For One"],"picked":"Machine Learning","floor":16},{"not_picked":["Go for the Eyes","Gash"],"picked":"Compile Driver","floor":18},{"not_picked":["BootSequence","Redo"],"picked":"Conserve Battery","floor":21}],"player_experience":160502,"relics_obtained":[{"floor":6,"key":"MawBank"},{"floor":8,"key":"Shuriken"},{"floor":9,"key":"Art of War"},{"floor":10,"key":"Odd Mushroom"},{"floor":22,"key":"Gremlin Horn"}],"event_choices":[{"damage_healed":0,"gold_gain":0,"player_choice":"Fought Mushrooms","damage_taken":0,"max_hp_gain":0,"max_hp_loss":0,"event_name":"Mushrooms","floor":10,"gold_loss":0},{"damage_healed":0,"gold_gain":0,"player_choice":"Upgraded","damage_taken":0,"max_hp_gain":0,"max_hp_loss":0,"event_name":"Upgrade Shrine","floor":11,"gold_loss":0,"cards_upgraded":["Hologram"]},{"damage_healed":0,"gold_gain":0,"player_choice":"Upgraded","damage_taken":0,"max_hp_gain":0,"max_hp_loss":0,"event_name":"Upgrade Shrine","floor":20,"gold_loss":0,"cards_upgraded":["Storm"]}],"is_beta":true,"boss_relics":[{"not_picked":["FrozenCore","Lizard Tail"],"picked":"Astrolabe"}],"items_purged_floors":[],"is_endless":false,"potions_floor_spawned":[1,3,4,5,8,21],"killed_by":"Book of Stabbing","ascension_level":2}