{"gold_per_floor":[144,161,161,171,171,171,187,200,278,298,68,93,106,49,49,126,126,136,136,112,124,124,124,124],"floor_reached":24,"playtime":1004,"items_purged":[],"score":376,"play_id":"15387bfe-b33b-459d-bfe0-e5ee63c6dc4f","local_time":"20190224160720","is_ascension_mode":true,"campfire_choices":[{"floor":6,"key":"DIG"},{"floor":15,"key":"DIG"},{"floor":23,"key":"DIG"}],"neow_cost":"NONE","seed_source_timestamp":154610310776671,"circlet_count":0,"master_deck":["AscendersBane","Strike_B+1","Strike_B","Strike_B","Strike_B+1","Defend_B","Defend_B","Defend_B","Defend_B","Zap","Dualcast","Auto Shields","Undo","Multi-Cast","Darkness","FTL","Cold Snap","Hologram","Fission","Genetic Algorithm","Chill","Recycle","Ghostly","Ghostly","Ghostly"],"relics":["Cracked Core","Tiny Chest","Shovel","Bag of Marbles","Odd Mushroom","OrangePellets","Happy Flower","Art of War","Sozu","Omamori"],"potions_floor_usage":[8,10,13,16,24],"damage_taken":[{"damage":0,"enemies":"Cultist","floor":1,"turns":4},{"damage":1,"enemies":"Jaw Worm","floor":2,"turns":4},{"damage":0,"enemies":"2 Louse","floor":4,"turns":2},{"damage":0,"enemies":"Blue Slaver","floor":7,"turns":5},{"damage":5,"enemies":"Gremlin Gang","floor":8,"turns":4},{"damage":15,"enemies":"The Mushroom Lair","floor":10,"turns":4},{"damage":0,"enemies":"Exordium Thugs","floor":13,"turns":4},{"damage":2,"enemies":"Hexaghost","floor":16,"turns":8},{"damage":9,"enemies":"Spheric Guardian","floor":18,"turns":5},{"damage":15,"enemies":"2 Thieves","floor":20,"turns":4},{"damage":13,"enemies":"Snecko","floor":21,"turns":10},{"damage":30,"enemies":"Gremlin Leader","floor":24,"turns":5}],"seed_played":"-7447123244470810272","potions_obtained":[{"floor":4,"key":"Energy Potion"},{"floor":8,"key":"Fire Potion"},{"floor":10,"key":"Swift Potion"},{"floor":13,"key":"Explosive Potion"},{"floor":16,"key":"LiquidBronze"}],"is_trial":false,"path_per_floor":["M","M","?","M","?","R","M","M","T","?","$","T","M","$","R","B",null,"M","?","M","M","?","R","E"],"character_chosen":"DEFECT","items_purchased":["OrangePellets","Weak Potion"],"campfire_rested":0,"item_purchase_floors":[11,14],"current_hp_per_floor":[64,63,42,42,31,31,31,26,26,11,11,11,11,11,11,9,56,47,47,32,19,19,19,0],"gold":124,"neow_bonus":"RANDOM_COMMON_RELIC","is_prod":false,"is_daily":false,"chose_seed":false,"campfire_upgraded":0,"win_rate":0,"timestamp":1551042440,"path_taken":["M","?","?","M","?","R","M","M","T","?","$","?","?","?","R","BOSS","M","?","?","M","?","R","E"],"build_version":"2019-02-06","purchased_purges":0,"victory":false,"max_hp_per_floor":[71,71,71,71,71,71,71,71,71,71,71,71,71,71,71,71,71,71,71,71,71,35,35,35],"card_choices":[{"not_picked":["Barrage","Steam"],"picked":"Auto Shields","floor":1},{"not_picked":["Turbo","Coolheaded"],"picked":"Undo","floor":2},{"not_picked":["Turbo","Heatsinks"],"picked":"Multi-Cast","floor":4},{"not_picked":["Lockon","Redo"],"picked":"Darkness","floor":7},{"not_picked":["Turbo","Sweeping Beam"],"picked":"FTL","floor":8},{"not_picked":["Go for the Eyes","Stack"],"picked":"Cold Snap","floor":10},{"not_picked":["Cold Snap","Storm"],"picked":"Hologram","floor":13},{"not_picked":["Multi-Cast","Rainbow"],"picked":"Fission","floor":16},{"not_picked":["Leap","Melter"],"picked":"Genetic Algorithm","floor":18},{"not_picked":["Conserve Battery","Compile Driver"],"picked":"Chill","floor":20},{"not_picked":["Turbo","Leap"],"picked":"Recycle","floor":21}],"player_experience":999755,"relics_obtained":[{"floor":6,"key":"Bag of Marbles"},{"floor":10,"key":"Odd Mushroom"},{"floor":12,"key":"Happy Flower"},{"floor":15,"key":"Art of War"},{"floor":23,"key":"Omamori"}],"event_choices":[{"damage_healed":0,"gold_gain":0,"player_choice":"Entered Light","damage_taken":21,"max_hp_gain":0,"max_hp_loss":0,"event_name":"Shining Light","floor":3,"gold_loss":0,"cards_upgraded":["Strike_B","Strike_B"]},{"damage_healed":0,"gold_gain":0,"player_choice":"Success","damage_taken":11,"relics_obtained":["Shovel"],"max_hp_gain":0,"max_hp_loss":0,"event_name":"Scrap Ooze","floor":5,"gold_loss":0},{"damage_healed":0,"gold_gain":0,"player_choice":"Fought Mushrooms","damage_taken":0,"max_hp_gain":0,"max_hp_loss":0,"event_name":"Mushrooms","floor":10,"gold_loss":0},{"damage_healed":0,"gold_gain":0,"player_choice":"0 cards matched","damage_taken":0,"max_hp_gain":0,"max_hp_loss":0,"event_name":"Match and Keep!","floor":19,"gold_loss":0,"cards_obtained":[]},{"damage_healed":0,"gold_gain":0,"player_choice":"Became a Ghost","damage_taken":0,"max_hp_gain":0,"max_hp_loss":36,"event_name":"Ghosts","floor":22,"gold_loss":0,"cards_obtained":["Ghostly","Ghostly","Ghostly"]}],"is_beta":true,"boss_relics":[{"not_picked":["Lizard Tail","Snecko Eye"],"picked":"Sozu"}],"items_purged_floors":[],"is_endless":false,"potions_floor_spawned":[4,8,10,13,16],"killed_by":"Gremlin Leader","ascension_level":20}