{"gold_per_floor":[119,119,44,44,44,44,59,59,59,59,88,88,115,125,125,196,196,216,127,143,163,163,188,188,217,217,235,235,245,245,261,261,261],"floor_reached":33,"playtime":838,"items_purged":[],"score":686,"play_id":"032801a4-f472-4d5e-81dc-b6c8dd8902b7","local_time":"20181113090656","is_ascension_mode":true,"campfire_choices":[{"data":"Zap","floor":6.0,"key":"SMITH"},{"data":"Defragment","floor":8.0,"key":"SMITH"},{"data":"Regret","floor":10.0,"key":"PURGE"},{"data":"Rainbow","floor":15.0,"key":"SMITH"},{"data":"Defragment","floor":24.0,"key":"SMITH"},{"floor":28.0,"key":"REST"},{"floor":30,"key":"REST"},{"floor":32,"key":"REST"}],"neow_cost":"NONE","seed_source_timestamp":864513696192558,"circlet_count":0,"master_deck":["AscendersBane","Strike_B","Defend_B","Defend_B","Defend_B","Defend_B","Zap+1","Dualcast","Defragment+1","Ball Lightning+1","Conserve Battery","Rainbow+1","Barrage+1","Sunder+1","Auto Shields+1","Melter+1","Defragment+1","Skim","Ball Lightning+1","Compile Driver+1","Self Repair+1","Hologram"],"special_seed":0,"relics":["Cracked Core","NeowsBlessing","Mercury Hourglass","Singing Bowl","Peace Pipe","Sundial","Molten Egg 2","Snecko Eye","Shuriken","Bottled Tornado","Mummified Hand"],"potions_floor_usage":[],"damage_taken":[{"damage":0.0,"enemies":"2 Louse","floor":1.0,"turns":1.0},{"damage":0.0,"enemies":"Jaw Worm","floor":7.0,"turns":1.0},{"damage":0.0,"enemies":"3 Sentries","floor":11.0,"turns":1.0},{"damage":37.0,"enemies":"Gremlin Nob","floor":13.0,"turns":4.0},{"damage":7.0,"enemies":"Small Slimes","floor":14.0,"turns":2.0},{"damage":3.0,"enemies":"Hexaghost","floor":16.0,"turns":6.0},{"damage":0.0,"enemies":"Chosen","floor":18.0,"turns":3.0},{"damage":0.0,"enemies":"2 Thieves","floor":20.0,"turns":3.0},{"damage":17.0,"enemies":"Snake Plant","floor":21.0,"turns":3.0},{"damage":0.0,"enemies":"Gremlin Leader","floor":23.0,"turns":3.0},{"damage":26.0,"enemies":"Book of Stabbing","floor":25.0,"turns":3.0},{"damage":10.0,"enemies":"Centurion and Healer","floor":27.0,"turns":3.0},{"damage":24,"enemies":"Cultist and Chosen","floor":29,"turns":5},{"damage":26,"enemies":"Shelled Parasite and Fungi","floor":31,"turns":3},{"damage":35,"enemies":"Champ","floor":33,"turns":3}],"seed_played":"931576047437159140","potions_obtained":[{"floor":11.0,"key":"LiquidBronze"},{"floor":13.0,"key":"SteroidPotion"},{"floor":18.0,"key":"Poison Potion"},{"floor":20.0,"key":"Explosive Potion"},{"floor":23.0,"key":"PowerPotion"},{"floor":31,"key":"Poison Potion"}],"is_trial":false,"path_per_floor":["M","?","?","$","?","R","M","R","T","R","E","?","E","M","R","B",null,"M","$","M","M","?","E","R","E","T","M","R","M","R","M","R","B"],"character_chosen":"DEFECT","items_purchased":["Sunder+1"],"campfire_rested":3,"item_purchase_floors":[19],"current_hp_per_floor":[64,59,59,59,59,59,59,59,59,59,59,59,22,15,15,14,58,60,60,60,43,43,43,43,17,17,7,29,7,30,4,27,0],"gold":261,"neow_bonus":"THREE_ENEMY_KILL","is_prod":false,"is_daily":false,"chose_seed":false,"campfire_upgraded":4,"win_rate":0,"timestamp":1542118016,"path_taken":["M","?","?","?","?","R","M","R","T","R","E","?","E","M","R","BOSS","M","$","M","M","?","E","R","E","T","M","R","M","R","M","R","BOSS"],"build_version":"2018-11-12","purchased_purges":0,"victory":false,"max_hp_per_floor":[71,71,71,71,71,71,71,71,71,71,71,71,71,71,71,73,73,75,75,75,75,75,75,75,75,75,75,75,77,77,77,77,77],"card_choices":[{"not_picked":["Turbo","Sweeping Beam"],"picked":"Defragment","floor":1.0},{"not_picked":["Recycle","Streamline"],"picked":"Ball Lightning","floor":7.0},{"not_picked":["White Noise","Barrage"],"picked":"Conserve Battery","floor":11.0},{"not_picked":["Coolheaded","Stack"],"picked":"Rainbow","floor":13.0},{"not_picked":["Static Discharge","Turbo"],"picked":"Barrage+1","floor":14.0},{"not_picked":["Fission","Thunder Strike+1","Rainbow"],"picked":"Singing Bowl","floor":16.0},{"not_picked":["Streamline+1","Beam Cell+1","Lockon+1"],"picked":"Singing Bowl","floor":18.0},{"not_picked":["Genetic Algorithm","Redo"],"picked":"Auto Shields+1","floor":20.0},{"not_picked":["Chill","Turbo"],"picked":"Melter+1","floor":21.0},{"not_picked":["Rebound+1","Steam Power"],"picked":"Ball Lightning+1","floor":23.0},{"not_picked":["Hologram","Heatsinks"],"picked":"Compile Driver+1","floor":25.0},{"not_picked":["Hologram","Stack"],"picked":"Self Repair+1","floor":27.0},{"not_picked":["Undo","Melter+1","Steam"],"picked":"Singing Bowl","floor":29},{"not_picked":["Redo+1","Stack"],"picked":"Hologram","floor":31}],"player_experience":869996,"relics_obtained":[{"floor":9.0,"key":"Peace Pipe"},{"floor":11.0,"key":"Sundial"},{"floor":13.0,"key":"Molten Egg 2"},{"floor":23.0,"key":"Shuriken"},{"floor":25.0,"key":"Bottled Tornado"},{"floor":26.0,"key":"Mummified Hand"}],"event_choices":[{"damage_healed":0.0,"max_hp_gain":0.0,"max_hp_loss":0.0,"gold_gain":0.0,"event_name":"Scrap Ooze","player_choice":"Success","floor":2.0,"gold_loss":0.0,"damage_taken":5.0,"relics_obtained":["Mercury Hourglass"]},{"cards_removed":["Strike_B"],"damage_healed":0.0,"max_hp_gain":0.0,"max_hp_loss":0.0,"gold_gain":0.0,"event_name":"The Cleric","player_choice":"Card Removal","floor":3.0,"gold_loss":75.0,"damage_taken":0.0},{"damage_healed":0.0,"max_hp_gain":0.0,"max_hp_loss":0.0,"gold_gain":0.0,"event_name":"Big Fish","player_choice":"Box","floor":5.0,"gold_loss":0.0,"damage_taken":0.0,"relics_obtained":["Singing Bowl"],"cards_obtained":["Regret"]},{"damage_healed":0.0,"max_hp_gain":0.0,"max_hp_loss":0.0,"gold_gain":0.0,"event_name":"Living Wall","player_choice":"Grow","floor":12.0,"gold_loss":0.0,"damage_taken":0.0,"cards_upgraded":["Ball Lightning"]},{"damage_healed":0.0,"max_hp_gain":0.0,"max_hp_loss":0.0,"gold_gain":0.0,"cards_transformed":["Strike_B","Strike_B"],"event_name":"Drug Dealer","player_choice":"Became Test Subject","floor":22.0,"gold_loss":0.0,"damage_taken":0.0,"cards_obtained":["Defragment","Skim"]}],"is_beta":true,"boss_relics":[{"not_picked":["Nuclear Battery","Velvet Choker"],"picked":"Snecko Eye"}],"items_purged_floors":[],"is_endless":false,"potions_floor_spawned":[11,13,18,20,23,31],"killed_by":"Champ","ascension_level":20}