{"gold_per_floor":[118,128,53,28,45,45,73,73,127,127,139,173,42,42,42,118,118,135,135,148,20,20,20,49,49],"floor_reached":25,"playtime":992,"items_purged":["Strike_B","Strike_B"],"score":454,"play_id":"df1a35be-126c-4e17-8f19-e1a33f188054","local_time":"20181008093407","is_ascension_mode":true,"campfire_choices":[{"data":"Streamline","floor":6,"key":"SMITH"},{"floor":8,"key":"REST"},{"data":"Go for the Eyes","floor":10,"key":"SMITH"},{"data":"Zap","floor":15,"key":"SMITH"},{"data":"Hologram","floor":23,"key":"SMITH"}],"neow_cost":"TEN_PERCENT_HP_LOSS","seed_source_timestamp":407530829128532,"circlet_count":0,"master_deck":["Defend_B","Defend_B","Defend_B","Defend_B","Zap+1","Dualcast","AscendersBane","Ball Lightning","Streamline+1","Turbo","Go for the Eyes+1","Creative AI","Tempest","Chill","Hologram+1","Force Field"],"special_seed":0,"relics":["Cracked Core","Bird Faced Urn","Lantern","DataDisk","Oddly Smooth Stone","Sozu","Blue Candle"],"potions_floor_usage":[7,12,12,14,16],"damage_taken":[{"damage":6,"enemies":"Jaw Worm","floor":1,"turns":4},{"damage":1,"enemies":"Cultist","floor":2,"turns":3},{"damage":7,"enemies":"Small Slimes","floor":5,"turns":3},{"damage":32,"enemies":"3 Sentries","floor":7,"turns":9},{"damage":15,"enemies":"Gremlin Gang","floor":11,"turns":4},{"damage":8,"enemies":"Gremlin Nob","floor":12,"turns":3},{"damage":16,"enemies":"Hexaghost","floor":16,"turns":7},{"damage":33,"enemies":"Chosen","floor":18,"turns":5},{"damage":37,"enemies":"Shell Parasite","floor":20,"turns":7},{"damage":44,"enemies":"Book of Stabbing","floor":24,"turns":5},{"damage":12,"enemies":"Shelled Parasite and Fungi","floor":25,"turns":2}],"seed_played":"-7183574251236989245","potions_obtained":[{"floor":5,"key":"Dexterity Potion"},{"floor":7,"key":"FocusPotion"},{"floor":11,"key":"PowerPotion"},{"floor":14,"key":"Fruit Juice"},{"floor":14,"key":"PowerPotion"},{"floor":16,"key":"SpeedPotion"}],"is_trial":false,"path_per_floor":["M","M","?","$","M","R","E","R","T","R","M","E","$","?","R","B",null,"M","?","M","$","?","R","E"],"character_chosen":"DEFECT","items_purchased":["Turbo","PowerPotion","Hologram"],"campfire_rested":1,"item_purchase_floors":[4,13,21],"current_hp_per_floor":[58,57,57,57,50,50,18,37,37,37,24,20,20,25,25,25,58,33,69,44,44,44,44,8,0],"gold":49,"neow_bonus":"ONE_RARE_RELIC","is_prod":false,"is_daily":false,"chose_seed":false,"campfire_upgraded":4,"win_rate":0,"timestamp":1539005647,"path_taken":["M","M","?","$","?","R","E","R","T","R","M","E","$","?","R","BOSS","M","?","M","$","?","R","E","M"],"build_version":"2018-10-04v2","purchased_purges":2,"victory":false,"max_hp_per_floor":[64,64,64,64,64,64,64,64,64,64,64,64,64,69,69,69,69,69,69,69,69,69,69,69,69],"card_choices":[{"not_picked":["Rebound","Coolheaded"],"picked":"Ball Lightning","floor":1},{"not_picked":["Static Discharge","Lockon"],"picked":"Streamline","floor":2},{"not_picked":["Redo","Coolheaded"],"picked":"Go for the Eyes","floor":5},{"not_picked":["Doom and Gloom","Rebound"],"picked":"Capacitor","floor":7},{"not_picked":["Sweeping Beam","Beam Cell","Streamline"],"picked":"SKIP","floor":11},{"not_picked":["Sweeping Beam","Hello World","Aggregate"],"picked":"SKIP","floor":12},{"not_picked":["Thunder Strike","Buffer"],"picked":"Creative AI","floor":16},{"not_picked":["Rebound","Sweeping Beam"],"picked":"Tempest","floor":18},{"not_picked":["Ball Lightning","Go for the Eyes"],"picked":"Chill","floor":20},{"not_picked":["Cold Snap","Barrage+1"],"picked":"Force Field","floor":24}],"player_experience":942922,"relics_obtained":[{"floor":7,"key":"Lantern"},{"floor":9,"key":"DataDisk"},{"floor":12,"key":"Oddly Smooth Stone"},{"floor":24,"key":"Blue Candle"}],"event_choices":[{"event_name":"The Cleric","player_choice":"Card Removal","floor":3,"damage_taken":0},{"event_name":"The Lab","player_choice":"Got Potions","floor":14,"damage_taken":0},{"event_name":"Bonfire Elementals","player_choice":"UNCOMMON","floor":19,"damage_taken":0},{"event_name":"Purifier","player_choice":"One Purge","floor":22,"damage_taken":0}],"is_beta":false,"boss_relics":[{"not_picked":["Fusion Hammer","Orrery"],"picked":"Sozu"}],"items_purged_floors":[13,21],"is_endless":false,"potions_floor_spawned":[5,7,11,16,18],"killed_by":"Shelled Parasite and Fungi","ascension_level":20}