{"gold_per_floor":[114,114,131,56,75,107,121,131,131,144,163,175,29,42,42,146,146,163,174,25,35,46,46,62,62,62,73,73,121,140,160,160,160],"floor_reached":33,"playtime":1083,"items_purged":["Defend_R"],"score":259,"play_id":"c713a18b-50f4-4479-8624-212685806bac","local_time":"20190203060828","is_ascension_mode":false,"campfire_choices":[{"floor":15,"key":"REST"},{"floor":23,"key":"REST"},{"floor":25,"key":"REST"},{"data":"Havoc","floor":28,"key":"SMITH"},{"floor":32,"key":"REST"}],"neow_cost":"NONE","seed_source_timestamp":601334121760493,"circlet_count":0,"master_deck":["Strike_R","Strike_R","Strike_R","Strike_R+1","Defend_R","Defend_R","Defend_R","Bash","Thunderclap","Havoc+1","Anger","Infernal Blade","Carnage","Immolate+1","Havoc+1","Twin Strike","Uppercut+1"],"relics":["Burning Blood","Bottled Lightning","Bird Faced Urn","Red Skull","White Beast Statue","Whetstone","Self Forming Clay","Potion Belt"],"potions_floor_usage":[6,6,6,7,12,14,16,16,16,19,21,22,27,27,30,31],"damage_taken":[{"damage":6,"enemies":"2 Louse","floor":1,"turns":3},{"damage":1,"enemies":"Cultist","floor":3,"turns":3},{"damage":0,"enemies":"Small Slimes","floor":5,"turns":2},{"damage":58,"enemies":"Lagavulin","floor":6,"turns":7},{"damage":9,"enemies":"2 Fungi Beasts","floor":7,"turns":2},{"damage":15,"enemies":"Looter","floor":8,"turns":3},{"damage":13,"enemies":"Lots of Slimes","floor":10,"turns":3},{"damage":14,"enemies":"Blue Slaver","floor":11,"turns":4},{"damage":15,"enemies":"Looter","floor":12,"turns":3},{"damage":0,"enemies":"2 Fungi Beasts","floor":14,"turns":2},{"damage":42,"enemies":"The Guardian","floor":16,"turns":8},{"damage":31,"enemies":"Shell Parasite","floor":18,"turns":5},{"damage":24,"enemies":"2 Thieves","floor":19,"turns":3},{"damage":5,"enemies":"Centurion and Healer","floor":21,"turns":2},{"damage":21,"enemies":"Snake Plant","floor":22,"turns":3},{"damage":15,"enemies":"Snecko","floor":24,"turns":3},{"damage":15,"enemies":"Cultist and Chosen","floor":27,"turns":4},{"damage":17,"enemies":"Centurion and Healer","floor":30,"turns":5},{"damage":12,"enemies":"Chosen and Byrds","floor":31,"turns":4},{"damage":104,"enemies":"Automaton","floor":33,"turns":6}],"seed_played":"2705099452020341497","potions_obtained":[{"floor":0,"key":"PowerPotion"},{"floor":0,"key":"BloodPotion"},{"floor":0,"key":"SpeedPotion"},{"floor":3,"key":"Regen Potion"},{"floor":6,"key":"AttackPotion"},{"floor":8,"key":"Poison Potion"},{"floor":12,"key":"EntropicBrew"},{"floor":14,"key":"Dexterity Potion"},{"floor":18,"key":"PowerPotion"},{"floor":19,"key":"Dexterity Potion"},{"floor":21,"key":"SteroidPotion"},{"floor":22,"key":"SteroidPotion"},{"floor":24,"key":"GamblersBrew"},{"floor":27,"key":"BloodPotion"},{"floor":30,"key":"Regen Potion"},{"floor":31,"key":"SmokeBomb"}],"is_trial":false,"path_per_floor":["M","?","M","$","M","E","M","M","T","M","M","M","$","M","R","B",null,"M","M","$","M","M","R","M","R","T","M","R","T","M","M","R","B"],"character_chosen":"IRONCLAD","items_purchased":["Red Skull","Whetstone"],"campfire_rested":4,"item_purchase_floors":[13,20],"current_hp_per_floor":[80,80,80,80,80,45,42,33,33,26,18,9,9,15,39,18,80,55,39,39,40,25,49,40,64,64,55,55,55,52,58,80,0],"gold":160,"neow_bonus":"THREE_SMALL_POTIONS","is_prod":false,"is_daily":false,"chose_seed":false,"campfire_upgraded":1,"win_rate":0,"timestamp":1549202908,"path_taken":["M","?","M","$","M","E","M","M","T","M","?","M","?","M","R","BOSS","M","?","$","M","M","R","M","R","T","M","R","?","M","M","R","BOSS"],"build_version":"2019-01-23","purchased_purges":1,"victory":false,"max_hp_per_floor":[80,80,80,80,80,80,80,80,80,80,80,80,80,80,80,80,80,80,80,80,80,80,80,80,80,80,80,80,80,80,80,80,80],"card_choices":[{"not_picked":["Power Through","Clothesline"],"picked":"Thunderclap","floor":1},{"not_picked":["Pommel Strike","Body Slam","Armaments"],"picked":"SKIP","floor":3},{"not_picked":["Clash","Ghostly Armor","Bloodletting"],"picked":"SKIP","floor":5},{"not_picked":["Thunderclap","Pommel Strike","Flame Barrier"],"picked":"SKIP","floor":6},{"not_picked":["Armaments","Brutality"],"picked":"Anger","floor":7},{"not_picked":["Armaments","Battle Trance","Burning Pact"],"picked":"SKIP","floor":8},{"not_picked":["Evolve","Feel No Pain","Thunderclap"],"picked":"SKIP","floor":10},{"not_picked":["Seeing Red","Clash","Cleave"],"picked":"SKIP","floor":11},{"not_picked":["Rage","Warcry"],"picked":"Infernal Blade","floor":12},{"not_picked":["Reckless Charge","Iron Wave"],"picked":"Carnage","floor":14},{"not_picked":["Berserk","Barricade"],"picked":"Immolate","floor":16},{"not_picked":["Dropkick","Body Slam","Havoc"],"picked":"SKIP","floor":18},{"not_picked":["Clash","Battle Trance"],"picked":"Havoc+1","floor":19},{"not_picked":["Headbutt","Reckless Charge","Anger"],"picked":"SKIP","floor":21},{"not_picked":["Whirlwind","Clothesline"],"picked":"Twin Strike","floor":22},{"not_picked":["Headbutt","Rage","Dropkick"],"picked":"SKIP","floor":24},{"not_picked":["Second Wind","Clash","Barricade"],"picked":"SKIP","floor":27},{"not_picked":["Infernal Blade","Pommel Strike+1"],"picked":"Uppercut+1","floor":30},{"not_picked":["Warcry","Heavy Blade","Rage"],"picked":"SKIP","floor":31}],"player_experience":238966,"relics_obtained":[{"floor":6,"key":"Bottled Lightning"},{"floor":9,"key":"Bird Faced Urn"},{"floor":26,"key":"Self Forming Clay"},{"floor":29,"key":"Potion Belt"}],"event_choices":[{"damage_healed":0,"gold_gain":0,"cards_transformed":["Strike_R"],"player_choice":"Transformed","damage_taken":0,"max_hp_gain":0,"max_hp_loss":0,"event_name":"Transmorgrifier","floor":2,"gold_loss":0,"cards_obtained":["Havoc"]}],"is_beta":false,"boss_relics":[{"not_picked":["Runic Dome","Runic Pyramid"],"picked":"White Beast Statue"}],"items_purged_floors":[4],"is_endless":false,"potions_floor_spawned":[3,6,8,12,14,18,19,21,22,24,27,30,31],"killed_by":"Automaton","ascension_level":0}