{"gold_per_floor":[209,229,240,240,240,240,255,255,328,328,328,351,370,92,92,188,188,208,208,127,127,168,168,83,83,83,108,132,170,184,227,227,227],"floor_reached":33,"playtime":1262,"items_purged":["Regret"],"score":646,"play_id":"583bdcf0-b9f3-4a1c-a956-e9bd90f4e1cf","local_time":"20180920224502","is_ascension_mode":true,"campfire_choices":[{"data":"Dualcast","floor":6,"key":"SMITH"},{"data":"Cold Snap","floor":8,"key":"SMITH"},{"data":"Compile Driver","floor":10,"key":"SMITH"},{"data":"Conserve Battery","floor":15,"key":"SMITH"},{"data":"Defragment","floor":23,"key":"SMITH"},{"data":"Blizzard","floor":25,"key":"SMITH"},{"data":"Undo","floor":32,"key":"SMITH"}],"neow_cost":"NONE","seed_source_timestamp":654042903974258,"circlet_count":0,"master_deck":["Defend_B","Defend_B","Defend_B","Defend_B","Zap","Dualcast+1","AscendersBane","Cold Snap+1","Compile Driver+1","Conserve Battery+1","Glacier","Compile Driver+1","Hyperbeam+1","Blizzard+1","Ghostly","Ghostly","Ghostly","Ghostly","Ghostly","Defragment+1","Bite","Bite","Bite","Bite","Bite","Conserve Battery","Undo+1"],"special_seed":0,"relics":["FrozenCore","Golden Idol","Mercury Hourglass","Art of War","Vajra","Red Mask","Meat on the Bone","Thread and Needle","PreservedInsect","Dream Catcher","Whetstone"],"potions_floor_usage":[16,22,33],"damage_taken":[{"damage":1,"enemies":"Cultist","floor":1,"turns":3},{"damage":0,"enemies":"2 Louse","floor":2,"turns":1},{"damage":1,"enemies":"Small Slimes","floor":3,"turns":3},{"damage":6,"enemies":"Red Slaver","floor":7,"turns":3},{"damage":9,"enemies":"Exordium Wildlife","floor":12,"turns":2},{"damage":0,"enemies":"2 Fungi Beasts","floor":13,"turns":2},{"damage":8,"enemies":"The Guardian","floor":16,"turns":11},{"damage":26,"enemies":"2 Thieves","floor":18,"turns":5},{"damage":13,"enemies":"Masked Bandits","floor":22,"turns":6},{"damage":0,"enemies":"Chosen","floor":27,"turns":6},{"damage":0,"enemies":"Slavers","floor":29,"turns":4},{"damage":0,"enemies":"Snake Plant","floor":30,"turns":6},{"damage":6,"enemies":"Gremlin Leader","floor":31,"turns":8},{"damage":43,"enemies":"Collector","floor":33,"turns":16}],"seed_played":"-495921179635934298","potions_obtained":[{"floor":2,"key":"LiquidBronze"},{"floor":3,"key":"FocusPotion"},{"floor":18,"key":"FocusPotion"},{"floor":30,"key":"Dexterity Potion"}],"is_trial":false,"path_per_floor":["M","M","M","?","?","R","M","R","T","R","?","M","M","$","R","B",null,"M","?","$","?","?","R","?","R","T","M","T","E","M","E","R"],"character_chosen":"DEFECT","items_purchased":["Vajra","Compile Driver","Defragment"],"campfire_rested":0,"item_purchase_floors":[14,14,20],"current_hp_per_floor":[63,63,62,62,62,62,56,56,56,56,56,47,47,47,47,39,58,32,32,32,22,22,22,22,22,22,22,22,22,22,22,22,0],"gold":227,"neow_bonus":"HUNDRED_GOLD","is_prod":false,"is_daily":false,"chose_seed":false,"campfire_upgraded":7,"win_rate":0,"timestamp":1537497902,"path_taken":["M","M","?","?","?","R","M","R","T","R","?","M","M","$","R","BOSS","M","?","?","?","?","R","?","R","T","M","?","E","M","E","R","BOSS"],"build_version":"2018-09-20","purchased_purges":1,"victory":false,"max_hp_per_floor":[71,71,71,64,64,64,64,64,64,64,64,64,64,64,64,64,64,64,32,32,22,22,22,22,22,22,22,22,22,22,22,22,22],"card_choices":[{"not_picked":["Leap","Streamline"],"picked":"Cold Snap","floor":1},{"not_picked":["Rebound","Static Discharge"],"picked":"Compile Driver","floor":2},{"not_picked":["Storm","Gash","Coolheaded"],"picked":"SKIP","floor":3},{"not_picked":["Redo","Barrage","Coolheaded"],"picked":"SKIP","floor":7},{"not_picked":["Double Energy","Recycle"],"picked":"Conserve Battery","floor":12},{"not_picked":["Hologram","Aggregate"],"picked":"Glacier","floor":13},{"not_picked":["All For One","Seek"],"picked":"Hyperbeam","floor":16},{"not_picked":["Redo","Ball Lightning"],"picked":"Blizzard","floor":18},{"not_picked":["Barrage","Streamline","Steam"],"picked":"SKIP","floor":27},{"not_picked":["Stack+1","Barrage"],"picked":"Conserve Battery","floor":29},{"not_picked":["Lockon","Sweeping Beam+1","Barrage"],"picked":"SKIP","floor":30},{"not_picked":["Redo","Hyperbeam"],"picked":"Undo","floor":31}],"player_experience":862932,"relics_obtained":[{"floor":9,"key":"Mercury Hourglass"},{"floor":22,"key":"Red Mask"},{"floor":26,"key":"Thread and Needle"},{"floor":28,"key":"PreservedInsect"},{"floor":29,"key":"Dream Catcher"},{"floor":31,"key":"Whetstone"}],"event_choices":[{"event_name":"Golden Idol","player_choice":"Lose Max HP","floor":4,"damage_taken":0},{"event_name":"Purifier","player_choice":"One Purge","floor":5,"damage_taken":0},{"event_name":"Big Fish","player_choice":"Box","floor":11,"damage_taken":0},{"event_name":"Ghosts","player_choice":"Became a Ghost","floor":19,"damage_taken":0},{"event_name":"Vampires","player_choice":"Became a vampire","floor":21,"damage_taken":0},{"event_name":"Masked Bandits","player_choice":"Fought Bandits","floor":22,"damage_taken":0},{"event_name":"Addict","player_choice":"Obtained Relic","floor":24,"damage_taken":0}],"is_beta":false,"boss_relics":[{"not_picked":["Snecko Eye","Empty Cage"],"picked":"FrozenCore"}],"items_purged_floors":[14],"is_endless":false,"potions_floor_spawned":[2,3,18,30,31],"killed_by":"Collector","ascension_level":20}