{"gold_per_floor":[117,45,70,89,7,7,31,45,45,220,220,238,251,269,269,365,365,350,350,364,96,108,108,136,136],"floor_reached":25,"playtime":763,"items_purged":["Doubt"],"score":224,"play_id":"689c567d-980b-406d-b9d0-60de21c478c7","local_time":"20190306042026","is_ascension_mode":true,"campfire_choices":[{"data":"Envenom","floor":6,"key":"SMITH"},{"data":"Noxious Fumes","floor":11,"key":"SMITH"},{"floor":15,"key":"REST"},{"floor":23,"key":"REST"}],"neow_cost":"TEN_PERCENT_HP_LOSS","seed_source_timestamp":44545397752563,"circlet_count":0,"master_deck":["Defend_G","Defend_G","Defend_G","Defend_G","Defend_G","Strike_G","Strike_G+1","Strike_G+1","Strike_G","Strike_G","Survivor","Neutralize","Envenom+1","Infinite Blades","Infinite Blades","Dagger Spray","Noxious Fumes+1","Noxious Fumes","Bane","RitualDagger","Dash","Catalyst","Noxious Fumes"],"relics":["Ring of the Snake","Whetstone","Oddly Smooth Stone","Vajra","Lizard Tail","Dream Catcher","Anchor"],"potions_floor_usage":[8,16,18,22],"damage_taken":[{"damage":1,"enemies":"Cultist","floor":1,"turns":4},{"damage":7,"enemies":"Jaw Worm","floor":4,"turns":4},{"damage":0,"enemies":"2 Louse","floor":8,"turns":1},{"damage":6,"enemies":"Exordium Wildlife","floor":12,"turns":4},{"damage":0,"enemies":"3 Louse","floor":13,"turns":3},{"damage":24,"enemies":"Exordium Thugs","floor":14,"turns":4},{"damage":25,"enemies":"The Guardian","floor":16,"turns":8},{"damage":22,"enemies":"2 Thieves","floor":18,"turns":4},{"damage":11,"enemies":"3 Byrds","floor":20,"turns":4},{"damage":13,"enemies":"Centurion and Healer","floor":22,"turns":6},{"damage":45,"enemies":"Book of Stabbing","floor":24,"turns":6},{"damage":30,"enemies":"3 Cultists","floor":25,"turns":4}],"seed_played":"8590281187727862860","potions_obtained":[{"floor":1,"key":"Explosive Potion"},{"floor":12,"key":"Regen Potion"},{"floor":16,"key":"SkillPotion"},{"floor":22,"key":"Fruit Juice"}],"is_trial":false,"path_per_floor":["M","$","T","M","$","R","T","M","T","?","R","M","M","M","R","B",null,"M","?","M","$","M","R","E","M"],"character_chosen":"THE_SILENT","items_purchased":["Infinite Blades","Noxious Fumes","Catalyst","Dream Catcher"],"campfire_rested":2,"item_purchase_floors":[2,5,21,21],"current_hp_per_floor":[62,62,62,55,55,55,55,55,55,55,55,49,49,25,43,33,63,41,35,24,24,16,36,29,0],"gold":136,"neow_bonus":"THREE_RARE_CARDS","is_prod":false,"is_daily":false,"chose_seed":false,"campfire_upgraded":2,"win_rate":0,"timestamp":1551874826,"path_taken":["M","?","?","M","$","R","?","M","T","?","R","M","?","M","R","BOSS","M","?","M","$","M","R","E","M"],"build_version":"2019-01-23","purchased_purges":1,"victory":false,"max_hp_per_floor":[63,63,63,63,63,63,63,63,63,63,63,63,63,63,63,63,63,63,63,63,63,68,68,68,68],"card_choices":[{"not_picked":["Unload","After Image"],"picked":"Envenom","floor":0},{"not_picked":["Quick Slash","Accuracy"],"picked":"Infinite Blades","floor":1},{"not_picked":["All Out Attack","Sucker Punch"],"picked":"Dagger Spray","floor":4},{"not_picked":["Dagger Throw","Prepared"],"picked":"Noxious Fumes","floor":8},{"not_picked":["Terror","All Out Attack","Acrobatics"],"picked":"SKIP","floor":12},{"not_picked":["Outmaneuver","Backflip","Underhanded Strike"],"picked":"SKIP","floor":13},{"not_picked":["Quick Slash","Finisher"],"picked":"Bane","floor":14},{"not_picked":["PiercingWail","Well Laid Plans","Outmaneuver"],"picked":"SKIP","floor":18},{"not_picked":["Blade Dance+1","Outmaneuver"],"picked":"Dash","floor":20},{"not_picked":["Prepared","Outmaneuver","Underhanded Strike"],"picked":"SKIP","floor":22},{"not_picked":["Terror","Outmaneuver+1"],"picked":"Noxious Fumes","floor":24}],"player_experience":308945,"relics_obtained":[{"floor":3,"key":"Whetstone"},{"floor":7,"key":"Oddly Smooth Stone"},{"floor":9,"key":"Vajra"},{"floor":24,"key":"Anchor"}],"event_choices":[{"damage_healed":0,"gold_gain":175,"player_choice":"AGREE","damage_taken":0,"max_hp_gain":0,"max_hp_loss":0,"event_name":"Liars Game","floor":10,"gold_loss":0,"cards_obtained":["Doubt"]},{"damage_healed":0,"gold_gain":0,"player_choice":"Joined the Cult","damage_taken":6,"max_hp_gain":0,"max_hp_loss":0,"event_name":"Nest","floor":19,"gold_loss":0,"cards_obtained":["RitualDagger"]}],"is_beta":false,"boss_relics":[{"not_picked":["Busted Crown","Velvet Choker"],"picked":"Lizard Tail"}],"items_purged_floors":[21],"is_endless":false,"potions_floor_spawned":[1,12,16,22],"killed_by":"3 Cultists","ascension_level":1}