{"gold_per_floor":[113,130,5,18,30,55,70,98,98,127,127,74,94,119,119,196,196,207,79,96,116,134,134,167,167,167,167,179,179,19,45,45,123,123,140,159,209,224,40,40,55,55,101,115,144,144,154,154,154,154],"floor_reached":51,"playtime":3487,"items_purged":["Strike_G","Defend_G"],"score":1537,"play_id":"f5ab1177-d301-460b-9a95-6cbe7f8b7d2a","local_time":"20190315061230","is_ascension_mode":true,"campfire_choices":[{"floor":11,"key":"REST"},{"data":"Cloak And Dagger","floor":15,"key":"SMITH"},{"data":"Burst","floor":23,"key":"SMITH"},{"floor":25,"key":"REST"},{"data":"Ghostly","floor":32,"key":"SMITH"},{"data":"Ghostly","floor":40,"key":"SMITH"},{"data":"Ghostly","floor":42,"key":"SMITH"},{"data":"Well Laid Plans","floor":46,"key":"SMITH"},{"data":"Cloak And Dagger","floor":49,"key":"SMITH"}],"neow_cost":"NONE","seed_source_timestamp":93440957576646,"circlet_count":0,"master_deck":["AscendersBane","Defend_G","Defend_G","Defend_G","Defend_G","Neutralize","Dash","Predator","Acrobatics","Poisoned Stab","Riddle With Holes","Well Laid Plans+1","Cloak And Dagger+1","Burst+1","Cloak And Dagger+1","Acrobatics","Blade Dance","Ghostly+1","Ghostly+1","Ghostly+1","Bite","Bite","Bite","Bite","Bite","Night Terror","Blur"],"relics":["Busted Crown","Singing Bowl","Centennial Puzzle","Darkstone Periapt","Mercury Hourglass","Shuriken","Sozu","Pear","Happy Flower","Bag of Marbles","WristBlade","Omamori","Dead Branch"],"potions_floor_usage":[8,14,16,16],"damage_taken":[{"damage":0,"enemies":"Cultist","floor":1,"turns":5},{"damage":0,"enemies":"Small Slimes","floor":2,"turns":4},{"damage":2,"enemies":"Jaw Worm","floor":4,"turns":3},{"damage":3,"enemies":"Blue Slaver","floor":5,"turns":3},{"damage":22,"enemies":"Gremlin Nob","floor":6,"turns":4},{"damage":6,"enemies":"Looter","floor":7,"turns":2},{"damage":5,"enemies":"3 Sentries","floor":8,"turns":8},{"damage":10,"enemies":"Lagavulin","floor":10,"turns":6},{"damage":1,"enemies":"Gremlin Gang","floor":13,"turns":4},{"damage":5,"enemies":"3 Sentries","floor":14,"turns":4},{"damage":0,"enemies":"Hexaghost","floor":16,"turns":8},{"damage":3,"enemies":"Chosen","floor":18,"turns":4},{"damage":7,"enemies":"Spheric Guardian","floor":20,"turns":4},{"damage":21,"enemies":"Snecko","floor":21,"turns":5},{"damage":7,"enemies":"Snake Plant","floor":22,"turns":4},{"damage":29,"enemies":"Slavers","floor":24,"turns":6},{"damage":13,"enemies":"Shelled Parasite and Fungi","floor":28,"turns":5},{"damage":0,"enemies":"Champ","floor":33,"turns":11},{"damage":1,"enemies":"Orb Walker","floor":35,"turns":5},{"damage":0,"enemies":"3 Shapes","floor":36,"turns":3},{"damage":1,"enemies":"Jaw Worm Horde","floor":38,"turns":6},{"damage":1,"enemies":"Transient","floor":41,"turns":6},{"damage":17,"enemies":"Maw","floor":44,"turns":9},{"damage":0,"enemies":"Nemesis","floor":45,"turns":9},{"damage":4,"enemies":"4 Shapes","floor":47,"turns":5},{"damage":7,"enemies":"Time Eater","floor":50,"turns":14}],"seed_played":"-5255101964311475106","potions_obtained":[{"floor":4,"key":"EssenceOfSteel"},{"floor":5,"key":"Dexterity Potion"},{"floor":7,"key":"Block Potion"},{"floor":13,"key":"SteroidPotion"},{"floor":14,"key":"EssenceOfSteel"}],"is_trial":false,"path_per_floor":["M","M","$","M","M","E","M","E","T","E","R","$","M","E","R","B",null,"M","$","M","M","M","R","E","R","T","?","M","?","$","T","R","B",null,"M","M","?","M","$","R","M","R","T","M","E","R","M","?","R","B",null],"character_chosen":"THE_SILENT","items_purchased":["Predator","Acrobatics","Cloak And Dagger","Acrobatics","Night Terror","Blur"],"campfire_rested":2,"item_purchase_floors":[3,3,12,19,30,39],"current_hp_per_floor":[59,59,59,57,54,34,30,25,25,17,38,38,39,36,36,36,66,63,63,58,37,32,32,15,42,42,42,31,31,31,31,31,35,35,37,39,36,41,41,41,42,42,42,40,47,47,49,49,49,46],"gold":154,"neow_bonus":"BOSS_RELIC","is_prod":false,"is_daily":false,"chose_seed":false,"campfire_upgraded":7,"win_rate":0,"timestamp":1552644750,"path_taken":["M","M","$","?","M","E","M","E","T","E","R","$","?","E","R","BOSS","M","$","?","M","M","R","E","R","T","?","M","?","?","?","R","BOSS","M","M","?","M","$","R","M","R","T","?","E","R","M","?","R","BOSS"],"build_version":"2019-02-06","purchased_purges":2,"victory":true,"max_hp_per_floor":[66,66,66,66,66,68,70,70,70,72,72,72,74,76,76,76,76,76,76,78,78,80,80,92,92,92,46,48,33,33,33,33,35,35,37,39,39,41,41,41,43,43,43,45,47,47,49,49,49,49],"card_choices":[{"not_picked":["Underhanded Strike"],"picked":"SKIP","floor":1},{"not_picked":[],"picked":"Dash","floor":2},{"not_picked":[],"picked":"Poisoned Stab","floor":4},{"not_picked":[],"picked":"Riddle With Holes","floor":5},{"not_picked":["Prepared"],"picked":"Singing Bowl","floor":6},{"not_picked":["Bane"],"picked":"Singing Bowl","floor":7},{"not_picked":[],"picked":"Well Laid Plans","floor":8},{"not_picked":["Dagger Throw"],"picked":"Singing Bowl","floor":10},{"not_picked":["Cloak And Dagger"],"picked":"Singing Bowl","floor":13},{"not_picked":["Outmaneuver"],"picked":"Singing Bowl","floor":14},{"not_picked":[],"picked":"Burst","floor":16},{"not_picked":[],"picked":"Cloak And Dagger","floor":18},{"not_picked":["Blade Dance"],"picked":"Singing Bowl","floor":20},{"not_picked":[],"picked":"Blade Dance","floor":21},{"not_picked":["Deadly Poison+1"],"picked":"Singing Bowl","floor":22},{"not_picked":["Cloak And Dagger"],"picked":"Singing Bowl","floor":24},{"not_picked":["All Out Attack"],"picked":"Singing Bowl","floor":28},{"not_picked":["Corpse Explosion"],"picked":"Singing Bowl","floor":33},{"not_picked":["Acrobatics"],"picked":"Singing Bowl","floor":35},{"not_picked":["Catalyst"],"picked":"Singing Bowl","floor":36},{"not_picked":["Cloak And Dagger"],"picked":"Singing Bowl","floor":38},{"not_picked":["Underhanded Strike"],"picked":"Singing Bowl","floor":41},{"not_picked":["Sucker Punch"],"picked":"Singing Bowl","floor":44},{"not_picked":["Outmaneuver+1"],"picked":"Singing Bowl","floor":45},{"not_picked":["Poisoned Stab"],"picked":"Singing Bowl","floor":47}],"player_experience":510894,"relics_obtained":[{"floor":6,"key":"Singing Bowl"},{"floor":8,"key":"Centennial Puzzle"},{"floor":9,"key":"Darkstone Periapt"},{"floor":10,"key":"Mercury Hourglass"},{"floor":14,"key":"Shuriken"},{"floor":24,"key":"Pear"},{"floor":26,"key":"Happy Flower"},{"floor":31,"key":"Bag of Marbles"},{"floor":43,"key":"Omamori"},{"floor":45,"key":"Dead Branch"}],"event_choices":[{"damage_healed":0,"gold_gain":0,"player_choice":"Became a Ghost","damage_taken":0,"max_hp_gain":0,"max_hp_loss":46,"event_name":"Ghosts","floor":27,"gold_loss":0,"cards_obtained":["Ghostly","Ghostly","Ghostly"]},{"damage_healed":0,"gold_gain":0,"player_choice":"Became a vampire","damage_taken":0,"max_hp_gain":0,"max_hp_loss":15,"event_name":"Vampires","floor":29,"gold_loss":0,"cards_obtained":["Bite","Bite","Bite","Bite","Bite"]},{"damage_healed":0,"gold_gain":50,"player_choice":"Touch","damage_taken":3,"max_hp_gain":0,"max_hp_loss":0,"event_name":"FaceTrader","floor":37,"gold_loss":0},{"cards_removed":["Survivor"],"damage_healed":0,"gold_gain":0,"player_choice":"Removed Skill","damage_taken":0,"max_hp_gain":0,"max_hp_loss":0,"event_name":"Falling","floor":48,"gold_loss":0}],"is_beta":true,"boss_relics":[{"not_picked":["HoveringKite","Fusion Hammer"],"picked":"Sozu"},{"not_picked":["Black Star","Astrolabe"],"picked":"WristBlade"}],"items_purged_floors":[19,39],"is_endless":false,"potions_floor_spawned":[4,5,7,13,14,21,24,28,35,38],"ascension_level":17}