{"gold_per_floor":[115,115,132,132,282,282,297,308,334,352,352,352,380,395,395,472,472,491,504,295,295,315,342,342,372,372,372,208,236,261,273,273,345,345,365,378,221,221,239,239,239,239,239,254,283,283,283,63,63,63,63],"floor_reached":52,"playtime":3423,"items_purged":["Strike_B"],"score":1913,"play_id":"987196c8-b2d0-4df4-88b9-760580dbbd9d","local_time":"20181028150335","is_ascension_mode":true,"campfire_choices":[{"data":"Zap","floor":6.0,"key":"SMITH"},{"floor":11.0,"key":"REST"},{"data":"Electrodynamics","floor":15.0,"key":"SMITH"},{"data":"Dualcast","floor":24.0,"key":"SMITH"},{"floor":27.0,"key":"REST"},{"floor":32.0,"key":"DIG"},{"floor":40.0,"key":"DIG"},{"floor":42.0,"key":"DIG"},{"floor":49.0,"key":"DIG"}],"neow_cost":"NONE","seed_source_timestamp":0,"circlet_count":0,"master_deck":["Strike_B+1","Strike_B+1","Defend_B+1","Defend_B+1","Defend_B+1","Defend_B+1","Zap+1","Dualcast+1","AscendersBane","Melter","Hologram","Creative AI","Electrodynamics+1","Core Surge","Glacier","Glacier","Conserve Battery","Recycle","Defragment","Biased Cognition","Go for the Eyes","Rebound+1","Conserve Battery+1","Flash of Steel","Hologram","Stack+1","Capacitor","Conserve Battery+1","BootSequence+1"],"special_seed":0,"relics":["Cracked Core","DataDisk","Bag of Marbles","Meat on the Bone","Empty Cage","Centennial Puzzle","Shovel","Mummified Hand","Blood Vial","Red Mask","Ornamental Fan","Happy Flower","Lizard Tail","Omamori","Shuriken","Lantern","Pocketwatch","Toxic Egg 2","Darkstone Periapt","Art of War"],"potions_floor_usage":[51],"damage_taken":[{"damage":12.0,"enemies":"Small Slimes","floor":1.0,"turns":3.0},{"damage":0.0,"enemies":"2 Louse","floor":3.0,"turns":2.0},{"damage":2.0,"enemies":"Jaw Worm","floor":7.0,"turns":2.0},{"damage":4.0,"enemies":"Exordium Wildlife","floor":8.0,"turns":4.0},{"damage":0.0,"enemies":"Red Slaver","floor":10.0,"turns":1.0},{"damage":30.0,"enemies":"3 Sentries","floor":13.0,"turns":8.0},{"damage":4.0,"enemies":"Large Slime","floor":14.0,"turns":4.0},{"damage":12.0,"enemies":"Slime Boss","floor":16.0,"turns":7.0},{"damage":24.0,"enemies":"Chosen","floor":18.0,"turns":5.0},{"damage":27.0,"enemies":"Shell Parasite","floor":19.0,"turns":5.0},{"damage":0.0,"enemies":"Sentry and Sphere","floor":22.0,"turns":3.0},{"damage":25.0,"enemies":"Gremlin Leader","floor":23.0,"turns":6.0},{"damage":30.0,"enemies":"Slavers","floor":25.0,"turns":4.0},{"damage":0.0,"enemies":"Masked Bandits","floor":29.0,"turns":2.0},{"damage":5.0,"enemies":"Gremlin Leader","floor":30.0,"turns":8.0},{"damage":1.0,"enemies":"Centurion and Healer","floor":31.0,"turns":6.0},{"damage":0.0,"enemies":"Champ","floor":33.0,"turns":16.0},{"damage":4.0,"enemies":"Orb Walker","floor":35.0,"turns":3.0},{"damage":0.0,"enemies":"3 Shapes","floor":36.0,"turns":2.0},{"damage":14.0,"enemies":"3 Darklings","floor":39.0,"turns":4.0},{"damage":0.0,"enemies":"4 Shapes","floor":44.0,"turns":4.0},{"damage":40.0,"enemies":"Nemesis","floor":45.0,"turns":19.0},{"damage":4.0,"enemies":"Jaw Worm Horde","floor":48.0,"turns":5.0},{"damage":10.0,"enemies":"Time Eater","floor":50.0,"turns":20.0},{"damage":39,"enemies":"Awakened One","floor":51,"turns":18}],"seed_played":"-7953593210380863958","potions_obtained":[{"floor":1.0,"key":"Ancient Potion"},{"floor":4.0,"key":"Weak Potion"},{"floor":4.0,"key":"Energy Potion"},{"floor":7.0,"key":"Energy Potion"},{"floor":8.0,"key":"Fire Potion"},{"floor":10.0,"key":"Swift Potion"},{"floor":16.0,"key":"LiquidBronze"},{"floor":18.0,"key":"Weak Potion"},{"floor":25.0,"key":"Energy Potion"},{"floor":29.0,"key":"AttackPotion"},{"floor":31.0,"key":"FearPotion"},{"floor":35.0,"key":"Swift Potion"},{"floor":44.0,"key":"Dexterity Potion"}],"is_trial":false,"path_per_floor":["M","?","M","?","?","R","M","M","T","M","R","?","E","M","R","B",null,"M","M","$","?","M","E","R","E","T","R","$","?","E","M","R","B",null,"M","M","$","?","M","R","?","R","T","M","E","T","?","$","R","B","B"],"character_chosen":"DEFECT","items_purchased":["Glacier","Fire Potion","Blood Vial","Omamori","Capacitor","Conserve Battery+1","Dexterity Potion","BootSequence+1"],"campfire_rested":2,"item_purchase_floors":[20,20,28,37,48,48,48,48],"current_hp_per_floor":[52,31,31,31,31,31,29,25,25,25,46,46,16,24,24,24,59,47,32,32,32,44,31,31,13,13,34,34,36,45,46,46,48,65,63,65,65,65,53,53,48,48,48,50,24,24,55,51,51,43,18],"gold":63,"neow_bonus":"REMOVE_CARD","is_prod":false,"is_daily":false,"chose_seed":false,"campfire_upgraded":3,"win_rate":0,"timestamp":1540753415,"path_taken":["M","?","M","?","?","R","M","?","T","M","R","?","E","M","R","BOSS","M","M","$","?","?","E","R","E","T","R","$","?","E","M","R","BOSS","M","M","$","?","M","R","?","R","T","M","E","?","?","?","R","BOSS","BOSS"],"build_version":"2018-10-25v2","purchased_purges":1,"victory":true,"max_hp_per_floor":[71,71,71,71,71,71,71,71,71,71,71,71,71,71,71,71,71,71,71,71,71,71,71,71,71,71,71,71,71,71,71,71,71,71,71,71,71,67,67,67,67,67,67,67,67,67,55,55,55,55,55],"card_choices":[{"not_picked":["Barrage","Capacitor"],"picked":"Melter","floor":1.0},{"not_picked":["Go for the Eyes","Redo"],"picked":"Hologram","floor":3.0},{"not_picked":["Rebound","Hello World","Barrage"],"picked":"SKIP","floor":7.0},{"not_picked":["Beam Cell","Compile Driver"],"picked":"Creative AI","floor":8.0},{"not_picked":["Gash","Redo","Compile Driver"],"picked":"SKIP","floor":10.0},{"not_picked":["Auto Shields","Force Field"],"picked":"Electrodynamics","floor":13.0},{"not_picked":["Beam Cell","Double Energy","Undo"],"picked":"SKIP","floor":14.0},{"not_picked":["Fission","Creative AI"],"picked":"Core Surge","floor":16.0},{"not_picked":["Rip and Tear","Beam Cell","Steam"],"picked":"SKIP","floor":18.0},{"not_picked":["Turbo","Leap","Barrage"],"picked":"SKIP","floor":19.0},{"not_picked":["Ball Lightning","Hologram"],"picked":"Glacier","floor":22.0},{"not_picked":["Sweeping Beam","Doom and Gloom","Stack"],"picked":"SKIP","floor":23.0},{"not_picked":["Lockon","Redo"],"picked":"Conserve Battery","floor":25.0},{"not_picked":["Static Discharge","Glacier"],"picked":"Recycle","floor":30.0},{"not_picked":["Fusion","Sunder"],"picked":"Defragment","floor":31.0},{"not_picked":["Core Surge","Machine Learning"],"picked":"Biased Cognition","floor":33.0},{"not_picked":["Turbo","Steam+1"],"picked":"Go for the Eyes","floor":35.0},{"not_picked":["Steam","Sweeping Beam"],"picked":"Rebound+1","floor":36.0},{"not_picked":["Beam Cell","Consume"],"picked":"Conserve Battery+1","floor":39.0},{"not_picked":["The Bomb","Impatience"],"picked":"Flash of Steel","floor":41.0},{"not_picked":["Rebound+1","Static Discharge"],"picked":"Hologram","floor":44.0},{"not_picked":["Reboot","Reprogram"],"picked":"Stack","floor":45.0}],"player_experience":1047789,"relics_obtained":[{"floor":9.0,"key":"DataDisk"},{"floor":13.0,"key":"Meat on the Bone"},{"floor":23.0,"key":"Centennial Puzzle"},{"floor":25.0,"key":"Shovel"},{"floor":26.0,"key":"Mummified Hand"},{"floor":29.0,"key":"Red Mask"},{"floor":30.0,"key":"Ornamental Fan"},{"floor":32.0,"key":"Happy Flower"},{"floor":40.0,"key":"Shuriken"},{"floor":42.0,"key":"Lantern"},{"floor":43.0,"key":"Pocketwatch"},{"floor":45.0,"key":"Toxic Egg 2"},{"floor":46.0,"key":"Darkstone Periapt"},{"floor":49.0,"key":"Art of War"}],"event_choices":[{"damage_healed":0.0,"max_hp_gain":0.0,"max_hp_loss":0.0,"gold_gain":0.0,"event_name":"Shining Light","player_choice":"Entered Light","floor":2.0,"gold_loss":0.0,"damage_taken":21.0,"cards_upgraded":["Strike_B","Strike_B"]},{"damage_healed":0.0,"max_hp_gain":0.0,"max_hp_loss":0.0,"gold_gain":0.0,"event_name":"The Lab","player_choice":"Got Potions","floor":4.0,"gold_loss":0.0,"damage_taken":0.0},{"damage_healed":0.0,"max_hp_gain":0.0,"max_hp_loss":0.0,"gold_gain":150.0,"event_name":"Liars Game","player_choice":"AGREE","floor":5.0,"gold_loss":0.0,"damage_taken":0.0,"cards_obtained":["Doubt"]},{"damage_healed":0.0,"max_hp_gain":0.0,"max_hp_loss":0.0,"gold_gain":0.0,"event_name":"Big Fish","player_choice":"Box","floor":12.0,"gold_loss":0.0,"damage_taken":0.0,"relics_obtained":["Bag of Marbles"],"cards_obtained":["Regret"]},{"damage_healed":0.0,"max_hp_gain":0.0,"max_hp_loss":0.0,"gold_gain":0.0,"event_name":"Back to Basics","player_choice":"Simplicity","floor":21.0,"gold_loss":0.0,"damage_taken":0.0,"cards_upgraded":["Defend_B","Defend_B","Defend_B","Defend_B"]},{"damage_healed":0.0,"max_hp_gain":0.0,"max_hp_loss":0.0,"gold_gain":0.0,"event_name":"Masked Bandits","player_choice":"Fought Bandits","floor":29.0,"gold_loss":0.0,"damage_taken":0.0},{"damage_healed":0.0,"max_hp_gain":0.0,"max_hp_loss":4.0,"gold_gain":0.0,"event_name":"Winding Halls","player_choice":"Max HP","floor":38.0,"gold_loss":0.0,"damage_taken":0.0},{"damage_healed":0.0,"max_hp_gain":0.0,"max_hp_loss":0.0,"gold_gain":0.0,"event_name":"SensoryStone","player_choice":"Memory 2","floor":41.0,"gold_loss":0.0,"damage_taken":5.0},{"damage_healed":55.0,"max_hp_gain":0.0,"max_hp_loss":12.0,"gold_gain":0.0,"event_name":"The Moai Head","player_choice":"Heal","floor":47.0,"gold_loss":0.0,"damage_taken":0.0}],"is_beta":false,"boss_relics":[{"not_picked":["FrozenCore","Tiny House"],"picked":"Empty Cage"},{"not_picked":["Runic Dome","Pandora\u0027s Box"],"picked":"Lizard Tail"}],"items_purged_floors":[20],"is_endless":false,"potions_floor_spawned":[1,7,8,10,16,18,23,25,29,31,35,36,44],"ascension_level":20}