{"gold_per_floor":[211,211,211,223,180,180,212,212,265,275,350,366,383,403,403,480,480,498,498,528,528,90,115,115,150,174,184,184,234,265,285,285,359,359,373,147,161,161,176,207,207,218,294,152,152,180,190,190,190,190,190,190,190,31,61,61],"floor_reached":57,"playtime":3992,"items_purged":["Writhe","Strike_G"],"score":2756,"play_id":"cf71b41f-0dec-49fe-a860-b91a36aead65","local_time":"20181104182200","is_ascension_mode":true,"campfire_choices":[{"floor":6.0,"key":"REST"},{"floor":8.0,"key":"REST"},{"floor":15.0,"key":"REST"},{"data":"Well Laid Plans","floor":24.0,"key":"SMITH"},{"data":"Noxious Fumes","floor":28.0,"key":"SMITH"},{"floor":32.0,"key":"REST"},{"data":"Skewer","floor":41.0,"key":"SMITH"},{"floor":45.0,"key":"RECALL"},{"floor":49.0,"key":"REST"},{"floor":53.0,"key":"REST"}],"neow_cost":"NONE","seed_source_timestamp":116538774224821,"circlet_count":0,"master_deck":["AscendersBane","Defend_G","Defend_G","Defend_G","Defend_G","Defend_G+1","Strike_G+1","Strike_G","Survivor","Neutralize","Backflip","Predator","Noxious Fumes+1","Deadly Poison+1","Deflect+1","PiercingWail+1","Leg Sweep+1","Deadly Poison+1","Malaise+1","After Image+1","Acrobatics+1","Deflect+1","Crippling Poison+1","Deflect+1","Well Laid Plans+1","Tools of the Trade","Skewer+1","Concentrate+1","Deflect+1","Leg Sweep+1","Malaise+1","Backflip+1","Backflip+1","PiercingWail+1"],"special_seed":0,"relics":["Ring of the Snake","Toxic Egg 2","Boot","Orrery","Tiny Chest","Anchor","Art of War","Gambling Chip","Snake Skull","Bronze Scales","Red Mask","Busted Crown","Membership Card","Regal Pillow","Paper Crane","Question Card","Chemical X","Oddly Smooth Stone"],"potions_floor_usage":[56,56],"damage_taken":[{"damage":5.0,"enemies":"Small Slimes","floor":1.0,"turns":4.0},{"damage":8.0,"enemies":"Cultist","floor":4.0,"turns":6.0},{"damage":44.0,"enemies":"Gremlin Nob","floor":7.0,"turns":6.0},{"damage":0.0,"enemies":"2 Louse","floor":10.0,"turns":2.0},{"damage":6.0,"enemies":"Lots of Slimes","floor":12.0,"turns":5.0},{"damage":0.0,"enemies":"2 Fungi Beasts","floor":13.0,"turns":3.0},{"damage":0.0,"enemies":"3 Louse","floor":14.0,"turns":3.0},{"damage":5.0,"enemies":"Hexaghost","floor":16.0,"turns":8.0},{"damage":2.0,"enemies":"Shell Parasite","floor":18.0,"turns":6.0},{"damage":15.0,"enemies":"Book of Stabbing","floor":23.0,"turns":7.0},{"damage":28.0,"enemies":"Slavers","floor":25.0,"turns":6.0},{"damage":3.0,"enemies":"2 Thieves","floor":27.0,"turns":4.0},{"damage":3.0,"enemies":"Masked Bandits","floor":30.0,"turns":4.0},{"damage":0.0,"enemies":"Centurion and Healer","floor":31.0,"turns":6.0},{"damage":6.0,"enemies":"Champ","floor":33.0,"turns":14.0},{"damage":0.0,"enemies":"Orb Walker","floor":35.0,"turns":5.0},{"damage":0.0,"enemies":"3 Shapes","floor":37.0,"turns":4.0},{"damage":4.0,"enemies":"Spire Growth","floor":39.0,"turns":7.0},{"damage":16.0,"enemies":"Nemesis","floor":40.0,"turns":11.0},{"damage":0.0,"enemies":"3 Darklings","floor":42.0,"turns":6.0},{"damage":0.0,"enemies":"Giant Head","floor":46.0,"turns":9.0},{"damage":0.0,"enemies":"Sphere and 2 Shapes","floor":47.0,"turns":6.0},{"damage":3.0,"enemies":"Time Eater","floor":50.0,"turns":15.0},{"damage":38.0,"enemies":"Awakened One","floor":51.0,"turns":27.0},{"damage":8.0,"enemies":"Shield and Spear","floor":55.0,"turns":9.0},{"damage":21,"enemies":"The Heart","floor":56,"turns":13}],"seed_played":"5096669947070731595","potions_obtained":[{"floor":3.0,"key":"Dexterity Potion"},{"floor":3.0,"key":"SpeedPotion"},{"floor":10.0,"key":"GamblersBrew"},{"floor":12.0,"key":"Swift Potion"},{"floor":13.0,"key":"Fire Potion"},{"floor":18.0,"key":"Fire Potion"},{"floor":31.0,"key":"PowerPotion"},{"floor":35.0,"key":"Dexterity Potion"},{"floor":40.0,"key":"Dexterity Potion"}],"is_trial":false,"path_per_floor":["M","?","?","M","$","R","E","R","T","M","M","?","M","M","M","R","B",null,"M","?","?","?","$","E","R","E","T","M","R","?","?","M","R","B",null,"M","$","M","?","M","E","R","M","T","$","R","E","M","?","R","B","B",null,"R","$","E","B",null],"character_chosen":"THE_SILENT","items_purchased":["Noxious Fumes","Anchor","Art of War","Skewer","Membership Card","Backflip+1","Paper Crane","Chemical X"],"campfire_rested":6,"item_purchase_floors":[5,22,22,22,36,36,44,54],"current_hp_per_floor":[54,34,34,26,26,45,1,20,20,20,9,3,3,3,22,17,54,52,52,52,76,76,61,61,33,33,30,30,30,27,27,49,43,68,68,68,68,68,64,48,48,48,48,48,48,48,48,48,72,69,31,62,72,72,64,43],"gold":61,"neow_bonus":"HUNDRED_GOLD","is_prod":false,"is_daily":false,"chose_seed":false,"campfire_upgraded":3,"win_rate":0,"timestamp":1541373720,"path_taken":["M","?","?","?","$","R","E","R","T","M","?","M","M","M","R","BOSS","M","?","?","?","$","E","R","E","T","?","R","?","?","M","R","BOSS","M","$","M","?","M","E","R","?","T","$","R","E","M","?","R","BOSS","BOSS","R","$","E","BOSS"],"build_version":"2018-11-02","purchased_purges":2,"victory":true,"max_hp_per_floor":[66,66,66,66,66,66,66,66,66,66,66,66,66,66,66,66,66,66,66,66,76,76,76,76,76,76,76,76,76,76,76,76,76,76,76,76,76,76,76,76,76,76,76,76,76,76,76,72,72,72,72,72,72,72,72,72],"card_choices":[{"not_picked":["Deflect","Heel Hook"],"picked":"Backflip","floor":1.0},{"not_picked":["Distraction","Riddle With Holes"],"picked":"Predator","floor":4.0},{"not_picked":["Masterful Stab","Flechettes"],"picked":"Deadly Poison","floor":7.0},{"not_picked":["Tactician+1","Poisoned Stab"],"picked":"Deflect+1","floor":10.0},{"not_picked":["Quick Slash","Riddle With Holes"],"picked":"PiercingWail+1","floor":12.0},{"not_picked":["Deadly Poison+1","Endless Agony"],"picked":"Leg Sweep+1","floor":13.0},{"not_picked":["Outmaneuver+1","Poisoned Stab"],"picked":"Deadly Poison+1","floor":14.0},{"not_picked":["Storm of Steel+1","Bullet Time+1"],"picked":"Malaise+1","floor":16.0},{"not_picked":["Blur+1","Backflip+1"],"picked":"After Image","floor":17.0},{"not_picked":["Underhanded Strike","Outmaneuver+1"],"picked":"Acrobatics+1","floor":17.0},{"not_picked":["Bane","Slice"],"picked":"Deflect+1","floor":17.0},{"not_picked":["Flying Knee","Choke"],"picked":"Crippling Poison+1","floor":17.0},{"not_picked":["Underhanded Strike","Prepared+1"],"picked":"Deflect+1","floor":17.0},{"not_picked":["Infinite Blades","Expertise+1"],"picked":"Well Laid Plans","floor":18.0},{"not_picked":["Infinite Blades","Outmaneuver+1"],"picked":"Concentrate+1","floor":23.0},{"not_picked":["Blade Dance+1","Eviscerate"],"picked":"Deflect+1","floor":25.0},{"not_picked":["Sucker Punch","Underhanded Strike","Noxious Fumes"],"picked":"SKIP","floor":27.0},{"not_picked":["Eviscerate","Riddle With Holes"],"picked":"Leg Sweep+1","floor":30.0},{"not_picked":["Riddle With Holes","Expertise+1","Quick Slash"],"picked":"SKIP","floor":31.0},{"not_picked":["After Image","A Thousand Cuts"],"picked":"Malaise+1","floor":33.0},{"not_picked":["Dagger Throw"],"picked":"SKIP","floor":35.0},{"not_picked":["Prepared+1"],"picked":"SKIP","floor":37.0},{"not_picked":["Prepared+1"],"picked":"SKIP","floor":37.0},{"not_picked":["Blade Dance+1"],"picked":"SKIP","floor":39.0},{"not_picked":["Poisoned Stab"],"picked":"SKIP","floor":40.0},{"not_picked":[],"picked":"Backflip+1","floor":42.0},{"not_picked":["Cloak And Dagger+1"],"picked":"SKIP","floor":46.0},{"not_picked":["All Out Attack","Sucker Punch+1"],"picked":"SKIP","floor":47.0},{"not_picked":["Unload"],"picked":"PiercingWail+1","floor":55.0}],"player_experience":846492,"relics_obtained":[{"floor":7.0,"key":"Toxic Egg 2"},{"floor":9.0,"key":"Boot"},{"floor":23.0,"key":"Gambling Chip"},{"floor":25.0,"key":"Snake Skull"},{"floor":26.0,"key":"Bronze Scales"},{"floor":30.0,"key":"Red Mask"},{"floor":40.0,"key":"Regal Pillow"},{"floor":46.0,"key":"Question Card"},{"floor":55.0,"key":"Oddly Smooth Stone"}],"event_choices":[{"damage_healed":0.0,"max_hp_gain":0.0,"max_hp_loss":0.0,"gold_gain":0.0,"event_name":"Shining Light","player_choice":"Entered Light","floor":2.0,"gold_loss":0.0,"damage_taken":20.0,"cards_upgraded":["Defend_G","Strike_G"]},{"damage_healed":0.0,"max_hp_gain":0.0,"max_hp_loss":0.0,"gold_gain":0.0,"event_name":"Lab","player_choice":"Got Potions","floor":3.0,"gold_loss":0.0,"damage_taken":0.0},{"damage_healed":0.0,"max_hp_gain":0.0,"max_hp_loss":0.0,"gold_gain":75.0,"event_name":"World of Goop","player_choice":"Gather Gold","floor":11.0,"gold_loss":0.0,"damage_taken":11.0},{"damage_healed":0.0,"max_hp_gain":0.0,"max_hp_loss":0.0,"gold_gain":0.0,"cards_transformed":["Strike_G","Strike_G"],"event_name":"Drug Dealer","player_choice":"Became Test Subject","floor":19.0,"gold_loss":0.0,"damage_taken":0.0,"cards_obtained":["Storm of Steel","Tools of the Trade"]},{"damage_healed":0.0,"max_hp_gain":0.0,"max_hp_loss":0.0,"gold_gain":0.0,"event_name":"The Mausoleum","player_choice":"Opened","floor":20.0,"gold_loss":0.0,"damage_taken":0.0,"relics_obtained":["Tiny Chest"],"cards_obtained":["Writhe"]},{"cards_removed":["Storm of Steel"],"damage_healed":14.0,"max_hp_gain":10.0,"max_hp_loss":0.0,"gold_gain":0.0,"event_name":"Bonfire Elementals","player_choice":"Offered Rare","floor":21.0,"gold_loss":0.0,"damage_taken":0.0},{"damage_healed":0.0,"max_hp_gain":0.0,"max_hp_loss":0.0,"gold_gain":50.0,"event_name":"Nest","player_choice":"Stole From Cult","floor":29.0,"gold_loss":0.0,"damage_taken":0.0},{"damage_healed":0.0,"max_hp_gain":0.0,"max_hp_loss":0.0,"gold_gain":0.0,"event_name":"Masked Bandits","player_choice":"Fought Bandits","floor":30.0,"gold_loss":0.0,"damage_taken":0.0},{"damage_healed":0.0,"max_hp_gain":0.0,"max_hp_loss":0.0,"gold_gain":0.0,"event_name":"Upgrade Shrine","player_choice":"Upgraded","floor":38.0,"gold_loss":0.0,"damage_taken":0.0,"cards_upgraded":["After Image"]},{"damage_healed":0.0,"max_hp_gain":0.0,"max_hp_loss":4.0,"gold_gain":0.0,"event_name":"Winding Halls","player_choice":"Max HP","floor":48.0,"gold_loss":0.0,"damage_taken":0.0}],"is_beta":true,"boss_relics":[{"not_picked":["Calling Bell","Tiny House"],"picked":"Orrery"},{"not_picked":["Black Star","White Beast Statue"],"picked":"Busted Crown"}],"items_purged_floors":[22,54],"is_endless":false,"potions_floor_spawned":[10,12,13,14,18,31,35,37,40,47],"ascension_level":20}