{"gold_per_floor":[119,194,194,213,187,217,217,246,246,246,159,159,189,201,201,276,276,291,291,311,62,62,62],"floor_reached":23,"playtime":708,"items_purged":["Strike_B"],"score":460,"play_id":"d5361fb8-065c-49d5-b313-96aa115a4ad9","local_time":"20181024094047","is_ascension_mode":true,"campfire_choices":[{"data":"Zap","floor":7.0,"key":"SMITH"},{"data":"Coolheaded","floor":12.0,"key":"SMITH"},{"data":"Blizzard","floor":15.0,"key":"SMITH"}],"neow_cost":"NONE","seed_source_timestamp":1090484517295108,"circlet_count":0,"master_deck":["Strike_B","Strike_B","Strike_B","Defend_B","Defend_B","Defend_B","Defend_B","Zap+1","Dualcast","AscendersBane","Undo","Conserve Battery","Coolheaded+1","Cold Snap","Defragment+1","Blizzard+1","Rebound","Electrodynamics+1","Capacitor+1"],"special_seed":0,"relics":["Cracked Core","NeowsBlessing","Frozen Egg 2","Calipers","Strawberry","DataDisk","Cursed Key","Enchiridion","Membership Card"],"potions_floor_usage":[22],"damage_taken":[{"damage":0.0,"enemies":"Jaw Worm","floor":1.0,"turns":1.0},{"damage":0.0,"enemies":"2 Louse","floor":4.0,"turns":1.0},{"damage":0.0,"enemies":"Lagavulin","floor":6.0,"turns":1.0},{"damage":41.0,"enemies":"Gremlin Nob","floor":8.0,"turns":5.0},{"damage":3.0,"enemies":"Lagavulin","floor":13.0,"turns":6.0},{"damage":0.0,"enemies":"Small Slimes","floor":14.0,"turns":3.0},{"damage":65.0,"enemies":"Hexaghost","floor":16.0,"turns":13.0},{"damage":0.0,"enemies":"Chosen","floor":18.0,"turns":4.0},{"damage":4.0,"enemies":"Shell Parasite","floor":20.0,"turns":4.0},{"damage":24,"enemies":"Colosseum Slavers","floor":22,"turns":3},{"damage":22,"enemies":"Gremlin Leader","floor":23,"turns":2}],"seed_played":"8686041891690856476","potions_obtained":[{"floor":4.0,"key":"EssenceOfSteel"},{"floor":6.0,"key":"EssenceOfSteel"},{"floor":8.0,"key":"Poison Potion"},{"floor":16.0,"key":"Strength Potion"}],"is_trial":false,"path_per_floor":["M","?","$","M","$","E","R","E","T","?","$","R","E","M","R","B",null,"M","?","M","$","?"],"character_chosen":"DEFECT","items_purchased":["Coolheaded","Defragment+1","Membership Card"],"campfire_rested":0,"item_purchase_floors":[5,11,21],"current_hp_per_floor":[64,53,53,53,53,53,53,12,19,78,78,78,75,75,75,10,61,61,40,36,36,12,0],"gold":62,"neow_bonus":"THREE_ENEMY_KILL","is_prod":false,"is_daily":false,"chose_seed":false,"campfire_upgraded":3,"win_rate":0,"timestamp":1540388447,"path_taken":["M","?","$","M","$","E","R","E","T","?","?","R","E","?","R","BOSS","M","?","M","$","?","E"],"build_version":"2018-10-18","purchased_purges":1,"victory":false,"max_hp_per_floor":[71,71,71,71,71,71,71,71,78,78,78,78,78,78,78,78,78,78,78,78,78,78,78],"card_choices":[{"not_picked":["Ball Lightning","Double Energy"],"picked":"Undo","floor":1.0},{"not_picked":["Darkness","Cold Snap"],"picked":"Conserve Battery","floor":4.0},{"not_picked":["Chaos","Fusion"],"picked":"Cold Snap","floor":6.0},{"not_picked":["Redo","Ball Lightning"],"picked":"BootSequence","floor":8.0},{"not_picked":["Go for the Eyes","Ball Lightning"],"picked":"Blizzard","floor":13.0},{"not_picked":["Coolheaded","Storm+1"],"picked":"Rebound","floor":14.0},{"not_picked":["Multi-Cast","Rainbow"],"picked":"Electrodynamics+1","floor":16.0},{"not_picked":["Steam","Coolheaded"],"picked":"Capacitor+1","floor":18.0},{"not_picked":["Sunder","FTL","Steam Power"],"picked":"SKIP","floor":20.0}],"player_experience":1010050,"relics_obtained":[{"floor":6.0,"key":"Frozen Egg 2"},{"floor":8.0,"key":"Calipers"},{"floor":9.0,"key":"Strawberry"},{"floor":13.0,"key":"DataDisk"},{"floor":19.0,"key":"Enchiridion"}],"event_choices":[{"damage_healed":0.0,"max_hp_gain":0.0,"max_hp_loss":0.0,"gold_gain":75.0,"event_name":"World of Goop","player_choice":"Gather Gold","floor":2.0,"gold_loss":0.0,"damage_taken":11.0},{"cards_removed":["BootSequence"],"damage_healed":59.0,"max_hp_gain":0.0,"max_hp_loss":0.0,"gold_gain":0.0,"event_name":"Bonfire Elementals","player_choice":"Offered Uncommon","floor":10.0,"gold_loss":0.0,"damage_taken":0.0},{"damage_healed":0.0,"max_hp_gain":0.0,"max_hp_loss":0.0,"gold_gain":0.0,"event_name":"Cursed Tome","player_choice":"Obtained Book","floor":19.0,"gold_loss":0.0,"damage_taken":21.0},{"damage_healed":0,"gold_gain":0,"player_choice":"Fight","damage_taken":0,"max_hp_gain":0,"max_hp_loss":0,"event_name":"Colosseum","floor":22,"gold_loss":0},{"damage_healed":0,"gold_gain":0,"player_choice":"Fled From Nobs","damage_taken":0,"max_hp_gain":0,"max_hp_loss":0,"event_name":"Colosseum","floor":22,"gold_loss":0}],"is_beta":false,"boss_relics":[{"not_picked":["FrozenCore","Ectoplasm"],"picked":"Cursed Key"}],"items_purged_floors":[21],"is_endless":false,"potions_floor_spawned":[4,6,8,16,18],"killed_by":"Gremlin Leader","ascension_level":20}