{"gold_per_floor":[214,228,240,258,269,269,602,602,626,626,656,707,0,27,27,27],"floor_reached":16,"playtime":977,"items_purged":[],"score":171,"play_id":"5c5d15da-dcd5-4108-a578-1e725026f6f2","local_time":"20190204060859","is_ascension_mode":true,"campfire_choices":[{"data":"Searing Blow","floor":6,"key":"SMITH"},{"data":"Searing Blow+1","floor":8,"key":"SMITH"},{"data":"Searing Blow+2","floor":10,"key":"SMITH"},{"floor":15,"key":"REST"}],"neow_cost":"NONE","seed_source_timestamp":2322977769585,"circlet_count":0,"master_deck":["AscendersBane","Strike_R","Strike_R","Strike_R","Strike_R","Strike_R","Defend_R","Defend_R","Defend_R","Defend_R","Bash","Iron Wave","Searing Blow+3","Armaments","Pommel Strike","Shrug It Off","Secret Technique"],"relics":["Burning Blood","Old Coin","PreservedInsect","Blood Vial","PrismaticShard","Shuriken","Mercury Hourglass","Boot"],"potions_floor_usage":[14,16],"damage_taken":[{"damage":16,"enemies":"Small Slimes","floor":1,"turns":5},{"damage":4,"enemies":"Jaw Worm","floor":2,"turns":5},{"damage":5,"enemies":"2 Louse","floor":3,"turns":3},{"damage":27,"enemies":"Lots of Slimes","floor":4,"turns":6},{"damage":11,"enemies":"3 Louse","floor":5,"turns":5},{"damage":25,"enemies":"3 Sentries","floor":7,"turns":9},{"damage":17,"enemies":"Lagavulin","floor":14,"turns":4},{"damage":40,"enemies":"Slime Boss","floor":16,"turns":11}],"seed_played":"5932803285169740389","potions_obtained":[{"floor":4,"key":"SneckoOil"},{"floor":5,"key":"Poison Potion"},{"floor":7,"key":"EssenceOfSteel"}],"is_trial":false,"path_per_floor":["M","M","M","M","M","R","E","R","T","R","?","T","$","E","R","B"],"character_chosen":"IRONCLAD","items_purchased":["PrismaticShard","Shuriken","Mercury Hourglass"],"campfire_rested":1,"item_purchase_floors":[13,13,13],"current_hp_per_floor":[62,64,65,44,39,39,20,20,20,20,20,20,20,11,35,0],"gold":27,"neow_bonus":"HUNDRED_GOLD","is_prod":false,"is_daily":false,"chose_seed":false,"campfire_upgraded":3,"win_rate":0,"timestamp":1549278539,"path_taken":["M","M","M","M","M","R","E","R","T","R","?","?","$","E","R","BOSS"],"build_version":"2019-01-23","purchased_purges":0,"victory":false,"max_hp_per_floor":[80,80,80,80,80,80,80,80,80,80,80,80,80,80,80,80],"card_choices":[{"not_picked":["Clash","Anger"],"picked":"Iron Wave","floor":1},{"not_picked":["Feel No Pain","Sword Boomerang","Blood for Blood"],"picked":"SKIP","floor":2},{"not_picked":["True Grit","Heavy Blade"],"picked":"Searing Blow","floor":3},{"not_picked":["Twin Strike","Limit Break"],"picked":"Armaments","floor":4},{"not_picked":["Entrench","Flex"],"picked":"Pommel Strike","floor":5},{"not_picked":["Sever Soul","Pummel"],"picked":"Shrug It Off","floor":7},{"not_picked":["Chaos","Headbutt"],"picked":"Secret Technique","floor":14}],"player_experience":345096,"relics_obtained":[{"floor":7,"key":"Old Coin"},{"floor":9,"key":"PreservedInsect"},{"floor":12,"key":"Blood Vial"},{"floor":14,"key":"Boot"}],"event_choices":[{"damage_healed":0,"gold_gain":30,"player_choice":"Searched \u00271\u0027 times","damage_taken":0,"max_hp_gain":0,"max_hp_loss":0,"event_name":"Dead Adventurer","floor":11,"gold_loss":0}],"is_beta":true,"boss_relics":[],"items_purged_floors":[],"is_endless":false,"potions_floor_spawned":[4,5,7],"killed_by":"Slime Boss","ascension_level":11}