{"gold_per_floor":[10,10,10,27,27,27,38,53,53,53,53,81,81,94,94,169,169,140,65,65,77,93,93,118,118],"floor_reached":25,"playtime":983,"items_purged":["Strike_G"],"score":442,"play_id":"7c8010a9-998e-496e-a662-8c9e1743ee85","local_time":"20181103221728","is_ascension_mode":true,"campfire_choices":[{"floor":6.0,"key":"DIG"},{"floor":13,"key":"DIG"},{"floor":15,"key":"DIG"},{"floor":23,"key":"DIG"}],"neow_cost":"NO_GOLD","seed_source_timestamp":44233651277675,"circlet_count":0,"master_deck":["AscendersBane","Defend_G","Defend_G","Defend_G","Defend_G","Defend_G","Strike_G+1","Strike_G","Strike_G","Strike_G","Survivor+1","Neutralize+1","Noxious Fumes+1","Deflect+1","Bouncing Flask","Dodge and Roll","Catalyst","A Thousand Cuts","Cloak And Dagger+1","Pain","Backflip","Caltrops","Wraith Form v2"],"special_seed":0,"relics":["Ring of the Snake","Shovel","Unceasing Top","War Paint","The Specimen","Pocketwatch","Calipers","Anchor","Runic Dome","WarpedTongs","Singing Bowl","Nunchaku"],"potions_floor_usage":[8,16,18,24,24],"damage_taken":[{"damage":0.0,"enemies":"2 Louse","floor":1.0,"turns":4.0},{"damage":0.0,"enemies":"Small Slimes","floor":4.0,"turns":4.0},{"damage":0.0,"enemies":"Cultist","floor":7.0,"turns":4.0},{"damage":4,"enemies":"Lots of Slimes","floor":8,"turns":4},{"damage":1,"enemies":"Lagavulin","floor":12,"turns":7},{"damage":2,"enemies":"Looter","floor":14,"turns":5},{"damage":1,"enemies":"The Guardian","floor":16,"turns":8},{"damage":17,"enemies":"2 Thieves","floor":18,"turns":5},{"damage":3,"enemies":"Spheric Guardian","floor":21,"turns":4},{"damage":10,"enemies":"Snake Plant","floor":22,"turns":4},{"damage":15,"enemies":"Slavers","floor":24,"turns":6},{"damage":32,"enemies":"Cultist and Chosen","floor":25,"turns":4}],"seed_played":"-7961962223644683469","potions_obtained":[{"floor":1.0,"key":"SkillPotion"},{"floor":4.0,"key":"Fire Potion"},{"floor":14,"key":"Energy Potion"},{"floor":16,"key":"Regen Potion"},{"floor":22,"key":"Energy Potion"}],"is_trial":false,"path_per_floor":["M","?","?","M","$","R","M","M","T","$","?","E","R","M","R","B",null,"M","$","?","M","M","R","E","M"],"character_chosen":"THE_SILENT","items_purchased":[],"campfire_rested":0,"item_purchase_floors":[],"current_hp_per_floor":[59,59,59,59,59,59,59,55,55,55,35,34,34,32,32,31,57,54,54,54,51,41,41,26,0],"gold":118,"neow_bonus":"ONE_RARE_RELIC","is_prod":false,"is_daily":false,"chose_seed":false,"campfire_upgraded":0,"win_rate":0,"timestamp":1541297848,"path_taken":["M","?","?","M","$","R","M","?","T","?","?","E","R","M","R","BOSS","M","$","?","?","M","R","E","M"],"build_version":"2018-11-02","purchased_purges":1,"victory":false,"max_hp_per_floor":[66,66,66,66,66,66,66,66,66,66,66,66,66,66,66,66,66,66,66,66,66,66,66,66,66],"card_choices":[{"not_picked":["Quick Slash","PiercingWail"],"picked":"Noxious Fumes","floor":1.0},{"not_picked":["Underhanded Strike","Slice"],"picked":"Deflect","floor":4.0},{"not_picked":["Setup","PiercingWail"],"picked":"Bouncing Flask","floor":7.0},{"not_picked":["Dagger Throw","Slice"],"picked":"Dodge and Roll","floor":8},{"not_picked":["Terror","Bullet Time","Reflex"],"picked":"SKIP","floor":12},{"not_picked":["Dagger Throw","Slice"],"picked":"Catalyst","floor":14},{"not_picked":["Envenom","Phantasmal Killer"],"picked":"A Thousand Cuts","floor":16},{"not_picked":["Dagger Throw","Setup+1"],"picked":"Cloak And Dagger+1","floor":18},{"not_picked":["Dodge and Roll","Underhanded Strike"],"picked":"Backflip","floor":21},{"not_picked":["Concentrate","Bane"],"picked":"Caltrops","floor":22},{"not_picked":["Slice","Outmaneuver"],"picked":"Wraith Form v2","floor":24}],"player_experience":827471,"relics_obtained":[{"floor":3.0,"key":"Unceasing Top"},{"floor":6.0,"key":"War Paint"},{"floor":9,"key":"The Specimen"},{"floor":12,"key":"Pocketwatch"},{"floor":13,"key":"Calipers"},{"floor":15,"key":"Anchor"},{"floor":23,"key":"Singing Bowl"},{"floor":24,"key":"Nunchaku"}],"event_choices":[{"damage_healed":0.0,"max_hp_gain":0.0,"max_hp_loss":0.0,"gold_gain":0.0,"event_name":"Living Wall","player_choice":"Grow","floor":2.0,"gold_loss":0.0,"damage_taken":0.0,"cards_upgraded":["Noxious Fumes"]},{"damage_healed":0.0,"max_hp_gain":0.0,"max_hp_loss":0.0,"gold_gain":0.0,"event_name":"Wheel of Change","player_choice":"Relic","floor":3.0,"gold_loss":0.0,"damage_taken":0.0},{"damage_healed":0,"gold_gain":0,"player_choice":"Entered Light","damage_taken":20,"max_hp_gain":0,"max_hp_loss":0,"event_name":"Shining Light","floor":11,"gold_loss":0,"cards_upgraded":["Neutralize","Strike_G"]},{"damage_healed":0,"gold_gain":0,"player_choice":"Rummage","damage_taken":0,"relics_obtained":["WarpedTongs"],"max_hp_gain":0,"max_hp_loss":0,"event_name":"Accursed Blacksmith","floor":20,"gold_loss":0,"cards_obtained":["Pain"]}],"is_beta":true,"boss_relics":[{"not_picked":["Philosopher\u0027s Stone","Ring of the Serpent"],"picked":"Runic Dome"}],"items_purged_floors":[19],"is_endless":false,"potions_floor_spawned":[1,4,14,16,22],"killed_by":"Cultist and Chosen","ascension_level":20}