{"gold_per_floor":[115,132,144,62,77,77,108,183,207,207,224,237,248,261,261,261],"floor_reached":16,"playtime":760,"items_purged":[],"score":111,"play_id":"ebd031cb-333b-4c31-878e-d7ee5b6c7618","local_time":"20190228024052","is_ascension_mode":true,"campfire_choices":[{"data":"Dash","floor":6,"key":"SMITH"},{"data":"Neutralize","floor":10,"key":"SMITH"},{"data":"Deadly Poison","floor":15,"key":"SMITH"}],"neow_cost":"NONE","seed_source_timestamp":643424026764273,"circlet_count":0,"master_deck":["Defend_G","Defend_G","Defend_G","Defend_G","Defend_G","Strike_G","Strike_G","Strike_G","Strike_G","Survivor","Neutralize+1","Outmaneuver","Quick Slash","Backstab","Dash+1","Die Die Die","PiercingWail","Finisher","Deadly Poison+1"],"relics":["Ring of the Snake","Lantern","Potion Belt"],"potions_floor_usage":[5,16,16,16],"damage_taken":[{"damage":1,"enemies":"Cultist","floor":1,"turns":4},{"damage":0,"enemies":"Small Slimes","floor":2,"turns":5},{"damage":0,"enemies":"Jaw Worm","floor":3,"turns":4},{"damage":2,"enemies":"Blue Slaver","floor":5,"turns":2},{"damage":4,"enemies":"3 Sentries","floor":7,"turns":6},{"damage":1,"enemies":"Large Slime","floor":11,"turns":8},{"damage":0,"enemies":"Looter","floor":12,"turns":3},{"damage":0,"enemies":"Red Slaver","floor":13,"turns":2},{"damage":0,"enemies":"Lots of Slimes","floor":14,"turns":1},{"damage":59,"enemies":"Slime Boss","floor":16,"turns":12}],"seed_played":"7466750052734530500","potions_obtained":[{"floor":3,"key":"AttackPotion"},{"floor":11,"key":"GhostInAJar"},{"floor":12,"key":"Energy Potion"},{"floor":13,"key":"SkillPotion"},{"floor":14,"key":"Explosive Potion"}],"is_trial":false,"path_per_floor":["M","M","M","$","M","R","E","?","T","R","M","M","M","M","R","B"],"character_chosen":"THE_SILENT","items_purchased":["Die Die Die"],"campfire_rested":0,"item_purchase_floors":[4],"current_hp_per_floor":[69,69,69,69,67,67,63,56,56,56,55,55,55,55,55,0],"gold":261,"neow_bonus":"TRANSFORM_CARD","is_prod":false,"is_daily":false,"chose_seed":false,"campfire_upgraded":3,"win_rate":0,"timestamp":1551350452,"path_taken":["M","?","M","$","M","R","E","?","T","R","?","M","M","M","R","BOSS"],"build_version":"2019-01-23","purchased_purges":0,"victory":false,"max_hp_per_floor":[70,70,70,70,70,70,70,70,70,70,70,70,70,70,70,70],"card_choices":[{"not_picked":["Prepared","Backflip"],"picked":"Quick Slash","floor":1},{"not_picked":["Bane","Endless Agony"],"picked":"Backstab","floor":2},{"not_picked":["Flying Knee","Bane"],"picked":"Dash","floor":3},{"not_picked":["Finisher","Poisoned Stab"],"picked":"PiercingWail","floor":5},{"not_picked":["Bane","Expertise","Cloak And Dagger"],"picked":"SKIP","floor":7},{"not_picked":["Eviscerate","Reflex","Predator"],"picked":"SKIP","floor":11},{"not_picked":["Underhanded Strike","A Thousand Cuts"],"picked":"Finisher","floor":12},{"not_picked":["Dodge and Roll","Predator","Quick Slash"],"picked":"SKIP","floor":13},{"not_picked":["Leg Sweep","Outmaneuver"],"picked":"Deadly Poison","floor":14}],"player_experience":281740,"relics_obtained":[{"floor":7,"key":"Lantern"},{"floor":9,"key":"Potion Belt"}],"event_choices":[{"damage_healed":0,"gold_gain":75,"player_choice":"Touch","damage_taken":7,"max_hp_gain":0,"max_hp_loss":0,"event_name":"FaceTrader","floor":8,"gold_loss":0}],"is_beta":false,"boss_relics":[],"items_purged_floors":[],"is_endless":false,"potions_floor_spawned":[3,11,12,13,14],"killed_by":"Slime Boss","ascension_level":1}