{"gold_per_floor":[19,29,179,195,195,223,223,253,253,253,253,72,147,147,147,224,224,240,240,256,256,270,270,296,296,296,307,307,307,322,332,332,406,406,420,439,489,505,117,132,132,152,152,0,0,0,20,39,39,39,39],"floor_reached":52,"playtime":3347,"items_purged":["Strike_B","Strike_B"],"score":1814,"play_id":"fedbd307-89a9-4958-8fca-d0a850d117ec","local_time":"20181023095008","is_ascension_mode":true,"campfire_choices":[{"data":"Sunder","floor":7.0,"key":"SMITH"},{"data":"Rainbow","floor":10.0,"key":"SMITH"},{"floor":15.0,"key":"REST"},{"floor":23.0,"key":"REST"},{"data":"Defragment","floor":25.0,"key":"SMITH"},{"floor":32.0,"key":"REST"},{"data":"Capacitor","floor":41.0,"key":"SMITH"},{"data":"Echo Form","floor":46,"key":"SMITH"},{"data":"Zap","floor":49,"key":"PURGE"}],"neow_cost":"NO_GOLD","seed_source_timestamp":1002002350770343,"circlet_count":0,"master_deck":["Defend_B","Defend_B","Defend_B","Defend_B","Dualcast","AscendersBane","BootSequence","Melter","Sunder+1","Rainbow+1","Blind+1","Barrage","Electrodynamics","Cold Snap+1","Defragment+1","Electrodynamics","Conserve Battery","Reinforced Body+1","Echo Form+1","Glacier","Undo+1","Capacitor+1","Defragment+1"],"special_seed":0,"relics":["Cracked Core","Incense Burner","Sundial","Bird Faced Urn","Dead Branch","Cables","Cursed Key","Ancient Tea Set","Pocketwatch","Empty Cage","DollysMirror","Red Mask","Peace Pipe"],"potions_floor_usage":[50,51],"damage_taken":[{"damage":1.0,"enemies":"Cultist","floor":1.0,"turns":3.0},{"damage":4.0,"enemies":"Jaw Worm","floor":2.0,"turns":3.0},{"damage":3.0,"enemies":"Small Slimes","floor":4.0,"turns":3.0},{"damage":20.0,"enemies":"Lagavulin","floor":6.0,"turns":9.0},{"damage":0.0,"enemies":"3 Sentries","floor":8.0,"turns":5.0},{"damage":39.0,"enemies":"Slime Boss","floor":16.0,"turns":8.0},{"damage":13.0,"enemies":"3 Byrds","floor":18.0,"turns":3.0},{"damage":0.0,"enemies":"Spheric Guardian","floor":20.0,"turns":2.0},{"damage":9.0,"enemies":"Snake Plant","floor":22.0,"turns":3.0},{"damage":9.0,"enemies":"Book of Stabbing","floor":24.0,"turns":5.0},{"damage":16.0,"enemies":"Shelled Parasite and Fungi","floor":27.0,"turns":3.0},{"damage":6.0,"enemies":"Snecko","floor":30.0,"turns":3.0},{"damage":8.0,"enemies":"Cultist and Chosen","floor":31.0,"turns":4.0},{"damage":22.0,"enemies":"Automaton","floor":33.0,"turns":9.0},{"damage":0.0,"enemies":"3 Shapes","floor":35.0,"turns":2.0},{"damage":0.0,"enemies":"Orb Walker","floor":36.0,"turns":4.0},{"damage":6.0,"enemies":"Maw","floor":38.0,"turns":8.0},{"damage":0.0,"enemies":"3 Darklings","floor":40.0,"turns":5.0},{"damage":0.0,"enemies":"Sphere and 2 Shapes","floor":42.0,"turns":3.0},{"damage":0,"enemies":"Mind Bloom Boss Battle","floor":45,"turns":7},{"damage":6,"enemies":"Jaw Worm Horde","floor":47,"turns":4},{"damage":11,"enemies":"Spire Growth","floor":48,"turns":8},{"damage":37,"enemies":"Awakened One","floor":50,"turns":25},{"damage":43,"enemies":"Donu and Deca","floor":51,"turns":8}],"seed_played":"4419466376968050731","potions_obtained":[{"floor":1.0,"key":"Weak Potion"},{"floor":2.0,"key":"Dexterity Potion"},{"floor":6.0,"key":"Dexterity Potion"},{"floor":20.0,"key":"Block Potion"},{"floor":31.0,"key":"Explosive Potion"},{"floor":42.0,"key":"Strength Potion"}],"is_trial":false,"path_per_floor":["M","M","?","M","?","E","R","E","T","R","T","$","?","?","R","B",null,"M","?","M","?","M","R","E","R","T","M","?","T","M","M","R","B",null,"M","M","?","M","$","M","R","M","T","?","?","R","M","M","R","B","B"],"character_chosen":"DEFECT","items_purchased":["Blind","Capacitor","DollysMirror"],"campfire_rested":3,"item_purchase_floors":[12,39,39],"current_hp_per_floor":[63,59,59,56,56,36,36,36,36,36,36,36,25,25,46,9,56,45,25,27,27,22,44,41,41,41,31,31,31,31,29,51,35,64,70,73,66,72,72,73,73,73,73,73,73,73,73,70,70,53,28],"gold":39,"neow_bonus":"ONE_RARE_RELIC","is_prod":false,"is_daily":false,"chose_seed":false,"campfire_upgraded":5,"win_rate":0,"timestamp":1540302608,"path_taken":["M","M","?","M","?","E","R","E","T","R","?","?","?","?","R","BOSS","M","?","M","?","M","R","E","R","T","?","?","?","?","M","R","BOSS","M","?","?","M","$","M","R","M","T","?","?","R","?","M","R","BOSS","BOSS"],"build_version":"2018-10-18","purchased_purges":2,"victory":true,"max_hp_per_floor":[71,71,71,71,71,71,71,71,71,71,71,71,71,71,71,71,71,71,76,76,76,76,76,76,76,76,76,76,76,76,76,76,76,73,73,73,73,73,73,73,73,73,73,73,73,73,73,73,73,73,73],"card_choices":[{"not_picked":["Hologram","Compile Driver"],"picked":"BootSequence","floor":1.0},{"not_picked":["Steam","Streamline"],"picked":"Melter","floor":2.0},{"not_picked":["Rebound","Fusion","Lockon"],"picked":"SKIP","floor":4.0},{"not_picked":["Barrage","Chaos"],"picked":"Sunder","floor":6.0},{"not_picked":["Redo","Hyperbeam"],"picked":"Rainbow","floor":8.0},{"not_picked":["Meteor Strike","Seek"],"picked":"Electrodynamics","floor":16.0},{"not_picked":["Sweeping Beam+1","Rebound"],"picked":"Cold Snap+1","floor":18.0},{"not_picked":["Heatsinks","Fusion"],"picked":"Defragment","floor":20.0},{"not_picked":["Gash+1","Heatsinks"],"picked":"Electrodynamics","floor":22.0},{"not_picked":["Sweeping Beam","Sunder","Ball Lightning+1"],"picked":"SKIP","floor":24.0},{"not_picked":["Chaos","Coolheaded","Rebound"],"picked":"SKIP","floor":27.0},{"not_picked":["Chaos","Leap"],"picked":"Conserve Battery","floor":30.0},{"not_picked":["Auto Shields","Undo"],"picked":"Reinforced Body+1","floor":31.0},{"not_picked":["All For One","Amplify"],"picked":"Echo Form","floor":33.0},{"not_picked":["Sweeping Beam","Scrape","Steam"],"picked":"SKIP","floor":35.0},{"not_picked":["Hologram","Self Repair"],"picked":"Glacier","floor":36.0},{"not_picked":["Compile Driver","Streamline"],"picked":"Undo+1","floor":38.0},{"not_picked":["Scrape+1","Leap","Beam Cell"],"picked":"SKIP","floor":40.0},{"not_picked":["Tempest","Skim","White Noise"],"picked":"SKIP","floor":42.0},{"not_picked":["Conserve Battery+1","Sweeping Beam+1","Redo"],"picked":"SKIP","floor":47},{"not_picked":["Redo","Self Repair","Go for the Eyes+1"],"picked":"SKIP","floor":48}],"player_experience":1003934,"relics_obtained":[{"floor":6.0,"key":"Sundial"},{"floor":8.0,"key":"Bird Faced Urn"},{"floor":9.0,"key":"Dead Branch"},{"floor":11.0,"key":"Cables"},{"floor":24.0,"key":"Ancient Tea Set"},{"floor":26.0,"key":"Pocketwatch"},{"floor":45,"key":"Peace Pipe"}],"event_choices":[{"damage_healed":0.0,"max_hp_gain":0.0,"max_hp_loss":0.0,"gold_gain":150.0,"event_name":"Liars Game","player_choice":"AGREE","floor":3.0,"gold_loss":0.0,"damage_taken":0.0,"cards_obtained":["Doubt"]},{"cards_removed":["Doubt"],"damage_healed":0.0,"max_hp_gain":0.0,"max_hp_loss":0.0,"gold_gain":0.0,"event_name":"Fountain of Cleansing","player_choice":"Removed Curses","floor":5.0,"gold_loss":0.0,"damage_taken":0.0},{"damage_healed":0.0,"max_hp_gain":0.0,"max_hp_loss":0.0,"gold_gain":75.0,"event_name":"World of Goop","player_choice":"Gather Gold","floor":13.0,"gold_loss":0.0,"damage_taken":11.0},{"damage_healed":0.0,"max_hp_gain":0.0,"max_hp_loss":0.0,"gold_gain":0.0,"cards_transformed":["Strike_B"],"event_name":"Transmorgrifier","player_choice":"Transformed","floor":14.0,"gold_loss":0.0,"damage_taken":0.0,"cards_obtained":["Barrage"]},{"damage_healed":0.0,"max_hp_gain":5.0,"max_hp_loss":0.0,"gold_gain":0.0,"event_name":"Forgotten Altar","player_choice":"Shed Blood","floor":19.0,"gold_loss":0.0,"damage_taken":25.0},{"damage_healed":0.0,"max_hp_gain":0.0,"max_hp_loss":0.0,"gold_gain":0.0,"event_name":"Upgrade Shrine","player_choice":"Upgraded","floor":21.0,"gold_loss":0.0,"damage_taken":0.0,"cards_upgraded":["Blind"]},{"damage_healed":0.0,"max_hp_gain":0.0,"max_hp_loss":0.0,"gold_gain":0.0,"event_name":"Cursed Tome","player_choice":"Ignored","floor":28.0,"gold_loss":0.0,"damage_taken":0.0},{"damage_healed":0.0,"max_hp_gain":0.0,"max_hp_loss":0.0,"gold_gain":50.0,"event_name":"FaceTrader","player_choice":"Touch","floor":37.0,"gold_loss":0.0,"damage_taken":7.0},{"damage_healed":0,"gold_gain":0,"player_choice":"Paid","damage_taken":0,"relics_obtained":["Red Mask"],"max_hp_gain":0,"max_hp_loss":0,"event_name":"Tomb of Lord Red Mask","floor":44,"gold_loss":152},{"damage_healed":0,"gold_gain":0,"player_choice":"Fight","damage_taken":0,"max_hp_gain":0,"max_hp_loss":0,"event_name":"MindBloom","floor":45,"gold_loss":0}],"is_beta":false,"boss_relics":[{"not_picked":["Sozu","Eternal Feather"],"picked":"Cursed Key"},{"not_picked":["Black Star","Coffee Dripper"],"picked":"Empty Cage"}],"items_purged_floors":[12,39],"is_endless":false,"potions_floor_spawned":[1,2,6,20,22,31,42,45,48],"ascension_level":20}