{"gold_per_floor":[10,28,39,63,79,79,105,105,155,187,362,312,312,347,347,450,450,470,495,48,48,68,97,97,113,113,130,155,155,155],"floor_reached":30,"playtime":1383,"items_purged":["Strike_R"],"score":286,"play_id":"8339225d-e77e-4733-828c-e05fb5893d6b","local_time":"20181215144431","is_ascension_mode":false,"campfire_choices":[{"data":"Cleave","floor":6,"key":"SMITH"},{"data":"Disarm","floor":13,"key":"SMITH"},{"floor":15,"key":"REST"},{"data":"Impervious","floor":24,"key":"SMITH"}],"neow_cost":"NO_GOLD","seed_source_timestamp":243754946389,"circlet_count":0,"master_deck":["Strike_R","Strike_R","Defend_R","Defend_R","Defend_R","Defend_R","Bash","Disarm+1","Shockwave","Cleave+1","Flex","Headbutt","Whirlwind","Spot Weakness","Exhume","Sword Boomerang","Twin Strike+1","Impervious+1","Battle Trance","Carnage","Demon Form","True Grit","Entrench+1","True Grit+1"],"relics":["Burning Blood","Turnip","Juzu Bracelet","Omamori","Calipers","Boot","Mango","Shuriken","Black Star","Red Mask","Lantern","Pen Nib","Oddly Smooth Stone","Happy Flower","Regal Pillow","Bag of Preparation","Kunai"],"potions_floor_usage":[7,16,23,27,27,28],"damage_taken":[{"damage":1,"enemies":"Cultist","floor":1,"turns":4},{"damage":4,"enemies":"2 Louse","floor":2,"turns":3},{"damage":0,"enemies":"Small Slimes","floor":3,"turns":3},{"damage":10,"enemies":"Blue Slaver","floor":5,"turns":4},{"damage":21,"enemies":"3 Sentries","floor":7,"turns":5},{"damage":24,"enemies":"Gremlin Nob","floor":10,"turns":4},{"damage":37,"enemies":"Lagavulin","floor":14,"turns":6},{"damage":24,"enemies":"Hexaghost","floor":16,"turns":12},{"damage":9,"enemies":"Shell Parasite","floor":18,"turns":6},{"damage":47,"enemies":"Masked Bandits","floor":19,"turns":5},{"damage":0,"enemies":"3 Byrds","floor":22,"turns":4},{"damage":33,"enemies":"Book of Stabbing","floor":23,"turns":6},{"damage":6,"enemies":"Cultist and Chosen","floor":25,"turns":6},{"damage":10,"enemies":"Centurion and Healer","floor":27,"turns":5},{"damage":23,"enemies":"Slavers","floor":28,"turns":4},{"damage":12,"enemies":"Snake Plant","floor":30,"turns":2}],"seed_played":"-7303008155493827926","potions_obtained":[{"floor":5,"key":"PowerPotion"},{"floor":14,"key":"SkillPotion"},{"floor":16,"key":"Strength Potion"},{"floor":22,"key":"LiquidBronze"},{"floor":23,"key":"SteroidPotion"},{"floor":25,"key":"EssenceOfSteel"}],"is_trial":false,"path_per_floor":["M","M","M","T","M","R","E","?","T","E","?","?","R","E","R","B",null,"M","?","$","?","M","E","R","M","T","M","E","?","M"],"character_chosen":"IRONCLAD","items_purchased":["Impervious","Lantern","Pen Nib"],"campfire_rested":1,"item_purchase_floors":[20,20,20],"current_hp_per_floor":[80,80,80,80,76,76,61,61,61,57,57,57,57,26,54,36,94,91,50,50,50,56,29,29,29,29,25,8,8,0],"gold":155,"neow_bonus":"ONE_RARE_RELIC","is_prod":false,"is_daily":false,"chose_seed":false,"campfire_upgraded":3,"win_rate":0,"timestamp":1544903071,"path_taken":["M","M","M","?","M","R","E","?","T","E","?","?","R","E","R","BOSS","M","?","$","?","M","E","R","M","T","M","E","?","M"],"build_version":"2018-12-13","purchased_purges":1,"victory":false,"max_hp_per_floor":[80,80,80,80,80,80,80,80,80,94,94,94,94,94,94,94,94,94,94,94,94,94,94,94,94,94,94,94,94,94],"card_choices":[{"not_picked":["Havoc","Thunderclap"],"picked":"Disarm","floor":1},{"not_picked":["Dropkick","Cleave"],"picked":"Shockwave","floor":2},{"not_picked":["Clash","Hemokinesis"],"picked":"Cleave","floor":3},{"not_picked":["Heavy Blade","Warcry"],"picked":"Flex","floor":5},{"not_picked":["Cleave","Clash"],"picked":"Headbutt","floor":7},{"not_picked":["Thunderclap","Offering"],"picked":"Whirlwind","floor":10},{"not_picked":["Second Wind","Infernal Blade"],"picked":"Spot Weakness","floor":14},{"not_picked":["Double Tap","Demon Form"],"picked":"Exhume","floor":16},{"not_picked":["Sever Soul","Rampage"],"picked":"Sword Boomerang","floor":18},{"not_picked":["Bloodletting","Heavy Blade"],"picked":"Twin Strike+1","floor":19},{"not_picked":["Anger","Armaments"],"picked":"Carnage","floor":22},{"not_picked":["Feel No Pain","Rupture"],"picked":"Demon Form","floor":23},{"not_picked":["Clothesline","Warcry+1"],"picked":"True Grit","floor":25},{"not_picked":["Havoc","Clash"],"picked":"Entrench+1","floor":27},{"not_picked":["Flex+1","Battle Trance"],"picked":"True Grit+1","floor":28}],"player_experience":150534,"relics_obtained":[{"floor":4,"key":"Juzu Bracelet"},{"floor":7,"key":"Omamori"},{"floor":9,"key":"Boot"},{"floor":10,"key":"Mango"},{"floor":14,"key":"Shuriken"},{"floor":19,"key":"Red Mask"},{"floor":23,"key":"Oddly Smooth Stone"},{"floor":23,"key":"Happy Flower"},{"floor":28,"key":"Regal Pillow"},{"floor":28,"key":"Bag of Preparation"}],"event_choices":[{"damage_healed":0,"gold_gain":0,"player_choice":"Searched \u00271\u0027 times","damage_taken":0,"relics_obtained":["Calipers"],"max_hp_gain":0,"max_hp_loss":0,"event_name":"Dead Adventurer","floor":8,"gold_loss":0},{"damage_healed":0,"gold_gain":175,"player_choice":"AGREE","damage_taken":0,"max_hp_gain":0,"max_hp_loss":0,"event_name":"Liars Game","floor":11,"gold_loss":0,"cards_obtained":["Doubt"]},{"cards_removed":["Strike_R"],"damage_healed":0,"gold_gain":0,"player_choice":"Card Removal","damage_taken":0,"max_hp_gain":0,"max_hp_loss":0,"event_name":"The Cleric","floor":12,"gold_loss":50},{"damage_healed":0,"gold_gain":0,"player_choice":"Fought Bandits","damage_taken":0,"max_hp_gain":0,"max_hp_loss":0,"event_name":"Masked Bandits","floor":19,"gold_loss":0},{"damage_healed":0,"gold_gain":0,"cards_transformed":["Strike_R"],"player_choice":"Transformed","damage_taken":0,"max_hp_gain":0,"max_hp_loss":0,"event_name":"Transmorgrifier","floor":21,"gold_loss":0,"cards_obtained":["Battle Trance"]},{"damage_healed":0,"gold_gain":0,"player_choice":"Opened","damage_taken":0,"relics_obtained":["Kunai"],"max_hp_gain":0,"max_hp_loss":0,"event_name":"The Mausoleum","floor":29,"gold_loss":0}],"is_beta":true,"boss_relics":[{"not_picked":["Snecko Eye","Empty Cage"],"picked":"Black Star"}],"items_purged_floors":[20],"is_endless":false,"potions_floor_spawned":[5,14,16,22,23,25],"killed_by":"Snake Plant","ascension_level":0}