{"gold_per_floor":[216,235,6,18,35,35,91,91,142,142,142,168,201,251,251,344,344,364,18,18,39,62,62,83,83,128,171,184,222,222,247,247,338,338,356,356,371,371,12,12,30,66,66,85,118,118,143,143,143,143],"floor_reached":51,"playtime":4140,"items_purged":[],"score":1475,"play_id":"6cb7820f-c174-44a7-ba2e-61d7f79c54e0","local_time":"20190116211724","is_ascension_mode":true,"campfire_choices":[{"data":"Havoc","floor":6.0,"key":"SMITH"},{"data":"Uppercut","floor":8.0,"key":"SMITH"},{"floor":10.0,"key":"REST"},{"data":"Spot Weakness","floor":15.0,"key":"SMITH"},{"data":"Battle Trance","floor":23.0,"key":"SMITH"},{"floor":25.0,"key":"REST"},{"floor":32.0,"key":"REST"},{"data":"Armaments","floor":40.0,"key":"SMITH"},{"data":"Whirlwind","floor":46,"key":"SMITH"},{"floor":49,"key":"REST"}],"neow_cost":"NONE","seed_source_timestamp":0,"circlet_count":0,"master_deck":["AscendersBane","Strike_R+1","Strike_R+1","Strike_R+1","Strike_R+1","Strike_R+1","Defend_R+1","Defend_R+1","Defend_R+1","Defend_R+1","Bash+1","Havoc+1","Shrug It Off+1","Uppercut+1","Spot Weakness+1","Battle Trance+1","Impervious+1","Sentinel+1","Headbutt+1","Iron Wave+1","Sword Boomerang+1","Battle Trance+1","Heavy Blade+1","Metallicize+1","Whirlwind+1","Disarm+1","Limit Break+1","Uppercut+1","Shrug It Off+1","Madness+1","Corruption+1","Armaments+1","Armaments+1","Shrug It Off+1","Heavy Blade+1","Sentinel+1","Intimidate+1"],"special_seed":0,"relics":["Burning Blood","Chemical X","Vajra","Boot","Golden Idol","Pen Nib","Dead Branch","Eternal Feather","Omamori","PreservedInsect","Happy Flower","Anchor","Gambling Chip","Philosopher\u0027s Stone","ClockworkSouvenir","Bottled Lightning","Art of War","Orichalcum","Mark of the Bloom"],"potions_floor_usage":[50],"damage_taken":[{"damage":8.0,"enemies":"Jaw Worm","floor":1.0,"turns":6.0},{"damage":1.0,"enemies":"Small Slimes","floor":2.0,"turns":4.0},{"damage":2.0,"enemies":"Cultist","floor":4.0,"turns":4.0},{"damage":26.0,"enemies":"Red Slaver","floor":5.0,"turns":4.0},{"damage":37.0,"enemies":"3 Sentries","floor":7.0,"turns":8.0},{"damage":22.0,"enemies":"Lagavulin","floor":13.0,"turns":5.0},{"damage":25.0,"enemies":"Hexaghost","floor":16.0,"turns":8.0},{"damage":23.0,"enemies":"2 Thieves","floor":18.0,"turns":3.0},{"damage":0.0,"enemies":"3 Byrds","floor":21.0,"turns":2.0},{"damage":22.0,"enemies":"Shelled Parasite and Fungi","floor":22.0,"turns":2.0},{"damage":8.0,"enemies":"Snecko","floor":24.0,"turns":4.0},{"damage":29.0,"enemies":"Gremlin Leader","floor":27.0,"turns":4.0},{"damage":18.0,"enemies":"Snake Plant","floor":28.0,"turns":3.0},{"damage":19.0,"enemies":"Slavers","floor":29.0,"turns":3.0},{"damage":4.0,"enemies":"Cultist and Chosen","floor":31.0,"turns":3.0},{"damage":46.0,"enemies":"Automaton","floor":33.0,"turns":6.0},{"damage":3.0,"enemies":"3 Shapes","floor":35.0,"turns":4.0},{"damage":0.0,"enemies":"3 Darklings","floor":37.0,"turns":1.0},{"damage":0.0,"enemies":"Transient","floor":41.0,"turns":5.0},{"damage":0.0,"enemies":"Nemesis","floor":42.0,"turns":3.0},{"damage":9,"enemies":"Jaw Worm Horde","floor":44,"turns":4},{"damage":0,"enemies":"Giant Head","floor":45,"turns":2},{"damage":3,"enemies":"Spire Growth","floor":47,"turns":2},{"damage":62,"enemies":"Time Eater","floor":50,"turns":11}],"seed_played":"-341534304885745054","potions_obtained":[{"floor":1.0,"key":"Strength Potion"},{"floor":5.0,"key":"LiquidBronze"},{"floor":13.0,"key":"Swift Potion"},{"floor":18.0,"key":"PowerPotion"},{"floor":21.0,"key":"SkillPotion"},{"floor":27.0,"key":"SkillPotion"},{"floor":35.0,"key":"Fire Potion"},{"floor":45,"key":"FearPotion"}],"is_trial":false,"path_per_floor":["M","M","$","M","M","R","?","R","T","R","?","T","E","?","R","B",null,"M","$","?","M","M","R","M","R","T","E","M","E","?","M","R","B",null,"M","?","M","?","$","R","M","E","T","M","E","R","M","?","R","B",null],"character_chosen":"IRONCLAD","items_purchased":["Chemical X","Omamori","Sentinel","Headbutt","Iron Wave","Corruption","ClockworkSouvenir","Armaments"],"campfire_rested":4,"item_purchase_floors":[3,19,19,19,19,39,39,39],"current_hp_per_floor":[66,71,71,75,55,55,24,24,24,46,46,46,30,30,30,11,54,37,37,37,43,27,39,37,68,68,45,33,20,20,22,57,17,55,58,58,64,54,54,68,68,68,68,65,68,68,68,68,68,6],"gold":143,"neow_bonus":"HUNDRED_GOLD","is_prod":false,"is_daily":false,"chose_seed":false,"campfire_upgraded":6,"win_rate":0,"timestamp":1547691444,"path_taken":["M","M","$","M","M","R","?","R","T","R","?","?","E","?","R","BOSS","M","$","?","?","M","R","M","R","T","E","M","E","?","M","R","BOSS","M","?","?","?","$","R","M","E","T","M","E","R","M","?","R","BOSS"],"build_version":"2019-01-10","purchased_purges":0,"victory":true,"max_hp_per_floor":[75,75,75,75,75,75,75,75,75,75,68,68,68,68,68,68,68,68,68,68,68,68,68,68,68,68,68,68,68,68,68,68,68,68,68,68,68,68,68,68,68,68,68,68,68,68,68,68,68,68],"card_choices":[{"not_picked":["Fire Breathing","Body Slam"],"picked":"Havoc","floor":1.0},{"not_picked":["Body Slam","Flex","Warcry"],"picked":"SKIP","floor":2.0},{"not_picked":["Brutality","Combust"],"picked":"Shrug It Off","floor":4.0},{"not_picked":["Hemokinesis","Rampage"],"picked":"Uppercut","floor":5.0},{"not_picked":["Carnage","Sword Boomerang"],"picked":"Spot Weakness","floor":7.0},{"not_picked":["Inflame","Havoc"],"picked":"Battle Trance","floor":13.0},{"not_picked":["Immolate","Dark Embrace"],"picked":"Impervious","floor":16.0},{"not_picked":["Rupture","Twin Strike","Cleave"],"picked":"SKIP","floor":18.0},{"not_picked":["Thunderclap","Cleave"],"picked":"Sword Boomerang","floor":21.0},{"not_picked":["Combust","Rupture","Twin Strike+1"],"picked":"SKIP","floor":22.0},{"not_picked":["Combust","Sever Soul"],"picked":"Battle Trance","floor":24.0},{"not_picked":["Brutality","Shrug It Off"],"picked":"Heavy Blade","floor":27.0},{"not_picked":["Body Slam","Cleave+1","Clothesline"],"picked":"SKIP","floor":28.0},{"not_picked":["Pummel","Perfected Strike"],"picked":"Metallicize","floor":29.0},{"not_picked":["Shrug It Off","Wild Strike"],"picked":"Disarm","floor":31.0},{"not_picked":["Demon Form","Bludgeon"],"picked":"Limit Break","floor":33.0},{"not_picked":["Pommel Strike","Reckless Charge"],"picked":"Uppercut","floor":35.0},{"not_picked":["Shockwave","Sword Boomerang"],"picked":"Shrug It Off+1","floor":37.0},{"not_picked":["Jack Of All Trades","Secret Weapon"],"picked":"Madness","floor":38.0},{"not_picked":["Headbutt","Clash"],"picked":"Armaments+1","floor":41.0},{"not_picked":["Dropkick","Demon Form"],"picked":"Shrug It Off","floor":42.0},{"not_picked":["Iron Wave","Hemokinesis"],"picked":"Heavy Blade","floor":44},{"not_picked":["Twin Strike","Metallicize"],"picked":"Sentinel","floor":45},{"not_picked":["Cleave","Body Slam"],"picked":"Intimidate","floor":47}],"player_experience":451399,"relics_obtained":[{"floor":7.0,"key":"Vajra"},{"floor":9.0,"key":"Boot"},{"floor":12.0,"key":"Pen Nib"},{"floor":13.0,"key":"Dead Branch"},{"floor":26.0,"key":"Happy Flower"},{"floor":27.0,"key":"Anchor"},{"floor":29.0,"key":"Gambling Chip"},{"floor":42.0,"key":"Bottled Lightning"},{"floor":43.0,"key":"Art of War"},{"floor":45,"key":"Orichalcum"}],"event_choices":[{"damage_healed":0.0,"max_hp_gain":0.0,"max_hp_loss":0.0,"gold_gain":0.0,"event_name":"Dead Adventurer","player_choice":"Searched \u00271\u0027 times","floor":7.0,"gold_loss":0.0,"damage_taken":0.0},{"damage_healed":0.0,"max_hp_gain":0.0,"max_hp_loss":7.0,"gold_gain":0.0,"event_name":"Golden Idol","player_choice":"Lose Max HP","floor":11.0,"gold_loss":0.0,"damage_taken":0.0,"relics_obtained":["Golden Idol"]},{"damage_healed":0.0,"max_hp_gain":0.0,"max_hp_loss":0.0,"gold_gain":50.0,"event_name":"Golden Shrine","player_choice":"Pray","floor":14.0,"gold_loss":0.0,"damage_taken":0.0},{"damage_healed":0.0,"max_hp_gain":0.0,"max_hp_loss":0.0,"gold_gain":0.0,"event_name":"WeMeetAgain","player_choice":"Gave Potion","floor":20.0,"gold_loss":0.0,"damage_taken":0.0,"relics_obtained":["PreservedInsect"]},{"damage_healed":0.0,"max_hp_gain":0.0,"max_hp_loss":0.0,"gold_gain":0.0,"event_name":"The Library","player_choice":"Read","floor":30.0,"gold_loss":0.0,"damage_taken":0.0,"cards_obtained":["Whirlwind"]},{"damage_healed":0.0,"max_hp_gain":0.0,"max_hp_loss":0.0,"gold_gain":0.0,"event_name":"SecretPortal","player_choice":"Ignored","floor":36.0,"gold_loss":0.0,"damage_taken":0.0},{"damage_healed":0.0,"max_hp_gain":0.0,"max_hp_loss":0.0,"gold_gain":0.0,"event_name":"SensoryStone","player_choice":"Memory 3","floor":38.0,"gold_loss":0.0,"damage_taken":10.0},{"damage_healed":0,"gold_gain":0,"player_choice":"Upgrade","damage_taken":0,"relics_obtained":["Mark of the Bloom"],"max_hp_gain":0,"max_hp_loss":0,"event_name":"MindBloom","floor":48,"gold_loss":0,"cards_upgraded":["Strike_R","Strike_R","Strike_R","Strike_R","Strike_R","Defend_R","Defend_R","Defend_R","Defend_R","Bash","Shrug It Off","Impervious","Sentinel","Headbutt","Iron Wave","Sword Boomerang","Battle Trance","Heavy Blade","Metallicize","Disarm","Limit Break","Uppercut","Madness","Corruption","Shrug It Off","Heavy Blade","Sentinel","Intimidate"]}],"is_beta":false,"boss_relics":[{"not_picked":["Black Blood","Lizard Tail"],"picked":"Eternal Feather"},{"not_picked":["Orrery","Black Star"],"picked":"Philosopher\u0027s Stone"}],"items_purged_floors":[],"is_endless":false,"potions_floor_spawned":[1,5,13,18,21,27,35,45,47],"ascension_level":17}