{"gold_per_floor":[113,132,57,57,57,57,89,10,35,70,85,114,127,302,302,302],"floor_reached":16,"playtime":399,"items_purged":["Defend_R"],"score":236,"play_id":"093630b2-fd2f-42c6-b857-64bd06b3974e","local_time":"20190218095048","is_ascension_mode":true,"campfire_choices":[{"data":"Bash","floor":6,"key":"SMITH"},{"data":"Inflame","floor":15,"key":"SMITH"}],"neow_cost":"NONE","seed_source_timestamp":4515670212234,"circlet_count":0,"master_deck":["AscendersBane","Strike_R","Strike_R","Strike_R","Strike_R","Strike_R","Defend_R","Defend_R","Defend_R","Bash+1","Clash","Intimidate","Cleave+1","Inflame","Reckless Charge+1","Iron Wave+1","Shrug It Off","Inflame+1","Doubt"],"relics":["Burning Blood","NeowsBlessing","Molten Egg 2","Pocketwatch","Happy Flower","Regal Pillow"],"potions_floor_usage":[12,16],"damage_taken":[{"damage":0,"enemies":"Jaw Worm","floor":1,"turns":1},{"damage":2,"enemies":"Small Slimes","floor":2,"turns":2},{"damage":0,"enemies":"Lagavulin","floor":7,"turns":1},{"damage":30,"enemies":"3 Sentries","floor":10,"turns":6},{"damage":7,"enemies":"2 Louse","floor":11,"turns":3},{"damage":15,"enemies":"Lagavulin","floor":12,"turns":4},{"damage":11,"enemies":"Looter","floor":13,"turns":2},{"damage":65,"enemies":"The Guardian","floor":16,"turns":8}],"seed_played":"6280128417633138000","potions_obtained":[{"floor":7,"key":"Regen Potion"},{"floor":10,"key":"Block Potion"},{"floor":11,"key":"Fire Potion"}],"is_trial":false,"path_per_floor":["M","M","$","?","?","R","E","$","T","E","M","E","M","?","R","B"],"character_chosen":"IRONCLAD","items_purchased":["Inflame"],"campfire_rested":0,"item_purchase_floors":[8],"current_hp_per_floor":[78,80,80,77,82,82,85,85,85,61,60,51,46,46,46,0],"gold":302,"neow_bonus":"THREE_ENEMY_KILL","is_prod":false,"is_daily":false,"chose_seed":false,"campfire_upgraded":2,"win_rate":0,"timestamp":1550501448,"path_taken":["M","M","$","?","?","R","E","?","T","E","?","E","M","?","R","BOSS"],"build_version":"2019-02-06","purchased_purges":1,"victory":false,"max_hp_per_floor":[80,80,80,80,85,85,85,85,85,85,85,85,85,85,85,85],"card_choices":[{"not_picked":["Rupture","Sever Soul"],"picked":"Clash","floor":1},{"not_picked":["Wild Strike","Sword Boomerang"],"picked":"Intimidate","floor":2},{"not_picked":["Hemokinesis+1","Battle Trance"],"picked":"Cleave+1","floor":7},{"not_picked":["Hemokinesis+1","Bloodletting"],"picked":"Reckless Charge+1","floor":10},{"not_picked":["Perfected Strike+1","Immolate+1"],"picked":"Iron Wave+1","floor":11},{"not_picked":["Corruption","Armaments"],"picked":"Shrug It Off","floor":12},{"not_picked":["Whirlwind+1","Pommel Strike+1"],"picked":"Inflame","floor":13}],"player_experience":386911,"relics_obtained":[{"floor":7,"key":"Pocketwatch"},{"floor":9,"key":"Happy Flower"},{"floor":12,"key":"Regal Pillow"}],"event_choices":[{"damage_healed":0,"gold_gain":0,"player_choice":"Success","damage_taken":3,"relics_obtained":["Molten Egg 2"],"max_hp_gain":0,"max_hp_loss":0,"event_name":"Scrap Ooze","floor":4,"gold_loss":0},{"damage_healed":0,"gold_gain":0,"player_choice":"Donut","damage_taken":0,"max_hp_gain":5,"max_hp_loss":0,"event_name":"Big Fish","floor":5,"gold_loss":0},{"damage_healed":0,"gold_gain":175,"player_choice":"AGREE","damage_taken":0,"max_hp_gain":0,"max_hp_loss":0,"event_name":"Liars Game","floor":14,"gold_loss":0,"cards_obtained":["Doubt"]}],"is_beta":true,"boss_relics":[],"items_purged_floors":[3],"is_endless":false,"potions_floor_spawned":[7,10,11],"killed_by":"The Guardian","ascension_level":13}