{"gold_per_floor":[117,117,117,117,138,169,185,221,221,221,254,333,333,483,483,574,574,594,368,368,388,130,174,174,212,212,247,247,282,282,302,302,397,397,411,435,171,185,185,218,218,288,341,385,38,56,92,116,116,116,116],"floor_reached":51,"playtime":2864,"items_purged":[],"score":1833,"play_id":"f6813b4f-2f9c-4b0c-89ea-b7a916bd2f61","local_time":"20190222235909","is_ascension_mode":true,"campfire_choices":[{"floor":10.0,"key":"REST"},{"data":"Lockon","floor":15.0,"key":"SMITH"},{"data":"Defragment","floor":30,"key":"SMITH"},{"data":"Ghostly","floor":32,"key":"SMITH"},{"data":"Ghostly","floor":41,"key":"SMITH"},{"floor":49,"key":"RECALL"}],"neow_cost":"NONE","seed_source_timestamp":8059424870885,"circlet_count":0,"master_deck":["AscendersBane","Zap+1","Dualcast","Lockon+1","Undo+1","Ball Lightning","Doom and Gloom","Genetic Algorithm+1","Seek","Cold Snap","Creative AI","Compile Driver","Reinforced Body","Auto Shields","Hologram","Seek","Steam","Melter","Steam","Barrage","Defragment+1","Loop+1","Ghostly","Ghostly+1","Ghostly+1","Barrage","Electrodynamics","Seek","Leap+1","Conserve Battery"],"special_seed":0,"relics":["Cracked Core","Golden Idol","Omamori","Meat on the Bone","Regal Pillow","Ancient Tea Set","War Paint","Bronze Scales","Pandora\u0027s Box","Runic Capacitor","DataDisk","Dodecahedron","Pen Nib","Blood Vial","Lantern","Gremlin Horn","The Courier","Busted Crown","FossilizedHelix","SsserpentHead","Oddly Smooth Stone","PreservedInsect","Mummified Hand","Art of War","Mango"],"potions_floor_usage":[27],"damage_taken":[{"damage":2.0,"enemies":"Jaw Worm","floor":1.0,"turns":3.0},{"damage":0.0,"enemies":"Small Slimes","floor":5.0,"turns":2.0},{"damage":15.0,"enemies":"Lagavulin","floor":6.0,"turns":8.0},{"damage":0.0,"enemies":"2 Louse","floor":7.0,"turns":3.0},{"damage":36.0,"enemies":"Gremlin Nob","floor":8.0,"turns":4.0},{"damage":10.0,"enemies":"Lagavulin","floor":11.0,"turns":6.0},{"damage":27.0,"enemies":"Gremlin Nob","floor":12.0,"turns":4.0},{"damage":18.0,"enemies":"Slime Boss","floor":16.0,"turns":7.0},{"damage":0.0,"enemies":"Spheric Guardian","floor":18.0,"turns":1.0},{"damage":2.0,"enemies":"Shell Parasite","floor":21.0,"turns":6.0},{"damage":21,"enemies":"Gremlin Leader","floor":23,"turns":5},{"damage":0,"enemies":"Book of Stabbing","floor":25,"turns":5},{"damage":1,"enemies":"Gremlin Leader","floor":27,"turns":6},{"damage":12,"enemies":"Slavers","floor":29,"turns":4},{"damage":0,"enemies":"Centurion and Healer","floor":31,"turns":5},{"damage":3,"enemies":"Collector","floor":33,"turns":6},{"damage":0,"enemies":"3 Darklings","floor":35,"turns":3},{"damage":1,"enemies":"3 Shapes","floor":36,"turns":3},{"damage":0,"enemies":"Spire Growth","floor":38,"turns":4},{"damage":0,"enemies":"Reptomancer","floor":40,"turns":6},{"damage":0,"enemies":"3 Darklings","floor":42,"turns":5},{"damage":0,"enemies":"Nemesis","floor":44,"turns":7},{"damage":0,"enemies":"Sphere and 2 Shapes","floor":46,"turns":3},{"damage":0,"enemies":"Reptomancer","floor":47,"turns":4},{"damage":0,"enemies":"Spire Growth","floor":48,"turns":4},{"damage":25,"enemies":"Time Eater","floor":50,"turns":12},{"damage":36,"enemies":"Donu and Deca","floor":51,"turns":6}],"seed_played":"4814923552450748955","potions_obtained":[{"floor":5.0,"key":"SkillPotion"},{"floor":6.0,"key":"PowerPotion"},{"floor":7.0,"key":"Regen Potion"},{"floor":11.0,"key":"Ancient Potion"},{"floor":12.0,"key":"LiquidBronze"},{"floor":18.0,"key":"SpeedPotion"},{"floor":21.0,"key":"PowerPotion"},{"floor":29,"key":"LiquidBronze"},{"floor":33,"key":"AttackPotion"},{"floor":35,"key":"PowerPotion"}],"is_trial":false,"path_per_floor":["M","?","?","$","M","E","M","E","T","R","E","?","?","?","R","B",null,"M","$","?","M","$","E","?","E","T","E","T","E","R","M","R","B",null,"M","M","$","M","?","E","R","M","T","E","$","M","E","M","R","B","B"],"character_chosen":"DEFECT","items_purchased":["Runic Capacitor","DataDisk","Defragment","FossilizedHelix","Mummified Hand","Art of War"],"campfire_rested":1,"item_purchase_floors":[19,22,22,37,45,45],"current_hp_per_floor":[62,62,62,62,62,47,47,11,11,45,35,32,27,27,27,21,53,53,53,53,51,51,42,32,32,32,31,31,20,20,22,22,21,29,31,31,31,32,32,32,32,32,32,32,32,32,46,46,46,33,0],"gold":116,"neow_bonus":"UPGRADE_CARD","is_prod":false,"is_daily":false,"chose_seed":false,"campfire_upgraded":4,"win_rate":0,"timestamp":1550897949,"path_taken":["M","?","?","?","?","E","M","E","T","R","E","?","?","?","R","BOSS","M","$","?","M","$","E","?","E","T","E","?","E","R","M","R","BOSS","M","M","$","M","?","E","R","?","T","E","$","M","E","M","R","BOSS","BOSS"],"build_version":"2019-02-06","purchased_purges":0,"victory":false,"max_hp_per_floor":[71,64,64,64,64,64,64,64,64,64,64,64,64,64,64,64,64,64,64,64,64,64,64,32,32,32,32,32,32,32,32,32,32,32,32,32,32,32,32,32,32,32,32,32,32,32,46,46,46,46,46],"card_choices":[{"not_picked":["Hologram","Steam"],"picked":"Lockon","floor":1.0},{"not_picked":["Storm","Recycle"],"picked":"Undo","floor":5.0},{"not_picked":["Steam","Conserve Battery"],"picked":"Ball Lightning","floor":6.0},{"not_picked":["Streamline","Barrage"],"picked":"Doom and Gloom","floor":7.0},{"not_picked":["Tempest","Rebound"],"picked":"Genetic Algorithm","floor":8.0},{"not_picked":["Hologram","Darkness"],"picked":"Seek","floor":11.0},{"not_picked":["Sweeping Beam","Turbo"],"picked":"Cold Snap","floor":12.0},{"not_picked":["Multi-Cast","Reboot"],"picked":"Creative AI","floor":16.0},{"not_picked":["Barrage","Hologram"],"picked":"Steam","floor":18.0},{"not_picked":["Streamline","Capacitor"],"picked":"Barrage","floor":21.0},{"not_picked":["Aggregate","Reprogram"],"picked":"Loop+1","floor":23},{"not_picked":["Stack","Tempest"],"picked":"Barrage","floor":25},{"not_picked":["Aggregate","Chaos","Go for the Eyes"],"picked":"SKIP","floor":27},{"not_picked":["Gash","Barrage","Sweeping Beam"],"picked":"SKIP","floor":29},{"not_picked":["Leap+1","Conserve Battery"],"picked":"Electrodynamics","floor":31},{"not_picked":["Electrodynamics","Biased Cognition"],"picked":"Seek","floor":33},{"not_picked":["Darkness"],"picked":"SKIP","floor":35},{"not_picked":["Go for the Eyes"],"picked":"SKIP","floor":36},{"not_picked":["Streamline+1"],"picked":"SKIP","floor":38},{"not_picked":["Chill"],"picked":"SKIP","floor":40},{"not_picked":[],"picked":"Leap+1","floor":42},{"not_picked":["Streamline"],"picked":"SKIP","floor":44},{"not_picked":["Storm"],"picked":"SKIP","floor":46},{"not_picked":["Rebound"],"picked":"SKIP","floor":47},{"not_picked":[],"picked":"Conserve Battery","floor":48}],"player_experience":979187,"relics_obtained":[{"floor":6.0,"key":"Omamori"},{"floor":8.0,"key":"Meat on the Bone"},{"floor":9.0,"key":"Regal Pillow"},{"floor":11.0,"key":"Ancient Tea Set"},{"floor":12.0,"key":"War Paint"},{"floor":23,"key":"Dodecahedron"},{"floor":25,"key":"Pen Nib"},{"floor":26,"key":"Blood Vial"},{"floor":27,"key":"Lantern"},{"floor":28,"key":"Gremlin Horn"},{"floor":29,"key":"The Courier"},{"floor":40,"key":"Oddly Smooth Stone"},{"floor":44,"key":"PreservedInsect"},{"floor":47,"key":"Mango"}],"event_choices":[{"damage_healed":0.0,"max_hp_gain":0.0,"max_hp_loss":7.0,"gold_gain":0.0,"event_name":"Golden Idol","player_choice":"Lose Max HP","floor":2.0,"gold_loss":0.0,"damage_taken":0.0,"relics_obtained":["Golden Idol"]},{"damage_healed":0.0,"max_hp_gain":0.0,"max_hp_loss":0.0,"gold_gain":0.0,"event_name":"The Cleric","player_choice":"Leave","floor":3.0,"gold_loss":0.0,"damage_taken":0.0},{"damage_healed":0.0,"max_hp_gain":0.0,"max_hp_loss":0.0,"gold_gain":0.0,"event_name":"Dead Adventurer","player_choice":"Searched \u00271\u0027 times","floor":12.0,"gold_loss":0.0,"damage_taken":0.0},{"damage_healed":0.0,"max_hp_gain":0.0,"max_hp_loss":0.0,"gold_gain":0.0,"event_name":"Scrap Ooze","player_choice":"Success","floor":13.0,"gold_loss":0.0,"damage_taken":5.0,"relics_obtained":["Bronze Scales"]},{"damage_healed":0.0,"max_hp_gain":0.0,"max_hp_loss":0.0,"gold_gain":150.0,"event_name":"Liars Game","player_choice":"AGREE","floor":14.0,"gold_loss":0.0,"damage_taken":0.0,"cards_obtained":["Doubt"]},{"cards_removed":["Fission"],"damage_healed":0.0,"max_hp_gain":0.0,"max_hp_loss":0.0,"gold_gain":0.0,"event_name":"Back to Basics","player_choice":"Elegance","floor":20.0,"gold_loss":0.0,"damage_taken":0.0},{"damage_healed":0,"gold_gain":0,"player_choice":"Became a Ghost","damage_taken":0,"max_hp_gain":0,"max_hp_loss":32,"event_name":"Ghosts","floor":24,"gold_loss":0,"cards_obtained":["Ghostly","Ghostly","Ghostly"]},{"damage_healed":0,"gold_gain":0,"player_choice":"Trade","damage_taken":0,"relics_obtained":["SsserpentHead"],"max_hp_gain":0,"max_hp_loss":0,"event_name":"FaceTrader","floor":39,"gold_loss":0}],"is_beta":true,"boss_relics":[{"not_picked":["Astrolabe","Ectoplasm"],"picked":"Pandora\u0027s Box"},{"not_picked":["FrozenCore","Eternal Feather"],"picked":"Busted Crown"}],"items_purged_floors":[],"is_endless":false,"potions_floor_spawned":[5,6,7,11,12,18,21,29,33,35,40,42,48],"killed_by":"Donu and Deca","ascension_level":20}