{"path_per_floor":["M","M","M","M","?","E","R","M","T","M","M","M","?","E","R","B",null,"M","?","$","M","M","R","E","R","T","M","M","M","R","M","R","B",null,"M","?","?","M","M","R","M","R","T","M","$","M","M","T","R"],"character_chosen":"THE_SILENT","items_purchased":["Ornamental Fan","Whetstone","Flying Knee","Finesse"],"gold_per_floor":[112,127,147,164,164,190,190,208,283,293,306,322,322,351,351,453,453,472,472,139,153,168,168,203,203,203,213,233,249,249,259,259,364,364,380,380,380,391,407,407,422,422,446,461,75,86,97,97,97],"floor_reached":50,"campfire_rested":2,"playtime":6618,"current_hp_per_floor":[63,62,62,61,36,15,15,15,15,12,12,11,11,10,28,2,63,51,51,51,51,47,47,37,51,51,50,37,31,31,30,53,29,77,77,77,67,69,71,71,72,72,72,57,57,59,53,53,53],"items_purged":["Strike_G","Strike_G"],"gold":97,"play_id":"95d30cf0-141a-46e4-a9ec-3ec445ecb79f","is_prod":false,"is_daily":false,"campfire_rituals":0,"campfire_upgraded":0,"is_hardmode":false,"path_taken":["M","M","M","M","?","E","R","M","T","M","M","M","?","E","R","BOSS","M","?","$","?","?","R","E","R","T","M","M","M","R","M","R","BOSS","M","?","?","?","M","R","M","R","T","?","$","M","M","?","R","BOSS"],"build_version":"2018-01-18-PROD4","purchased_purges":2,"victory":false,"master_deck":["Defend_G","Defend_G","Defend_G","Defend_G","Strike_G","Survivor","Neutralize","Well Laid Plans","Backflip","Footwork","Poisoned Stab","Backflip","Noxious Fumes","Acrobatics","Die Die Die","Dash","Poisoned Stab","Flying Knee","PiercingWail","Flying Knee","A Thousand Cuts","Leg Sweep","Cloak And Dagger","Poisoned Stab","Noxious Fumes","Flying Knee","Flying Knee","Quick Slash","Outmaneuver","Cloak And Dagger","PiercingWail","Tools of the Trade","Doubt","Backflip","Madness","Madness","Outmaneuver","Outmaneuver","Slice","Predator","Slice","Flying Knee","Finesse","Outmaneuver","Adrenaline","Prepared"],"max_hp_per_floor":[63,63,63,63,63,63,63,63,63,63,63,63,63,63,63,63,63,63,63,63,63,63,63,63,77,77,77,77,77,77,77,77,77,77,77,77,77,77,77,77,77,77,77,77,77,77,77,77,77],"relics":["Ring of the Snake","War Paint","Shovel","Gremlin Horn","Matryoshka","Dream Catcher","Sozu","Ornamental Fan","Omamori","Prayer Wheel","Mango","Letter Opener","Bottled Flame","Unceasing Top","Calling Bell","Blood Vial","Vajra","Thread and Needle","Torii","Lantern","Bag of Marbles","Toxic Egg","Whetstone","Ice Cream","Pen Nib"],"campfire_meditates":0,"card_choices":[{"not_picked":["Deadly Poison","Underhanded Strike"],"picked":"Footwork"},{"not_picked":["Escape Plan","Cloak And Dagger"],"picked":"Poisoned Stab"},{"not_picked":["All Out Attack","Dagger Spray"],"picked":"Backflip"},{"not_picked":["Cloak And Dagger","Slice"],"picked":"Noxious Fumes"},{"not_picked":["Backflip","Distraction"],"picked":"Acrobatics"},{"not_picked":["Quick Slash","Choke"],"picked":"Die Die Die"},{"not_picked":["Infinite Blades","Prepared"],"picked":"Dash"},{"not_picked":["Accuracy","Bane"],"picked":"Poisoned Stab"},{"not_picked":["Eviscerate","Quick Slash"],"picked":"Flying Knee"},{"not_picked":["Finisher","Bane"],"picked":"PiercingWail"},{"not_picked":["Night Terror","Choke"],"picked":"Flying Knee"},{"not_picked":["Tools of the Trade","Glass Knife"],"picked":"A Thousand Cuts"},{"not_picked":["Dagger Throw","Reflex"],"picked":"Leg Sweep"},{"not_picked":["Dagger Spray","Eviscerate"],"picked":"Cloak And Dagger"},{"not_picked":["Deadly Poison","Deflect"],"picked":"Poisoned Stab"},{"not_picked":["Skewer","Eviscerate"],"picked":"Noxious Fumes"},{"not_picked":["Blade Dance","Riddle With Holes"],"picked":"Flying Knee"},{"not_picked":["Deflect","Dagger Throw"],"picked":"Flying Knee"},{"not_picked":["Phantasmal Killer","Calculated Gamble"],"picked":"Quick Slash"},{"not_picked":["Crippling Poison","All Out Attack"],"picked":"Outmaneuver"},{"not_picked":["Underhanded Strike","Backflip"],"picked":"Cloak And Dagger"},{"not_picked":["Acrobatics","Quick Slash"],"picked":"PiercingWail"},{"not_picked":["A Thousand Cuts","Wraith Form"],"picked":"Tools of the Trade"},{"not_picked":["Quick Slash","Dagger Throw"],"picked":"Backflip"},{"not_picked":["Sucker Punch","Flying Knee"],"picked":"Outmaneuver"},{"not_picked":["Cloak And Dagger","Unload"],"picked":"Outmaneuver"},{"not_picked":["PiercingWail","Choke"],"picked":"Slice"},{"not_picked":["Accuracy","Deadly Poison"],"picked":"Predator"},{"not_picked":["Catalyst","Cloak And Dagger"],"picked":"Slice"},{"not_picked":["Reflex","Cloak And Dagger"],"picked":"Outmaneuver"},{"not_picked":["Slice","Prepared"],"picked":"Adrenaline"},{"not_picked":["Backstab","Sucker Punch"],"picked":"Prepared"}],"player_experience":87669,"potions_floor_usage":[6,14,16],"damage_taken":[{"damage":0,"enemies":"Cultist","floor":1,"turns":4},{"damage":1,"enemies":"2 Louse","floor":2,"turns":4},{"damage":0,"enemies":"Jaw Worm","floor":3,"turns":4},{"damage":1,"enemies":"Red Slaver","floor":4,"turns":5},{"damage":21,"enemies":"Gremlin Nob","floor":6,"turns":5},{"damage":0,"enemies":"Exordium Thugs","floor":8,"turns":6},{"damage":3,"enemies":"Exordium Wildlife","floor":10,"turns":5},{"damage":0,"enemies":"Gremlin Gang","floor":11,"turns":5},{"damage":1,"enemies":"2 Fungi Beasts","floor":12,"turns":3},{"damage":1,"enemies":"Lagavulin","floor":14,"turns":7},{"damage":26,"enemies":"Hexaghost","floor":16,"turns":10},{"damage":12,"enemies":"Spheric Guardian","floor":18,"turns":6},{"damage":0,"enemies":"3 Byrds","floor":21,"turns":4},{"damage":4,"enemies":"Centurion and Healer","floor":22,"turns":7},{"damage":10,"enemies":"Gremlin Leader","floor":24,"turns":8},{"damage":1,"enemies":"3 Cultists","floor":27,"turns":5},{"damage":13,"enemies":"Snake Plant","floor":28,"turns":5},{"damage":6,"enemies":"Snecko","floor":29,"turns":5},{"damage":1,"enemies":"Centurion and Healer","floor":31,"turns":6},{"damage":24,"enemies":"Collector","floor":33,"turns":10},{"damage":0,"enemies":"3 Shapes","floor":35,"turns":5},{"damage":0,"enemies":"Orb Walker","floor":38,"turns":4},{"damage":0,"enemies":"4 Shapes","floor":39,"turns":6},{"damage":1,"enemies":"Maw","floor":41,"turns":7},{"damage":17,"enemies":"3 Darklings","floor":44,"turns":5},{"damage":0,"enemies":"Sphere and 2 Shapes","floor":46,"turns":4},{"damage":8,"enemies":"4 Shapes","floor":47,"turns":4},{"damage":68,"enemies":"Time Eater","floor":50,"turns":10}],"event_choices":[{"event_name":"Scrap Ooze","player_choice":"success","floor":5,"damage_taken":25},{"event_name":"The Lab","player_choice":"Got Potions","floor":13,"damage_taken":0},{"event_name":"Bonfire Elementals","player_choice":"BASIC","floor":19,"damage_taken":0},{"event_name":"The Woman in Blue","player_choice":"Bought 0 Potions","floor":36,"damage_taken":0},{"event_name":"Winding Halls","player_choice":"Embrace Madness","floor":37,"damage_taken":0}],"boss_relics":[{"not_picked":["White Beast Statue","Ectoplasm"],"picked":"Sozu"},{"not_picked":["Question Card","Runic Dome"],"picked":"Calling Bell"}],"potions_floor_spawned":[2,4,10,11,16,21,22,31,39,41,44,47],"seed_played":"-4322928760297040740","killed_by":"Time Eater","is_trial":false}