{"gold_per_floor":[112,123,136,154,9,37,52,77,77,92,92],"floor_reached":11,"playtime":781,"items_purged":[],"score":104,"play_id":"685e349d-96a1-4cca-a47e-963ea5e0d916","local_time":"20190111151243","is_ascension_mode":true,"campfire_choices":[],"neow_cost":"NONE","seed_source_timestamp":2277893122775,"circlet_count":0,"master_deck":["Defend_G","Defend_G","Defend_G","Defend_G","Defend_G","Strike_G","Strike_G","Strike_G","Strike_G","Strike_G","Survivor","Neutralize","Grand Finale","Terror","Distraction","Well Laid Plans","Prepared","A Thousand Cuts","Prepared","Concentrate","Escape Plan","Dagger Throw"],"relics":["Ring of the Snake","Tingsha","Shuriken","Gremlin Horn"],"potions_floor_usage":[8,8,8,11],"damage_taken":[{"damage":7,"enemies":"Small Slimes","floor":1,"turns":5},{"damage":1,"enemies":"Cultist","floor":2,"turns":5},{"damage":2,"enemies":"Jaw Worm","floor":3,"turns":4},{"damage":20,"enemies":"Exordium Wildlife","floor":4,"turns":5},{"damage":32,"enemies":"3 Sentries","floor":6,"turns":8},{"damage":0,"enemies":"3 Louse","floor":7,"turns":3},{"damage":1,"enemies":"Gremlin Nob","floor":8,"turns":4},{"damage":6,"enemies":"Looter","floor":10,"turns":3},{"damage":6,"enemies":"Exordium Thugs","floor":11,"turns":3}],"seed_played":"8127260761877307892","potions_obtained":[{"floor":2,"key":"Block Potion"},{"floor":3,"key":"GhostInAJar"},{"floor":7,"key":"GamblersBrew"},{"floor":8,"key":"Block Potion"}],"is_trial":false,"path_per_floor":["M","M","M","M","$","E","M","E","T","M","M"],"character_chosen":"THE_SILENT","items_purchased":["A Thousand Cuts"],"campfire_rested":0,"item_purchase_floors":[5],"current_hp_per_floor":[63,62,60,40,40,8,8,7,7,1,0],"gold":92,"neow_bonus":"ONE_RANDOM_RARE_CARD","is_prod":false,"is_daily":false,"chose_seed":false,"campfire_upgraded":0,"win_rate":0,"timestamp":1547237563,"path_taken":["M","M","M","M","$","E","M","E","T","M","M"],"build_version":"2019-01-10","purchased_purges":0,"victory":false,"max_hp_per_floor":[70,70,70,70,70,70,70,70,70,70,70],"card_choices":[{"not_picked":["Bane","Setup"],"picked":"Terror","floor":1},{"not_picked":["Deflect","Masterful Stab"],"picked":"Distraction","floor":2},{"not_picked":["Quick Slash","Leg Sweep"],"picked":"Well Laid Plans","floor":3},{"not_picked":["Quick Slash","Poisoned Stab"],"picked":"Prepared","floor":4},{"not_picked":["Deflect","All Out Attack"],"picked":"Prepared","floor":6},{"not_picked":["Noxious Fumes","Infinite Blades"],"picked":"Concentrate","floor":7},{"not_picked":["PiercingWail","Tools of the Trade"],"picked":"Escape Plan","floor":8},{"not_picked":["Bane","Finisher"],"picked":"Dagger Throw","floor":10}],"player_experience":182633,"relics_obtained":[{"floor":6,"key":"Tingsha"},{"floor":8,"key":"Shuriken"},{"floor":9,"key":"Gremlin Horn"}],"event_choices":[],"is_beta":true,"boss_relics":[],"items_purged_floors":[],"is_endless":false,"potions_floor_spawned":[2,3,7,8],"killed_by":"Exordium Thugs","ascension_level":4}