{"gold_per_floor":[115,130,80,80,103,144,144,180,252,172,172,247,268,288,288,408,408,433,433,393,416,12,12,53,53,135,135,173,192,235,248,248,372,372,397,417,417,417,431,431,465,485,563,563,599,599,630,644,644,644,644,644,270,304,304],"floor_reached":56,"playtime":5896,"items_purged":["Skewer"],"score":1614,"play_id":"42079c8d-9a2a-4745-9544-4519bea3c43b","local_time":"20190319203031","is_ascension_mode":true,"campfire_choices":[{"data":"Neutralize","floor":7.0,"key":"SMITH"},{"floor":11.0,"key":"REST"},{"floor":15.0,"key":"REST"},{"data":"Bouncing Flask","floor":23.0,"key":"SMITH"},{"data":"Well Laid Plans","floor":25.0,"key":"SMITH"},{"floor":27.0,"key":"REST"},{"floor":32.0,"key":"REST"},{"floor":40.0,"key":"RECALL"},{"data":"Accuracy","floor":44.0,"key":"SMITH"},{"data":"PiercingWail","floor":49.0,"key":"SMITH"},{"data":"Accuracy","floor":52.0,"key":"SMITH"}],"neow_cost":"NONE","seed_source_timestamp":97856087886800,"circlet_count":0,"master_deck":["Survivor","Neutralize+1","Dodge and Roll","Poisoned Stab+1","Quick Slash+1","PiercingWail+1","Bouncing Flask+1","Prepared","Blade Dance","Die Die Die","Well Laid Plans+1","Backstab","Poisoned Stab","Venomology+1","Crippling Poison+1","Dodge and Roll+1","Escape Plan+1","Blade Dance+1","Burst+1","Venomology+1","Adrenaline+1","Outmaneuver+1","Terror+1","Accuracy+1","Burst+1","Cloak And Dagger+1","Bouncing Flask+1","Cloak And Dagger+1","Accuracy+1","Bane+1","Writhe","Sucker Punch+1"],"special_seed":0,"relics":["Ring of the Snake","Golden Idol","Calipers","Bag of Marbles","Mummified Hand","Black Star","Toxic Egg 2","StoneCalendar","Pen Nib","Ornamental Fan","Paper Crane","Boot","Art of War","Unceasing Top","Pandora\u0027s Box","Mango","Oddly Smooth Stone","Mercury Hourglass","Potion Belt","Du-Vu Doll","Vajra","Shuriken","Bottled Tornado","Orichalcum","Gambling Chip"],"potions_floor_usage":[55,55,55,55,55,55,55],"damage_taken":[{"damage":2.0,"enemies":"Small Slimes","floor":1.0,"turns":4.0},{"damage":5.0,"enemies":"2 Louse","floor":2.0,"turns":4.0},{"damage":0.0,"enemies":"Cultist","floor":5.0,"turns":4.0},{"damage":21.0,"enemies":"Lagavulin","floor":6.0,"turns":7.0},{"damage":12.0,"enemies":"Gremlin Nob","floor":8.0,"turns":3.0},{"damage":15.0,"enemies":"Exordium Thugs","floor":13.0,"turns":4.0},{"damage":0.0,"enemies":"Exordium Wildlife","floor":14.0,"turns":4.0},{"damage":16.0,"enemies":"Hexaghost","floor":16.0,"turns":9.0},{"damage":12.0,"enemies":"Shell Parasite","floor":18.0,"turns":6.0},{"damage":3.0,"enemies":"3 Byrds","floor":21.0,"turns":5.0},{"damage":13.0,"enemies":"Book of Stabbing","floor":24.0,"turns":5.0},{"damage":11.0,"enemies":"Slavers","floor":28.0,"turns":3.0},{"damage":2.0,"enemies":"Centurion and Healer","floor":29.0,"turns":6.0},{"damage":44.0,"enemies":"Gremlin Leader","floor":30.0,"turns":6.0},{"damage":4.0,"enemies":"Snake Plant","floor":31.0,"turns":3.0},{"damage":13.0,"enemies":"Champ","floor":33.0,"turns":11.0},{"damage":1.0,"enemies":"3 Shapes","floor":35.0,"turns":2.0},{"damage":2.0,"enemies":"Orb Walker","floor":36.0,"turns":2.0},{"damage":0.0,"enemies":"Maw","floor":39.0,"turns":5.0},{"damage":4.0,"enemies":"Reptomancer","floor":41.0,"turns":4.0},{"damage":0.0,"enemies":"Transient","floor":42.0,"turns":5.0},{"damage":0.0,"enemies":"Giant Head","floor":45.0,"turns":5.0},{"damage":14.0,"enemies":"Nemesis","floor":47.0,"turns":4.0},{"damage":3.0,"enemies":"Writhing Mass","floor":48.0,"turns":4.0},{"damage":12.0,"enemies":"Awakened One","floor":50.0,"turns":7.0},{"damage":0.0,"enemies":"Shield and Spear","floor":54.0,"turns":3.0},{"damage":87,"enemies":"The Heart","floor":55,"turns":7}],"seed_played":"8294048025228874022","potions_obtained":[{"floor":5.0,"key":"FearPotion"},{"floor":8.0,"key":"Ancient Potion"},{"floor":13.0,"key":"Ancient Potion"},{"floor":16.0,"key":"GhostInAJar"},{"floor":21.0,"key":"Explosive Potion"},{"floor":29.0,"key":"PowerPotion"},{"floor":36.0,"key":"Weak Potion"},{"floor":45.0,"key":"Dexterity Potion"},{"floor":48.0,"key":"Fire Potion"},{"floor":54.0,"key":"Fruit Juice"}],"is_trial":false,"path_per_floor":["M","M","?","?","M","E","R","E","T","$","R","?","M","M","R","B",null,"M","?","?","M","$","R","E","R","T","R","E","M","E","M","R","B",null,"M","M","?","T","M","R","E","M","T","R","E","?","E","M","R","B",null,"R","$","E","B",null],"character_chosen":"THE_SILENT","items_purchased":["Bouncing Flask","Toxic Egg 2","Venomology+1","PowerPotion","Bottled Tornado"],"campfire_rested":4,"item_purchase_floors":[10,22,22,53,53],"current_hp_per_floor":[68,63,63,46,46,25,25,13,13,13,34,23,8,8,29,13,70,58,58,58,55,55,55,42,42,42,63,52,50,6,2,23,10,70,69,67,67,67,67,67,77,77,77,77,77,84,70,67,67,55,84,84,84,84,2],"gold":304,"neow_bonus":"REMOVE_CARD","is_prod":false,"is_daily":false,"chose_seed":false,"campfire_upgraded":6,"win_rate":0,"timestamp":1553007631,"path_taken":["M","M","?","?","M","E","R","E","T","$","R","?","M","M","R","BOSS","M","?","?","?","$","R","E","R","T","R","E","M","E","M","R","BOSS","M","M","?","?","M","R","E","?","T","R","E","?","E","M","R","BOSS","R","$","E","BOSS"],"build_version":"2019-01-23","purchased_purges":1,"victory":true,"max_hp_per_floor":[70,70,70,70,70,70,70,70,70,70,70,70,70,70,70,70,70,70,70,70,70,70,70,70,70,70,70,70,70,70,70,70,70,70,70,70,70,70,70,70,84,84,84,84,84,84,84,84,84,84,84,84,84,84,89],"card_choices":[{"not_picked":["Bane","Acrobatics"],"picked":"Dodge and Roll","floor":1.0},{"not_picked":["Flying Knee","Dagger Throw"],"picked":"Deadly Poison","floor":2.0},{"not_picked":["Slice","Bane"],"picked":"Poisoned Stab","floor":5.0},{"not_picked":["Distraction","Underhanded Strike"],"picked":"Quick Slash","floor":6.0},{"not_picked":["Caltrops","Expertise"],"picked":"PiercingWail","floor":8.0},{"not_picked":["Underhanded Strike","Distraction"],"picked":"Prepared","floor":13.0},{"not_picked":["Distraction","Prepared"],"picked":"Blade Dance","floor":14.0},{"not_picked":["Venomology","Unload"],"picked":"Die Die Die","floor":16.0},{"not_picked":["Heel Hook","Expertise"],"picked":"Well Laid Plans","floor":18.0},{"not_picked":["Quick Slash","Flechettes"],"picked":"Poisoned Stab","floor":21.0},{"not_picked":["PiercingWail+1","Poisoned Stab"],"picked":"Crippling Poison+1","floor":24.0},{"not_picked":["Expertise+1","Sucker Punch"],"picked":"Dodge and Roll+1","floor":28.0},{"not_picked":["Well Laid Plans","Predator"],"picked":"Escape Plan+1","floor":29.0},{"not_picked":["Unload","Bane","Terror+1"],"picked":"SKIP","floor":30.0},{"not_picked":["Dodge and Roll+1","PiercingWail+1"],"picked":"Blade Dance+1","floor":31.0},{"not_picked":["Wraith Form v2","Night Terror+1"],"picked":"Burst+1","floor":33.0},{"not_picked":["Crippling Poison+1","Outmaneuver+1"],"picked":"Bouncing Flask+1","floor":35.0},{"not_picked":["Blur+1","Bouncing Flask+1"],"picked":"Cloak And Dagger+1","floor":36.0},{"not_picked":["Slice","Grand Finale","Outmaneuver+1"],"picked":"SKIP","floor":39.0},{"not_picked":["Slice+1","Glass Knife"],"picked":"Accuracy","floor":41.0},{"not_picked":["Backflip+1","Dagger Throw+1","Dodge and Roll+1"],"picked":"SKIP","floor":42.0},{"not_picked":["Dagger Throw","Expertise+1"],"picked":"Bane+1","floor":45.0},{"not_picked":["Reflex+1","Outmaneuver+1"],"picked":"Sucker Punch+1","floor":47.0},{"not_picked":["Bane","Outmaneuver+1","Masterful Stab"],"picked":"SKIP","floor":48.0},{"not_picked":["Night Terror+1","Tactician+1","Die Die Die"],"picked":"SKIP","floor":54.0}],"player_experience":75520,"relics_obtained":[{"floor":6.0,"key":"Calipers"},{"floor":8.0,"key":"Bag of Marbles"},{"floor":9.0,"key":"Mummified Hand"},{"floor":24.0,"key":"StoneCalendar"},{"floor":24.0,"key":"Pen Nib"},{"floor":26.0,"key":"Ornamental Fan"},{"floor":28.0,"key":"Paper Crane"},{"floor":28.0,"key":"Boot"},{"floor":30.0,"key":"Art of War"},{"floor":30.0,"key":"Unceasing Top"},{"floor":41.0,"key":"Mango"},{"floor":41.0,"key":"Oddly Smooth Stone"},{"floor":43.0,"key":"Mercury Hourglass"},{"floor":45.0,"key":"Potion Belt"},{"floor":45.0,"key":"Du-Vu Doll"},{"floor":47.0,"key":"Vajra"},{"floor":47.0,"key":"Shuriken"},{"floor":54.0,"key":"Orichalcum"},{"floor":54.0,"key":"Gambling Chip"}],"event_choices":[{"cards_removed":["Strike_G"],"damage_healed":0.0,"max_hp_gain":0.0,"max_hp_loss":0.0,"gold_gain":0.0,"event_name":"The Cleric","player_choice":"Card Removal","floor":3.0,"gold_loss":50.0,"damage_taken":0.0},{"damage_healed":0.0,"max_hp_gain":0.0,"max_hp_loss":0.0,"gold_gain":0.0,"event_name":"Golden Idol","player_choice":"Take Damage","floor":4.0,"gold_loss":0.0,"damage_taken":17.0,"relics_obtained":["Golden Idol"]},{"damage_healed":0.0,"max_hp_gain":0.0,"max_hp_loss":0.0,"gold_gain":75.0,"event_name":"World of Goop","player_choice":"Gather Gold","floor":12.0,"gold_loss":0.0,"damage_taken":11.0},{"damage_healed":0.0,"max_hp_gain":0.0,"max_hp_loss":0.0,"gold_gain":0.0,"event_name":"The Library","player_choice":"Read","floor":19.0,"gold_loss":0.0,"damage_taken":0.0,"cards_obtained":["Backstab"]},{"damage_healed":0.0,"max_hp_gain":0.0,"max_hp_loss":0.0,"gold_gain":0.0,"event_name":"Designer","player_choice":"Upgraded Two","floor":20.0,"gold_loss":40.0,"damage_taken":0.0,"cards_upgraded":["Poisoned Stab","Quick Slash"]},{"cards_removed":["Deadly Poison"],"damage_healed":0.0,"max_hp_gain":0.0,"max_hp_loss":0.0,"gold_gain":0.0,"event_name":"Falling","player_choice":"Removed Skill","floor":37.0,"gold_loss":0.0,"damage_taken":0.0},{"damage_healed":21.0,"max_hp_gain":0.0,"max_hp_loss":0.0,"gold_gain":0.0,"event_name":"Winding Halls","player_choice":"Writhe","floor":46.0,"gold_loss":0.0,"damage_taken":0.0,"cards_obtained":["Writhe"]}],"is_beta":false,"boss_relics":[{"not_picked":["HoveringKite","Empty Cage"],"picked":"Black Star"},{"not_picked":["Calling Bell","White Beast Statue"],"picked":"Pandora\u0027s Box"}],"items_purged_floors":[53],"is_endless":false,"potions_floor_spawned":[5,8,13,16,21,29,36,42,45,48,54],"ascension_level":4}