{"gold_per_floor":[15,31,31,31,31,59,59,79,106,120,120,195,195,6,6,79,79,91,191,203,203],"floor_reached":21,"playtime":1343,"items_purged":["Strike_B"],"score":354,"play_id":"bf5aa369-8648-4563-8a33-ad38bd9ce10e","local_time":"20190218000356","is_ascension_mode":true,"campfire_choices":[{"floor":7.0,"key":"REST"},{"floor":11.0,"key":"REST"},{"data":"Hologram","floor":13.0,"key":"SMITH"},{"data":"Zap","floor":15.0,"key":"SMITH"}],"neow_cost":"NO_GOLD","seed_source_timestamp":734574471785400,"circlet_count":0,"master_deck":["AscendersBane","Strike_B","Strike_B","Defend_B","Defend_B","Defend_B","Defend_B","Zap+1","Dualcast","Electrodynamics","Gash","Hologram+1","Ball Lightning","Capacitor","Reinforced Body","Gash","Fission","Self Repair","Steam"],"special_seed":0,"relics":["FrozenCore","Potion Belt","Pen Nib","Shovel","Cables"],"potions_floor_usage":[],"damage_taken":[{"damage":9.0,"enemies":"2 Louse","floor":1.0,"turns":2.0},{"damage":1.0,"enemies":"Small Slimes","floor":2.0,"turns":3.0},{"damage":56.0,"enemies":"Gremlin Nob","floor":6.0,"turns":5.0},{"damage":1.0,"enemies":"Cultist","floor":8.0,"turns":3.0},{"damage":8.0,"enemies":"Large Slime","floor":10.0,"turns":3.0},{"damage":26.0,"enemies":"The Guardian","floor":16.0,"turns":10.0},{"damage":1.0,"enemies":"Spheric Guardian","floor":18.0,"turns":5.0},{"damage":21.0,"enemies":"Colosseum Slavers","floor":19.0,"turns":5.0},{"damage":18.0,"enemies":"Colosseum Nobs","floor":19.0,"turns":6.0},{"damage":10,"enemies":"2 Thieves","floor":20,"turns":4},{"damage":23,"enemies":"Cultist and Chosen","floor":21,"turns":6}],"seed_played":"2984268527172892271","potions_obtained":[{"floor":8.0,"key":"Poison Potion"},{"floor":10.0,"key":"Fire Potion"},{"floor":16.0,"key":"PowerPotion"},{"floor":19.0,"key":"Energy Potion"}],"is_trial":false,"path_per_floor":["M","M","?","?","?","E","R","M","T","M","R","?","R","$","R","B",null,"M","?","M","M"],"character_chosen":"DEFECT","items_purchased":["Gash","Fire Potion"],"campfire_rested":2,"item_purchase_floors":[14,14],"current_hp_per_floor":[55,54,54,59,59,3,25,24,24,16,38,27,27,27,27,1,57,56,17,14,0],"gold":203,"neow_bonus":"THREE_RARE_CARDS","is_prod":false,"is_daily":false,"chose_seed":false,"campfire_upgraded":2,"win_rate":0,"timestamp":1550466236,"path_taken":["M","M","?","?","?","E","R","M","T","?","R","?","R","$","R","BOSS","M","?","M","M"],"build_version":"2019-01-23","purchased_purges":1,"victory":false,"max_hp_per_floor":[71,71,71,76,76,76,76,76,76,76,76,76,76,76,76,76,76,76,76,76,76],"card_choices":[{"not_picked":["Biased Cognition","Machine Learning"],"picked":"Electrodynamics","floor":0.0},{"not_picked":["Gash","Streamline","Chaos"],"picked":"SKIP","floor":1.0},{"not_picked":["Gash","Streamline","Chaos"],"picked":"SKIP","floor":1.0},{"not_picked":["Streamline","Chaos"],"picked":"Gash","floor":1.0},{"not_picked":["Coolheaded","Force Field"],"picked":"Hologram","floor":2.0},{"not_picked":["Darkness","Blizzard"],"picked":"Ball Lightning","floor":6.0},{"not_picked":["Turbo","Amplify"],"picked":"Capacitor","floor":8.0},{"not_picked":["Conserve Battery","Rip and Tear"],"picked":"Reinforced Body","floor":10.0},{"not_picked":["Hyperbeam","Meteor Strike"],"picked":"Fission","floor":16.0},{"not_picked":["Cold Snap","Gash","Sweeping Beam"],"picked":"SKIP","floor":18.0},{"not_picked":["Streamline","Sunder"],"picked":"Self Repair","floor":19.0},{"not_picked":["Chaos","Stack"],"picked":"Steam","floor":20}],"player_experience":562380,"relics_obtained":[{"floor":6.0,"key":"Potion Belt"},{"floor":9.0,"key":"Pen Nib"},{"floor":19.0,"key":"Shovel"},{"floor":19.0,"key":"Cables"}],"event_choices":[{"damage_healed":0.0,"max_hp_gain":0.0,"max_hp_loss":0.0,"gold_gain":0.0,"event_name":"The Cleric","player_choice":"Leave","floor":3.0,"gold_loss":0.0,"damage_taken":0.0},{"damage_healed":0.0,"max_hp_gain":5.0,"max_hp_loss":0.0,"gold_gain":0.0,"event_name":"Big Fish","player_choice":"Donut","floor":4.0,"gold_loss":0.0,"damage_taken":0.0},{"cards_removed":["Strike_B"],"damage_healed":0.0,"max_hp_gain":0.0,"max_hp_loss":0.0,"gold_gain":0.0,"event_name":"Bonfire Elementals","player_choice":"Offered Basic","floor":5.0,"gold_loss":0.0,"damage_taken":0.0},{"damage_healed":0.0,"max_hp_gain":0.0,"max_hp_loss":0.0,"gold_gain":75.0,"event_name":"World of Goop","player_choice":"Gather Gold","floor":12.0,"gold_loss":0.0,"damage_taken":11.0},{"damage_healed":0.0,"max_hp_gain":0.0,"max_hp_loss":0.0,"gold_gain":0.0,"event_name":"Colosseum","player_choice":"Fight","floor":19.0,"gold_loss":0.0,"damage_taken":0.0},{"damage_healed":0.0,"max_hp_gain":0.0,"max_hp_loss":0.0,"gold_gain":0.0,"event_name":"Colosseum","player_choice":"Fought Nobs","floor":19.0,"gold_loss":0.0,"damage_taken":0.0}],"is_beta":false,"boss_relics":[{"not_picked":["Empty Cage","Orrery"],"picked":"FrozenCore"}],"items_purged_floors":[14],"is_endless":false,"potions_floor_spawned":[8,10,16,19,19],"killed_by":"Cultist and Chosen","ascension_level":20}