{"gold_per_floor":[216,1,1,1,12,12,47,47,47,47,61,72,97,112,112,188,188,207,207,110,129,147,178,178,193,220,236,236,236,236,264,276,359,371,399,425,437,449,476,519,543,555,614,626,484,484,500,18,18,18,18],"floor_reached":52,"playtime":3068,"items_purged":["Steam"],"score":1885,"play_id":"f3e7667b-e6cb-4499-8952-3a53b95f0501","local_time":"20181022205441","is_ascension_mode":true,"campfire_choices":[{"floor":6.0,"key":"REST"},{"data":"Go for the Eyes","floor":10.0,"key":"SMITH"},{"data":"Steam","floor":15.0,"key":"SMITH"},{"data":"Biased Cognition","floor":24.0,"key":"SMITH"},{"data":"Loop","floor":28.0,"key":"SMITH"},{"floor":30.0,"key":"REST"},{"floor":32.0,"key":"REST"},{"data":"Capacitor","floor":42.0,"key":"SMITH"},{"floor":44.0,"key":"REST"},{"data":"Skim","floor":46.0,"key":"SMITH"},{"floor":49,"key":"REST"}],"neow_cost":"NONE","seed_source_timestamp":955692980252035,"circlet_count":0,"master_deck":["Zap+1","Dualcast","AscendersBane","Ball Lightning+1","Chill","Go for the Eyes+1","Cold Snap","Electrodynamics","Steam+1","Reinforced Body","Biased Cognition+1","Stack","Doom and Gloom","Skim+1","Barrage","Streamline","Leap","Reinforced Body","FTL","Leap","Cold Snap","Loop+1","Capacitor+1","Undo"],"special_seed":0,"relics":["Cracked Core","ClockworkSouvenir","Torii","Nunchaku","Letter Opener","Pandora\u0027s Box","MutagenicStrength","Dream Catcher","Lantern","Nilry\u0027s Codex","MawBank","Busted Crown","Girya","Strawberry","PreservedInsect","Gambling Chip"],"potions_floor_usage":[50,51],"damage_taken":[{"damage":4.0,"enemies":"Small Slimes","floor":1.0,"turns":4.0},{"damage":12.0,"enemies":"Jaw Worm","floor":5.0,"turns":2.0},{"damage":9.0,"enemies":"3 Sentries","floor":7.0,"turns":8.0},{"damage":0.0,"enemies":"Cultist","floor":11.0,"turns":3.0},{"damage":1.0,"enemies":"Looter","floor":12.0,"turns":3.0},{"damage":1.0,"enemies":"Gremlin Nob","floor":13.0,"turns":3.0},{"damage":6.0,"enemies":"Lots of Slimes","floor":14.0,"turns":3.0},{"damage":11.0,"enemies":"The Guardian","floor":16.0,"turns":10.0},{"damage":1.0,"enemies":"Chosen","floor":18.0,"turns":4.0},{"damage":0.0,"enemies":"Spheric Guardian","floor":21.0,"turns":3.0},{"damage":0.0,"enemies":"Chosen and Byrds","floor":22.0,"turns":4.0},{"damage":0.0,"enemies":"Gremlin Leader","floor":23.0,"turns":3.0},{"damage":8.0,"enemies":"Centurion and Healer","floor":25.0,"turns":3.0},{"damage":1.0,"enemies":"Shelled Parasite and Fungi","floor":27.0,"turns":4.0},{"damage":18.0,"enemies":"Slavers","floor":31.0,"turns":3.0},{"damage":1.0,"enemies":"Automaton","floor":33.0,"turns":10.0},{"damage":0.0,"enemies":"Orb Walker","floor":35.0,"turns":3.0},{"damage":0.0,"enemies":"3 Shapes","floor":36.0,"turns":2.0},{"damage":0.0,"enemies":"Mind Bloom Boss Battle","floor":37.0,"turns":5.0},{"damage":0.0,"enemies":"Spire Growth","floor":39.0,"turns":8.0},{"damage":33.0,"enemies":"Giant Head","floor":40.0,"turns":8.0},{"damage":9.0,"enemies":"Jaw Worm Horde","floor":41.0,"turns":4.0},{"damage":6.0,"enemies":"Sphere and 2 Shapes","floor":47.0,"turns":5.0},{"damage":42,"enemies":"Donu and Deca","floor":50,"turns":8},{"damage":1,"enemies":"Awakened One","floor":51,"turns":26}],"seed_played":"8469254888752124598","potions_obtained":[{"floor":7.0,"key":"AttackPotion"},{"floor":11.0,"key":"EssenceOfSteel"},{"floor":13.0,"key":"FocusPotion"},{"floor":16.0,"key":"AttackPotion"},{"floor":25.0,"key":"AttackPotion"},{"floor":33.0,"key":"Swift Potion"},{"floor":35.0,"key":"FocusPotion"},{"floor":41.0,"key":"Regen Potion"}],"is_trial":false,"path_per_floor":["M","$","?","?","M","R","E","?","T","R","M","M","E","M","R","B",null,"M","?","$","M","M","E","R","M","T","M","R","?","R","E","R","B",null,"M","M","?","?","M","E","M","R","T","R","$","R","M","$","R","B","B"],"character_chosen":"DEFECT","items_purchased":["ClockworkSouvenir","FTL","Leap","Undo","FocusPotion","Gambling Chip","FocusPotion"],"campfire_rested":5,"item_purchase_floors":[2,20,20,45,45,48,48],"current_hp_per_floor":[60,60,39,39,27,48,39,39,39,39,39,38,37,31,31,20,58,57,57,57,57,57,57,57,49,49,48,48,27,48,30,51,50,66,66,66,66,66,66,40,31,31,31,54,54,54,62,62,78,36,35],"gold":18,"neow_bonus":"HUNDRED_GOLD","is_prod":false,"is_daily":false,"chose_seed":false,"campfire_upgraded":6,"win_rate":0,"timestamp":1540256081,"path_taken":["M","$","?","?","M","R","E","?","T","R","M","M","E","?","R","BOSS","M","?","?","?","M","E","R","?","T","M","R","?","R","E","R","BOSS","M","M","?","?","M","E","?","R","T","R","?","R","M","$","R","BOSS","BOSS"],"build_version":"2018-10-18","purchased_purges":1,"victory":true,"max_hp_per_floor":[71,71,71,71,71,71,71,71,71,71,71,71,71,71,71,71,71,71,71,71,71,71,71,71,71,71,71,71,71,71,71,71,71,71,71,71,71,71,71,78,78,78,78,78,78,78,78,78,78,78,78],"card_choices":[{"not_picked":["Hologram","Recycle"],"picked":"Ball Lightning","floor":1.0},{"not_picked":["Leap","Loop"],"picked":"Chill","floor":5.0},{"not_picked":["Rebound","Consume"],"picked":"Go for the Eyes","floor":7.0},{"not_picked":["White Noise","Compile Driver"],"picked":"Cold Snap","floor":11.0},{"not_picked":["Beam Cell","Turbo"],"picked":"Electrodynamics","floor":12.0},{"not_picked":["Reprogram","Static Discharge"],"picked":"Steam","floor":13.0},{"not_picked":["Conserve Battery","Streamline"],"picked":"Reinforced Body","floor":14.0},{"not_picked":["Meteor Strike","Machine Learning"],"picked":"Biased Cognition","floor":16.0},{"not_picked":["Reprogram","Ball Lightning"],"picked":"Reinforced Body","floor":18.0},{"not_picked":["Stack","Chaos","Streamline"],"picked":"SKIP","floor":21.0},{"not_picked":["Steam+1","Beam Cell","Thunder Strike"],"picked":"SKIP","floor":22.0},{"not_picked":["Turbo","Hologram"],"picked":"Cold Snap","floor":23.0},{"not_picked":["Turbo","Heatsinks","Streamline"],"picked":"SKIP","floor":25.0},{"not_picked":["Hologram","Redo"],"picked":"Loop","floor":27.0},{"not_picked":["Auto Shields","Cold Snap","Hyperbeam"],"picked":"SKIP","floor":31.0},{"not_picked":["Storm"],"picked":"SKIP","floor":35.0},{"not_picked":["Leap+1"],"picked":"SKIP","floor":36.0},{"not_picked":["Leap"],"picked":"SKIP","floor":39.0},{"not_picked":["Gash"],"picked":"SKIP","floor":40.0},{"not_picked":[],"picked":"Capacitor","floor":41.0},{"not_picked":["Hologram"],"picked":"SKIP","floor":47.0}],"player_experience":998145,"relics_obtained":[{"floor":7.0,"key":"Torii"},{"floor":9.0,"key":"Nunchaku"},{"floor":13.0,"key":"Letter Opener"},{"floor":23.0,"key":"Dream Catcher"},{"floor":26.0,"key":"Lantern"},{"floor":29.0,"key":"Nilry\u0027s Codex"},{"floor":31.0,"key":"MawBank"},{"floor":37.0,"key":"Girya"},{"floor":40.0,"key":"Strawberry"},{"floor":43.0,"key":"PreservedInsect"}],"event_choices":[{"damage_healed":0.0,"max_hp_gain":0.0,"max_hp_loss":0.0,"gold_gain":0.0,"event_name":"Shining Light","player_choice":"Entered Light","floor":3.0,"gold_loss":0.0,"damage_taken":21.0,"cards_upgraded":["Strike_B","Zap"]},{"damage_healed":0.0,"max_hp_gain":0.0,"max_hp_loss":0.0,"gold_gain":0.0,"event_name":"Upgrade Shrine","player_choice":"Upgraded","floor":4.0,"gold_loss":0.0,"damage_taken":0.0,"cards_upgraded":["Ball Lightning"]},{"damage_healed":0.0,"max_hp_gain":0.0,"max_hp_loss":0.0,"gold_gain":0.0,"event_name":"Liars Game","player_choice":"Ignored","floor":8.0,"gold_loss":0.0,"damage_taken":0.0},{"damage_healed":0.0,"max_hp_gain":0.0,"max_hp_loss":0.0,"gold_gain":0.0,"event_name":"Drug Dealer","player_choice":"Inject Mutagens","floor":19.0,"gold_loss":0.0,"damage_taken":0.0,"relics_obtained":["MutagenicStrength"]},{"damage_healed":0.0,"max_hp_gain":0.0,"max_hp_loss":0.0,"gold_gain":0.0,"event_name":"Cursed Tome","player_choice":"Obtained Book","floor":29.0,"gold_loss":0.0,"damage_taken":21.0},{"damage_healed":0.0,"max_hp_gain":0.0,"max_hp_loss":0.0,"gold_gain":0.0,"event_name":"MindBloom","player_choice":"Fight","floor":37.0,"gold_loss":0.0,"damage_taken":0.0},{"cards_removed":["Rip and Tear"],"damage_healed":0.0,"max_hp_gain":0.0,"max_hp_loss":0.0,"gold_gain":0.0,"event_name":"Falling","player_choice":"Removed Attack","floor":38.0,"gold_loss":0.0,"damage_taken":0.0}],"is_beta":false,"boss_relics":[{"not_picked":["Snecko Eye","Calling Bell"],"picked":"Pandora\u0027s Box"},{"not_picked":["Lizard Tail","Astrolabe"],"picked":"Busted Crown"}],"items_purged_floors":[48],"is_endless":false,"potions_floor_spawned":[7,11,13,16,22,25,27,33,35,37,41],"ascension_level":20}