{"gold_per_floor":[116,96,106,29,47,77,77,88,115,390,408,426,426,445,445,519,519,539,539,550,563,578,578,578,578,578,578,589,602,272,292,292,365,365,381,381,436,38,55,55,88,88,111,137,137,137,165,176,176,176],"floor_reached":51,"playtime":3510,"items_purged":["Rebound"],"score":1360,"play_id":"95421cd6-f253-407c-9eb0-f0f971f32a80","local_time":"20190116024127","is_ascension_mode":true,"campfire_choices":[{"floor":7.0,"key":"REST"},{"data":"Sunder","floor":13.0,"key":"SMITH"},{"floor":15.0,"key":"REST"},{"data":"Creative AI","floor":23.0,"key":"SMITH"},{"data":"Defragment","floor":25.0,"key":"SMITH"},{"data":"Hologram","floor":27.0,"key":"SMITH"},{"floor":32.0,"key":"REST"},{"data":"Amplify","floor":40.0,"key":"SMITH"},{"data":"Madness","floor":42.0,"key":"SMITH"},{"data":"Seek","floor":46.0,"key":"SMITH"},{"data":"Hologram","floor":49,"key":"SMITH"}],"neow_cost":"PERCENT_DAMAGE","seed_source_timestamp":0,"circlet_count":0,"master_deck":["AscendersBane","Zap","Dualcast","Storm","Sunder+1","Go for the Eyes","Seek+1","FTL","Storm","Machine Learning","Stack","Machine Learning","Hologram+1","Hyperbeam","Seek","Hologram","Creative AI+1","Hologram+1","Conserve Battery","Steam","Defragment+1","Storm","Storm","Echo Form","Amplify+1","Conserve Battery+1","Madness+1","Madness","Heatsinks","Coolheaded","Auto Shields+1","Seek","BootSequence","Hologram+1"],"special_seed":0,"relics":["Cracked Core","Turnip","Omamori","Bag of Marbles","Pandora\u0027s Box","FaceOfCleric","Meat on the Bone","Juzu Bracelet","Eternal Feather","Prayer Wheel","Art of War","Regal Pillow","Ancient Tea Set","Bird Faced Urn","Pocketwatch"],"potions_floor_usage":[50],"damage_taken":[{"damage":0.0,"enemies":"Small Slimes","floor":1.0,"turns":3.0},{"damage":1.0,"enemies":"Cultist","floor":3.0,"turns":3.0},{"damage":0.0,"enemies":"2 Louse","floor":5.0,"turns":2.0},{"damage":20.0,"enemies":"Lagavulin","floor":6.0,"turns":6.0},{"damage":26.0,"enemies":"Exordium Thugs","floor":8.0,"turns":4.0},{"damage":1.0,"enemies":"Looter","floor":11.0,"turns":3.0},{"damage":0.0,"enemies":"Exordium Wildlife","floor":12.0,"turns":1.0},{"damage":0.0,"enemies":"2 Fungi Beasts","floor":14.0,"turns":2.0},{"damage":20.0,"enemies":"Slime Boss","floor":16.0,"turns":10.0},{"damage":5.0,"enemies":"Chosen","floor":18.0,"turns":3.0},{"damage":6.0,"enemies":"3 Byrds","floor":20.0,"turns":2.0},{"damage":7.0,"enemies":"Sentry and Sphere","floor":21.0,"turns":5.0},{"damage":9.0,"enemies":"Chosen and Byrds","floor":22.0,"turns":3.0},{"damage":8.0,"enemies":"Colosseum Slavers","floor":24.0,"turns":3.0},{"damage":9.0,"enemies":"Centurion and Healer","floor":28.0,"turns":6.0},{"damage":7.0,"enemies":"Snake Plant","floor":29.0,"turns":4.0},{"damage":7.0,"enemies":"3 Cultists","floor":31.0,"turns":3.0},{"damage":51.0,"enemies":"Champ","floor":33.0,"turns":6.0},{"damage":7.0,"enemies":"3 Darklings","floor":35.0,"turns":2.0},{"damage":41.0,"enemies":"2 Orb Walkers","floor":37.0,"turns":5.0},{"damage":0.0,"enemies":"Orb Walker","floor":39.0,"turns":2.0},{"damage":12.0,"enemies":"Giant Head","floor":41.0,"turns":6.0},{"damage":26.0,"enemies":"Reptomancer","floor":44.0,"turns":4.0},{"damage":5,"enemies":"Nemesis","floor":47,"turns":3},{"damage":18,"enemies":"Writhing Mass","floor":48,"turns":3},{"damage":67,"enemies":"Awakened One","floor":50,"turns":8}],"seed_played":"636704586802104427","potions_obtained":[{"floor":2.0,"key":"FairyPotion"},{"floor":3.0,"key":"Weak Potion"},{"floor":8.0,"key":"Block Potion"},{"floor":21.0,"key":"Explosive Potion"},{"floor":22.0,"key":"PowerPotion"},{"floor":28.0,"key":"SpeedPotion"},{"floor":33.0,"key":"Poison Potion"},{"floor":37.0,"key":"Block Potion"},{"floor":41.0,"key":"AttackPotion"},{"floor":48,"key":"Strength Potion"}],"is_trial":false,"path_per_floor":["M","?","M","$","M","E","R","M","T","?","M","M","R","M","R","B",null,"M","?","M","M","M","R","?","R","T","R","M","M","$","M","R","B",null,"M","?","?","$","M","R","E","R","T","E","?","R","E","M","R","B",null],"character_chosen":"DEFECT","items_purchased":["Sunder","Echo Form","Juzu Bracelet","Art of War","Heatsinks","Coolheaded","Block Potion"],"campfire_rested":3,"item_purchase_floors":[4,30,30,38,38,38,38],"current_hp_per_floor":[46,46,45,45,45,25,46,20,20,20,19,19,19,19,40,20,58,53,53,48,42,34,34,27,27,27,27,31,37,37,43,66,28,66,60,46,18,18,31,49,50,68,68,43,43,61,75,78,86,48],"gold":176,"neow_bonus":"ONE_RARE_RELIC","is_prod":false,"is_daily":false,"chose_seed":false,"campfire_upgraded":8,"win_rate":0,"timestamp":1547624487,"path_taken":["M","?","M","$","?","E","R","M","T","?","M","M","R","M","R","BOSS","M","?","?","M","M","R","?","R","T","R","M","M","$","M","R","BOSS","M","?","?","$","M","R","E","R","T","E","?","R","E","M","R","BOSS"],"build_version":"2019-01-10","purchased_purges":1,"victory":true,"max_hp_per_floor":[71,71,71,71,71,71,71,71,71,71,71,71,71,71,71,71,71,71,71,72,73,74,74,75,75,75,75,76,77,77,78,78,79,79,80,80,81,81,82,82,83,83,83,84,84,84,85,86,86,87],"card_choices":[{"not_picked":["Ball Lightning","Turbo"],"picked":"FTL","floor":1.0},{"not_picked":["Conserve Battery","Cold Snap"],"picked":"Storm","floor":3.0},{"not_picked":["Melter","Turbo"],"picked":"Go for the Eyes","floor":5.0},{"not_picked":["Streamline","Hello World"],"picked":"Seek","floor":6.0},{"not_picked":["Compile Driver","Ball Lightning"],"picked":"FTL","floor":8.0},{"not_picked":["Chill","Skim"],"picked":"Storm","floor":11.0},{"not_picked":["Blizzard","Aggregate","Steam"],"picked":"SKIP","floor":12.0},{"not_picked":["Chaos","Redo","Stack"],"picked":"SKIP","floor":14.0},{"not_picked":["Core Surge","Hyperbeam"],"picked":"Machine Learning","floor":16.0},{"not_picked":["Stack","Genetic Algorithm"],"picked":"Hologram+1","floor":18.0},{"not_picked":["Darkness","Rebound+1"],"picked":"Conserve Battery","floor":20.0},{"not_picked":["Cold Snap","Gash"],"picked":"Steam","floor":21.0},{"not_picked":["Melter","Rebound"],"picked":"Defragment","floor":22.0},{"not_picked":["Ball Lightning","Leap"],"picked":"Storm","floor":28.0},{"not_picked":["Static Discharge+1","Defragment"],"picked":"Storm","floor":29.0},{"not_picked":["Undo","Stack+1","Redo"],"picked":"SKIP","floor":31.0},{"not_picked":["Seek","Thunder Strike"],"picked":"Amplify","floor":33.0},{"not_picked":["Redo","Go for the Eyes"],"picked":"Conserve Battery+1","floor":35.0},{"not_picked":["Turbo","Cold Snap"],"picked":"Auto Shields+1","floor":39.0},{"not_picked":["Ball Lightning","Force Field"],"picked":"Seek","floor":39.0},{"not_picked":["Beam Cell","Tempest","Redo"],"picked":"SKIP","floor":41.0},{"not_picked":["Barrage","Genetic Algorithm+1"],"picked":"BootSequence","floor":44.0},{"not_picked":["Genetic Algorithm+1","Turbo","Rebound"],"picked":"SKIP","floor":47},{"not_picked":["Reprogram+1","Multi-Cast"],"picked":"Hologram","floor":48},{"not_picked":["Rebound","Streamline","Turbo"],"picked":"SKIP","floor":48}],"player_experience":447889,"relics_obtained":[{"floor":6.0,"key":"Omamori"},{"floor":9.0,"key":"Bag of Marbles"},{"floor":26.0,"key":"Meat on the Bone"},{"floor":37.0,"key":"Prayer Wheel"},{"floor":41.0,"key":"Regal Pillow"},{"floor":43.0,"key":"Ancient Tea Set"},{"floor":44.0,"key":"Bird Faced Urn"},{"floor":47,"key":"Pocketwatch"}],"event_choices":[{"damage_healed":0.0,"max_hp_gain":0.0,"max_hp_loss":0.0,"gold_gain":0.0,"event_name":"The Woman in Blue","player_choice":"Bought 1 Potion","floor":2.0,"gold_loss":0.0,"damage_taken":0.0},{"damage_healed":0.0,"max_hp_gain":0.0,"max_hp_loss":0.0,"gold_gain":275.0,"event_name":"Golden Shrine","player_choice":"Desecrate","floor":10.0,"gold_loss":0.0,"damage_taken":0.0,"cards_obtained":["Regret"]},{"damage_healed":0.0,"max_hp_gain":0.0,"max_hp_loss":0.0,"gold_gain":0.0,"event_name":"FaceTrader","player_choice":"Trade","floor":19.0,"gold_loss":0.0,"damage_taken":0.0,"relics_obtained":["FaceOfCleric"]},{"damage_healed":0.0,"max_hp_gain":0.0,"max_hp_loss":0.0,"gold_gain":0.0,"event_name":"Colosseum","player_choice":"Fight","floor":24.0,"gold_loss":0.0,"damage_taken":0.0},{"damage_healed":0.0,"max_hp_gain":0.0,"max_hp_loss":0.0,"gold_gain":0.0,"event_name":"Colosseum","player_choice":"Fled From Nobs","floor":24.0,"gold_loss":0.0,"damage_taken":0.0},{"damage_healed":0.0,"max_hp_gain":0.0,"max_hp_loss":0.0,"gold_gain":0.0,"event_name":"Winding Halls","player_choice":"Embrace Madness","floor":36.0,"gold_loss":0.0,"damage_taken":14.0,"cards_obtained":["Madness","Madness"]},{"damage_healed":0.0,"max_hp_gain":0.0,"max_hp_loss":0.0,"gold_gain":0.0,"event_name":"Mysterious Sphere","player_choice":"Fight","floor":37.0,"gold_loss":0.0,"damage_taken":0.0},{"cards_removed":["FTL"],"damage_healed":0.0,"max_hp_gain":0.0,"max_hp_loss":0.0,"gold_gain":0.0,"event_name":"Falling","player_choice":"Removed Attack","floor":45.0,"gold_loss":0.0,"damage_taken":0.0}],"is_beta":false,"boss_relics":[{"not_picked":["Velvet Choker","Inserter"],"picked":"Pandora\u0027s Box"},{"not_picked":["Runic Pyramid","Orrery"],"picked":"Eternal Feather"}],"items_purged_floors":[38],"is_endless":false,"potions_floor_spawned":[3,8,12,14,16,21,22,28,29,33,37,41,48],"ascension_level":16}