{"path_per_floor":["M","?","M","M","$","R","E","M","T","?","E","M","M","M","R","B",null,"M","?","M","$","T","R","M","M","T"],"character_chosen":"IRONCLAD","items_purchased":["Inflame","Clothesline","Heavy Blade","Anger"],"gold_per_floor":[115,115,128,147,14,14,41,61,61,61,91,108,124,137,137,241,241,257,172,183,114,114,114,132,152,152,152],"floor_reached":27,"campfire_rested":1,"playtime":990,"current_hp_per_floor":[80,80,80,75,75,75,65,57,71,71,43,35,23,20,48,22,94,91,91,76,76,76,76,48,34,34,0],"items_purged":[],"gold":152,"score":227,"play_id":"5efce3e9-a9b5-49fa-bdf5-a47669bb27ce","local_time":"20180401082224","is_prod":false,"is_daily":false,"is_ascension_mode":false,"campfire_upgraded":2,"timestamp":1522596144,"path_taken":["M","?","M","M","$","R","E","M","T","?","E","M","?","M","R","BOSS","M","?","?","$","?","R","M","M","T","M"],"build_version":"2018-03-29v2","purchased_purges":0,"victory":false,"master_deck":["Strike_R","Strike_R","Strike_R","Strike_R","Strike_R","Defend_R","Defend_R","Defend_R","Defend_R","Bash","Limit Break+1","Clothesline","Flex","Anger","Inflame+1","Clothesline","Flex","Anger","Rampage","Heavy Blade+1","Anger","Clothesline","Dual Wield"],"max_hp_per_floor":[80,80,80,80,80,80,80,80,94,94,94,94,94,94,94,94,94,94,94,94,94,94,94,94,94,94,94],"relics":["Black Blood","Smiling Mask","Mango","Bag of Marbles","Calipers","Art of War","Bird Faced Urn"],"card_choices":[{"not_picked":["Searing Blow","Perfected Strike"],"picked":"Clothesline","floor":1},{"not_picked":["Intimidate","Whirlwind"],"picked":"Flex","floor":3},{"not_picked":["Second Wind","Battle Trance"],"picked":"Anger","floor":4},{"not_picked":["Perfected Strike","Burning Pact"],"picked":"Flex","floor":8},{"not_picked":["Whirlwind","Rupture"],"picked":"Anger","floor":12},{"not_picked":["Uppercut","Hemokinesis"],"picked":"Rampage","floor":20},{"not_picked":["Shrug It Off","Clash"],"picked":"Clothesline","floor":24},{"not_picked":["Shrug It Off","Thunderclap"],"picked":"Dual Wield","floor":25}],"player_experience":95250,"potions_floor_usage":[13,16,20,24,25],"damage_taken":[{"damage":2,"enemies":"Small Slimes","floor":1,"turns":4},{"damage":0,"enemies":"Cultist","floor":3,"turns":4},{"damage":11,"enemies":"Jaw Worm","floor":4,"turns":2},{"damage":16,"enemies":"Gremlin Nob","floor":7,"turns":3},{"damage":14,"enemies":"2 Fungi Beasts","floor":8,"turns":3},{"damage":34,"enemies":"Lagavulin","floor":11,"turns":6},{"damage":14,"enemies":"3 Louse","floor":12,"turns":4},{"damage":18,"enemies":"Lots of Slimes","floor":13,"turns":3},{"damage":9,"enemies":"Blue Slaver","floor":14,"turns":3},{"damage":32,"enemies":"The Guardian","floor":16,"turns":9},{"damage":13,"enemies":"Chosen","floor":18,"turns":6},{"damage":25,"enemies":"Shell Parasite","floor":20,"turns":6},{"damage":38,"enemies":"Chosen and Byrds","floor":24,"turns":7},{"damage":33,"enemies":"Snake Plant","floor":25,"turns":4},{"damage":42,"enemies":"Cultist and Chosen","floor":27,"turns":4}],"event_choices":[{"event_name":"Upgrade Shrine","player_choice":"Upgraded","floor":2,"damage_taken":0},{"event_name":"Liars Game","player_choice":"disagreed","floor":10,"damage_taken":0},{"event_name":"Addict","player_choice":"Obtained Relic","floor":19,"damage_taken":0}],"boss_relics":[{"not_picked":["Runic Cube","Calling Bell"],"picked":"Black Blood"}],"potions_floor_spawned":[4,8,12,13,14,24],"seed_played":"-8308971006886509473","killed_by":"Cultist and Chosen","ascension_level":0,"is_trial":false}