{"path_per_floor":["M","?","M","?","M","E","M","$","T","E","R","?","M","M","R","B",null,"M","M","$","?","?","E","R","M","T","R","E","R","?","M","R"],"character_chosen":"DEFECT","items_purchased":["Letter Opener"],"gold_per_floor":[13,13,32,32,43,75,93,18,18,43,43,143,159,169,169,270,270,289,305,47,47,0,30,30,49,49,49,78,78,3,14,14,14],"floor_reached":33,"campfire_rested":2,"playtime":1588,"current_hp_per_floor":[68,50,53,38,38,27,25,25,25,3,25,25,22,22,22,16,75,75,67,67,52,52,34,34,28,28,28,10,10,10,6,21,0],"items_purged":["Strike_B"],"gold":14,"score":335,"play_id":"2889bf4e-6ec1-4be6-87b5-ead91271b0fb","local_time":"20180502132141","is_prod":false,"is_daily":false,"chose_seed":false,"is_ascension_mode":true,"campfire_upgraded":4,"timestamp":1525281701,"path_taken":["M","?","M","?","M","E","M","$","T","E","R","?","M","M","R","BOSS","M","M","$","?","?","E","R","M","T","R","E","R","?","M","R","BOSS"],"build_version":"2018-04-26v2","seed_source_timestamp":3644031022955,"purchased_purges":1,"victory":false,"master_deck":["Defend_B+1","Defend_B","Defend_B","Defend_B","Zap","Dualcast+1","Rainbow+1","Streamline","Capacitor+1","Cold Snap","Doom and Gloom","Blaster+1","Cold Snap+1","Ball Lightning+1","Reboot","Coolheaded+1","Conserve Battery","Bite+1","Bite+1","Bite+1","Bite+1","Bite+1","Blaster+1","Ball Lightning+1","Blaster+1","Thunder Strike+1"],"max_hp_per_floor":[75,75,75,75,75,75,75,75,75,75,75,75,75,75,75,75,75,75,75,75,52,52,52,52,52,52,52,52,52,52,52,52,52],"relics":["Cracked Core","Toolbox","Juzu Bracelet","Molten Egg 2","Du-Vu Doll","Velvet Choker","Letter Opener","Unceasing Top","Smiling Mask","Dodecahedron"],"card_choices":[{"not_picked":["Fusion","Biased Cognition"],"picked":"Rainbow","floor":0},{"not_picked":["Defragment","Impulse"],"picked":"Streamline","floor":1},{"not_picked":["Cold Snap","Skim"],"picked":"Capacitor","floor":3},{"not_picked":["Double Energy","Barrage"],"picked":"Cold Snap","floor":5},{"not_picked":["Axe Kick","Aggregate"],"picked":"Doom and Gloom","floor":6},{"not_picked":["Fusion","Double Energy"],"picked":"Flux Capacitor","floor":7},{"not_picked":["Sweeping Beam","Darkness"],"picked":"Blaster","floor":10},{"not_picked":["Heatsinks","Leap"],"picked":"Cold Snap","floor":13},{"not_picked":["Beam Cell","Melter"],"picked":"Ball Lightning","floor":14},{"not_picked":["Prime","Fusion"],"picked":"Reboot","floor":16},{"not_picked":["Steam Power","Beam Cell"],"picked":"Coolheaded","floor":18},{"not_picked":["Leap","Blizzard"],"picked":"Conserve Battery","floor":19},{"not_picked":["Darkness","Beam Cell"],"picked":"Blaster","floor":23},{"not_picked":["Stack","Double Energy"],"picked":"Ball Lightning","floor":25},{"not_picked":["Stack","Cold Snap"],"picked":"Blaster","floor":28},{"not_picked":["Ball Lightning","Streamline"],"picked":"Thunder Strike","floor":31}],"player_experience":78161,"potions_floor_usage":[10,16,28,33],"damage_taken":[{"damage":7,"enemies":"2 Louse","floor":1,"turns":3},{"damage":1,"enemies":"Jaw Worm","floor":3,"turns":3},{"damage":0,"enemies":"Cultist","floor":5,"turns":2},{"damage":11,"enemies":"3 Sentries","floor":6,"turns":5},{"damage":2,"enemies":"Blue Slaver","floor":7,"turns":4},{"damage":22,"enemies":"Lagavulin","floor":10,"turns":5},{"damage":3,"enemies":"Looter","floor":13,"turns":2},{"damage":0,"enemies":"3 Louse","floor":14,"turns":3},{"damage":6,"enemies":"Hexaghost","floor":16,"turns":8},{"damage":0,"enemies":"Spheric Guardian","floor":18,"turns":2},{"damage":8,"enemies":"3 Byrds","floor":19,"turns":3},{"damage":39,"enemies":"Gremlin Leader","floor":23,"turns":7},{"damage":18,"enemies":"Centurion and Healer","floor":25,"turns":5},{"damage":27,"enemies":"Book of Stabbing","floor":28,"turns":4},{"damage":19,"enemies":"Cultist and Chosen","floor":31,"turns":5},{"damage":43,"enemies":"Champ","floor":33,"turns":8}],"event_choices":[{"event_name":"Scrap Ooze","player_choice":"success","floor":2,"damage_taken":18},{"event_name":"Shining Light","player_choice":"Entered Light","floor":4,"damage_taken":0},{"event_name":"Golden Shrine","player_choice":"Pray","floor":12,"damage_taken":0},{"event_name":"Vampires","player_choice":"Became a vampire","floor":21,"damage_taken":0},{"event_name":"Masked Bandits","player_choice":"Paid Bandits 47 gold","floor":22,"damage_taken":0},{"event_name":"Beggar","player_choice":"Gave Gold","floor":30,"damage_taken":0}],"boss_relics":[{"not_picked":["Lizard Tail","Tiny House"],"picked":"Velvet Choker"}],"potions_floor_spawned":[1,5,10,14,19,28],"seed_played":"-4031140351265093767","killed_by":"Champ","ascension_level":1,"is_trial":false}