{"gold_per_floor":[17,17,34,34,49,49,84,84,84,139,151,206,243,320,332,443,455,488,550,393,412,427,427,442,460,460,375,375],"floor_reached":28,"playtime":1325,"items_purged":[],"score":501,"play_id":"56c4fa94-8e1d-4d63-9df1-a2da7854b75a","local_time":"20190224195512","is_ascension_mode":true,"campfire_choices":[{"data":"Metallicize","floor":6.0,"key":"SMITH"},{"data":"Bash","floor":8.0,"key":"SMITH"},{"data":"True Grit","floor":15.0,"key":"SMITH"},{"floor":23.0,"key":"REST"}],"neow_cost":"NO_GOLD","seed_source_timestamp":167748349717229,"circlet_count":0,"master_deck":["AscendersBane","Strike_R+1","Strike_R","Strike_R","Strike_R","Defend_R","Defend_R","Defend_R","Defend_R","Bash+1","Corruption","Feed","Sword Boomerang+1","Metallicize+1","Thunderclap","Evolve","True Grit+1","Exhume","Perfected Strike","Disarm","Perfected Strike","Ghostly Armor","Uppercut"],"special_seed":0,"relics":["Burning Blood","Thread and Needle","Golden Idol","Meat on the Bone","MawBank","Ancient Tea Set","Whetstone","Pantograph","Sozu","Lantern","Mummified Hand","WingedGreaves"],"potions_floor_usage":[],"damage_taken":[{"damage":12.0,"enemies":"Small Slimes","floor":1.0,"turns":3.0},{"damage":5.0,"enemies":"Cultist","floor":3.0,"turns":5.0},{"damage":7.0,"enemies":"2 Louse","floor":5.0,"turns":4.0},{"damage":15.0,"enemies":"3 Sentries","floor":7.0,"turns":9.0},{"damage":39.0,"enemies":"Lagavulin","floor":10.0,"turns":9.0},{"damage":5.0,"enemies":"3 Sentries","floor":12.0,"turns":5.0},{"damage":5.0,"enemies":"Looter","floor":13.0,"turns":3.0},{"damage":30.0,"enemies":"Lagavulin Event","floor":14.0,"turns":5.0},{"damage":64.0,"enemies":"The Guardian","floor":16.0,"turns":16.0},{"damage":23.0,"enemies":"Spheric Guardian","floor":18.0,"turns":6.0},{"damage":18.0,"enemies":"2 Thieves","floor":21.0,"turns":4.0},{"damage":40.0,"enemies":"Centurion and Healer","floor":22.0,"turns":10.0},{"damage":31,"enemies":"3 Cultists","floor":24,"turns":6},{"damage":35,"enemies":"Cultist and Chosen","floor":25,"turns":10},{"damage":25,"enemies":"Slavers","floor":28,"turns":2}],"seed_played":"2612865048307029108","potions_obtained":[{"floor":1.0,"key":"SkillPotion"},{"floor":5.0,"key":"PowerPotion"},{"floor":10.0,"key":"PowerPotion"},{"floor":11.0,"key":"Strength Potion"},{"floor":14.0,"key":"Explosive Potion"}],"is_trial":false,"path_per_floor":["M","?","M","?","M","R","E","R","T","E","?","E","M","?","R","B",null,"M","?","$","M","M","R","M","M","T","?","E"],"character_chosen":"IRONCLAD","items_purchased":["Lantern"],"campfire_rested":1,"item_purchase_floors":[20],"current_hp_per_floor":[62,62,66,66,68,68,59,59,59,38,38,51,55,46,46,25,66,52,52,52,55,36,62,52,38,38,38,13],"gold":375,"neow_bonus":"ONE_RARE_RELIC","is_prod":false,"is_daily":false,"chose_seed":false,"campfire_upgraded":3,"win_rate":0,"timestamp":1551056112,"path_taken":["M","?","?","?","M","R","E","R","T","E","?","E","?","?","R","BOSS","M","?","$","M","?","R","M","M","T","?","E"],"build_version":"2019-02-06","purchased_purges":0,"victory":false,"max_hp_per_floor":[75,75,78,71,74,74,74,74,74,74,74,74,77,80,80,80,80,83,83,83,86,89,89,92,95,95,95,95],"card_choices":[{"not_picked":["Bloodletting","Flex"],"picked":"Corruption","floor":1.0},{"not_picked":["Burning Pact","Carnage"],"picked":"Sword Boomerang","floor":3.0},{"not_picked":["Anger","Sword Boomerang"],"picked":"Metallicize","floor":5.0},{"not_picked":["Brutality","Berserk"],"picked":"Thunderclap","floor":7.0},{"not_picked":["Sword Boomerang","Sever Soul"],"picked":"Evolve","floor":10.0},{"not_picked":["Havoc","Body Slam","Fire Breathing"],"picked":"SKIP","floor":12.0},{"not_picked":["Pummel","Whirlwind"],"picked":"True Grit","floor":13.0},{"not_picked":["Double Tap","Bludgeon"],"picked":"Exhume","floor":16.0},{"not_picked":["Pommel Strike","Bloodletting+1"],"picked":"Perfected Strike","floor":18.0},{"not_picked":["Clash","Twin Strike"],"picked":"Disarm","floor":21.0},{"not_picked":["Headbutt+1","Infernal Blade"],"picked":"Perfected Strike","floor":22.0},{"not_picked":["Headbutt","Havoc"],"picked":"Ghostly Armor","floor":24},{"not_picked":["Reckless Charge","Twin Strike"],"picked":"Uppercut","floor":25}],"player_experience":1001557,"relics_obtained":[{"floor":7.0,"key":"Meat on the Bone"},{"floor":9.0,"key":"MawBank"},{"floor":10.0,"key":"Ancient Tea Set"},{"floor":12.0,"key":"Whetstone"},{"floor":14.0,"key":"Pantograph"},{"floor":26,"key":"Mummified Hand"}],"event_choices":[{"damage_healed":0.0,"max_hp_gain":0.0,"max_hp_loss":0.0,"gold_gain":0.0,"cards_transformed":["Strike_R"],"event_name":"Transmorgrifier","player_choice":"Transformed","floor":2.0,"gold_loss":0.0,"damage_taken":0.0,"cards_obtained":["Feed"]},{"damage_healed":0.0,"max_hp_gain":0.0,"max_hp_loss":7.0,"gold_gain":0.0,"event_name":"Golden Idol","player_choice":"Lose Max HP","floor":4.0,"gold_loss":0.0,"damage_taken":0.0,"relics_obtained":["Golden Idol"]},{"damage_healed":0.0,"max_hp_gain":0.0,"max_hp_loss":0.0,"gold_gain":0.0,"event_name":"Lab","player_choice":"Got Potions","floor":11.0,"gold_loss":0.0,"damage_taken":0.0},{"damage_healed":0.0,"max_hp_gain":0.0,"max_hp_loss":0.0,"gold_gain":30.0,"event_name":"Dead Adventurer","player_choice":"Searched \u00272\u0027 times","floor":14.0,"gold_loss":0.0,"damage_taken":0.0},{"damage_healed":0.0,"max_hp_gain":0.0,"max_hp_loss":0.0,"gold_gain":100.0,"event_name":"The Joust","player_choice":"Bet on Murderer","floor":19.0,"gold_loss":50.0,"damage_taken":0.0},{"damage_healed":0,"gold_gain":0,"player_choice":"Obtained Relic","damage_taken":0,"relics_obtained":["WingedGreaves"],"max_hp_gain":0,"max_hp_loss":0,"event_name":"Addict","floor":27,"gold_loss":85}],"is_beta":true,"boss_relics":[{"not_picked":["Astrolabe","Orrery"],"picked":"Sozu"}],"items_purged_floors":[],"is_endless":false,"potions_floor_spawned":[1,5,10,14,22,24],"killed_by":"Slavers","ascension_level":20}