{"gold_per_floor":[118,118,118,128,146,173,188,288,288,315,315,333,344,344],"floor_reached":14,"playtime":413,"items_purged":[],"score":204,"play_id":"f42a88c8-72cd-49f6-ac79-0c7bfeda0115","local_time":"20190223235707","is_ascension_mode":true,"campfire_choices":[{"floor":11,"key":"REST"}],"neow_cost":"NONE","seed_source_timestamp":96989266335320,"circlet_count":0,"master_deck":["AscendersBane","Strike_B","Strike_B","Strike_B","Defend_B","Defend_B","Defend_B","Defend_B","Zap","Dualcast","Coolheaded","Static Discharge","Doom and Gloom","Creative AI","Leap","Undo","Hologram"],"relics":["Cracked Core","NeowsBlessing","Dodecahedron","Ginger","Thread and Needle"],"potions_floor_usage":[10,13],"damage_taken":[{"damage":0,"enemies":"Jaw Worm","floor":1,"turns":1},{"damage":0,"enemies":"Cultist","floor":4,"turns":1},{"damage":0,"enemies":"2 Louse","floor":5,"turns":1},{"damage":32,"enemies":"Gremlin Nob","floor":6,"turns":4},{"damage":4,"enemies":"Red Slaver","floor":7,"turns":4},{"damage":16,"enemies":"3 Sentries","floor":10,"turns":6},{"damage":5,"enemies":"Lots of Slimes","floor":12,"turns":2},{"damage":0,"enemies":"Large Slime","floor":13,"turns":6},{"damage":54,"enemies":"Gremlin Nob","floor":14,"turns":4}],"seed_played":"-7295766363108578506","potions_obtained":[{"floor":1,"key":"Energy Potion"},{"floor":7,"key":"Weak Potion"},{"floor":12,"key":"Dexterity Potion"}],"is_trial":false,"path_per_floor":["M","?","$","M","M","E","M","?","T","E","R","M","M","E"],"character_chosen":"DEFECT","items_purchased":[],"campfire_rested":1,"item_purchase_floors":[],"current_hp_per_floor":[64,64,64,64,64,32,28,28,28,12,33,28,28,0],"gold":344,"neow_bonus":"THREE_ENEMY_KILL","is_prod":false,"is_daily":false,"chose_seed":false,"campfire_upgraded":0,"win_rate":0,"timestamp":1550984227,"path_taken":["M","?","$","M","?","E","M","?","T","E","R","M","?","E"],"build_version":"2019-02-06","purchased_purges":0,"victory":false,"max_hp_per_floor":[71,71,71,71,71,71,71,71,71,71,71,71,71,71],"card_choices":[{"not_picked":["Stack","Barrage"],"picked":"Coolheaded","floor":1},{"not_picked":["Blizzard","Streamline"],"picked":"Static Discharge","floor":4},{"not_picked":["Auto Shields","Gash"],"picked":"Doom and Gloom","floor":5},{"not_picked":["Sunder","Steam"],"picked":"Creative AI","floor":6},{"not_picked":["Redo","Steam"],"picked":"Leap","floor":7},{"not_picked":["Rebound","Barrage","Stack"],"picked":"SKIP","floor":10},{"not_picked":["Scrape","Reprogram"],"picked":"Undo","floor":12},{"not_picked":["Leap","Coolheaded"],"picked":"Hologram","floor":13}],"player_experience":991013,"relics_obtained":[{"floor":6,"key":"Dodecahedron"},{"floor":9,"key":"Ginger"},{"floor":10,"key":"Thread and Needle"}],"event_choices":[{"cards_removed":["Strike_B"],"damage_healed":0,"gold_gain":0,"player_choice":"Offered Basic","damage_taken":0,"max_hp_gain":0,"max_hp_loss":0,"event_name":"Bonfire Elementals","floor":2,"gold_loss":0},{"damage_healed":0,"gold_gain":100,"player_choice":"Gold","damage_taken":0,"max_hp_gain":0,"max_hp_loss":0,"event_name":"Wheel of Change","floor":8,"gold_loss":0}],"is_beta":true,"boss_relics":[],"items_purged_floors":[],"is_endless":false,"potions_floor_spawned":[1,7,12],"killed_by":"Gremlin Nob","ascension_level":20}