{"path_per_floor":["M","?","M","M","?","R","M","E","T","M","$","R","?","M","R","B",null,"M","?","?","$","?","R","?","R","T","M","M","M","R","?","R"],"character_chosen":"IRONCLAD","items_purchased":["Metallicize","Champion Belt"],"gold_per_floor":[111,111,128,140,140,140,153,178,178,195,118,118,193,212,212,316,316,327,327,327,25,25,25,25,25,25,42,60,71,71,71,71,71],"floor_reached":33,"campfire_rested":3,"playtime":1419,"current_hp_per_floor":[72,72,72,69,51,51,57,31,31,37,37,37,26,26,47,10,72,53,53,53,53,53,53,53,53,53,65,40,12,33,20,43,0],"items_purged":[],"gold":71,"score":245,"play_id":"ad50c44c-b732-4820-8933-40bdd98f7f4a","local_time":"20180331064007","is_prod":false,"is_daily":false,"is_ascension_mode":false,"campfire_upgraded":4,"timestamp":1522503607,"path_taken":["M","?","M","M","?","R","M","E","T","?","$","R","?","?","R","BOSS","M","?","?","$","?","R","?","R","T","?","?","M","R","?","R","BOSS"],"build_version":"2018-03-29v2","purchased_purges":0,"victory":false,"master_deck":["Strike_R","Strike_R","Strike_R","Strike_R","Defend_R","Bash+1","Headbutt","Clothesline","Flex+1","Armaments","Shrug It Off+1","Juggernaut","Metallicize","Pommel Strike","Juggernaut","Spot Weakness+1","Shrug It Off+1","Searing Blow+2","Heavy Blade+1","Headbutt","Shrug It Off","Dual Wield+1"],"max_hp_per_floor":[72,72,72,72,72,72,72,72,72,72,72,72,72,72,72,72,72,72,72,72,72,72,72,72,72,72,72,72,72,72,77,77,77],"relics":["Burning Blood","Unceasing Top","Toolbox","Ornamental Fan","Paper Frog","Astrolabe","Vajra","Champion Belt","Gambling Chip"],"card_choices":[{"not_picked":["Wild Strike","Shockwave"],"picked":"Headbutt","floor":1},{"not_picked":["Sever Soul","Shrug It Off"],"picked":"Clothesline","floor":3},{"not_picked":["Shrug It Off","Bloodletting"],"picked":"Flex","floor":4},{"not_picked":["Warcry","Twin Strike"],"picked":"Armaments","floor":7},{"not_picked":["Seeing Red","Wild Strike"],"picked":"Shrug It Off","floor":8},{"not_picked":["Sword Boomerang","Bloodletting"],"picked":"Juggernaut","floor":10},{"not_picked":["Wild Strike","Entrench"],"picked":"Pommel Strike","floor":14},{"not_picked":["Bludgeon","Impervious"],"picked":"Juggernaut","floor":16},{"not_picked":["Thunderclap","Intimidate"],"picked":"Heavy Blade","floor":18},{"not_picked":["Second Wind","Wild Strike"],"picked":"Headbutt","floor":27},{"not_picked":["Sword Boomerang","Warcry"],"picked":"Shrug It Off","floor":28},{"not_picked":["Searing Blow","Wild Strike"],"picked":"Dual Wield","floor":29}],"player_experience":64911,"potions_floor_usage":[10,14,16,18,27,28,33,33],"damage_taken":[{"damage":0,"enemies":"Small Slimes","floor":1,"turns":3},{"damage":5,"enemies":"Cultist","floor":3,"turns":4},{"damage":9,"enemies":"2 Louse","floor":4,"turns":3},{"damage":0,"enemies":"Large Slime","floor":7,"turns":4},{"damage":32,"enemies":"3 Sentries","floor":8,"turns":7},{"damage":0,"enemies":"3 Louse","floor":10,"turns":2},{"damage":6,"enemies":"Red Slaver","floor":14,"turns":4},{"damage":43,"enemies":"Hexaghost","floor":16,"turns":12},{"damage":25,"enemies":"2 Thieves","floor":18,"turns":5},{"damage":7,"enemies":"Chosen","floor":27,"turns":5},{"damage":31,"enemies":"Centurion and Healer","floor":28,"turns":4},{"damage":34,"enemies":"Chosen and Byrds","floor":29,"turns":6},{"damage":57,"enemies":"Champ","floor":33,"turns":10}],"event_choices":[{"event_name":"Golden Wing","player_choice":"Ignored","floor":2,"damage_taken":0},{"event_name":"Scrap Ooze","player_choice":"success","floor":5,"damage_taken":18},{"event_name":"World of Goop","player_choice":"Gather Gold","floor":13,"damage_taken":0},{"event_name":"The Mausoleum","player_choice":"Yes","floor":19,"damage_taken":0},{"event_name":"Ghosts","player_choice":"Ignored","floor":20,"damage_taken":0},{"event_name":"Purifier","player_choice":"One Purge","floor":22,"damage_taken":0},{"event_name":"The Lab","player_choice":"Got Potions","floor":24,"damage_taken":0},{"event_name":"Forgotten Altar","player_choice":"Shed Blood","floor":31,"damage_taken":0}],"boss_relics":[{"not_picked":["Philosopher\u0027s Stone","Lizard Tail"],"picked":"Astrolabe"}],"potions_floor_spawned":[3,7,10,16,27],"seed_played":"-1893972422909623371","killed_by":"Champ","ascension_level":0,"is_trial":false}