{"path_per_floor":["M","?","?","?","M","R","E","R","T","E","M","R","M","M","R","B",null,"M","M","$","M","M","R","?","M","T","R","$","R","E"],"character_chosen":"IRONCLAD","items_purchased":["Matryoshka","Girya","Iron Wave"],"gold_per_floor":[113,188,188,148,166,166,197,197,246,281,300,300,314,329,329,457,495,515,539,2,26,41,41,41,56,133,133,31,31,64],"floor_reached":31,"campfire_rested":0,"playtime":1089,"current_hp_per_floor":[80,69,69,69,74,74,74,74,74,74,74,74,74,74,74,47,79,79,48,48,18,25,25,25,34,34,34,34,34,30],"items_purged":["Strike_R"],"gold":64,"score":315,"play_id":"44ed01ad-699f-498e-952a-a577de90a111","is_prod":false,"is_daily":false,"is_ascension_mode":false,"campfire_upgraded":4,"path_taken":["M","?","?","?","M","R","E","R","T","E","M","R","M","M","R","BOSS","M","?","?","M","M","R","?","M","T","R","$","R","E","M"],"build_version":"2018-02-21-BETA5","purchased_purges":1,"victory":false,"master_deck":["Strike_R","Strike_R","Strike_R","Strike_R","Defend_R","Defend_R","Defend_R","Defend_R","Bash+1","Fiend Fire+1","Shrug It Off","Impervious","Wild Strike","Exhume","Sentinel+1","Perfected Strike+1","Clothesline+1","Immolate","Inflame","Inflame","Flame Barrier+1","Perfected Strike","Battle Trance","Spot Weakness","Iron Wave","Pommel Strike"],"max_hp_per_floor":[80,80,74,74,74,74,74,74,74,74,74,74,74,74,74,74,79,79,79,79,79,79,79,79,79,79,79,79,79,79],"relics":["Burning Blood","Golden Idol","Magic Flower","Bronze Scales","Shuriken","Tiny House","Matryoshka","Girya","Tiny Chest","Regal Pillow","Lantern"],"card_choices":[{"not_picked":["Headbutt","Dropkick"],"picked":"Shrug It Off"},{"not_picked":["Perfected Strike","Heavy Blade"],"picked":"Impervious"},{"not_picked":["Fiend Fire","Reckless Charge"],"picked":"Wild Strike"},{"not_picked":["Clothesline","Pommel Strike"],"picked":"Exhume"},{"not_picked":["Searing Blow","Anger"],"picked":"Sentinel"},{"not_picked":["Pommel Strike","Power Through"],"picked":"Perfected Strike"},{"not_picked":["Armaments","Anger"],"picked":"Clothesline"},{"not_picked":["Barricade","Limit Break"],"picked":"Immolate"},{"not_picked":["Body Slam","Power Through"],"picked":"Inflame"},{"not_picked":["Anger","Feel No Pain"],"picked":"Inflame"},{"not_picked":["Sword Boomerang","Armaments"],"picked":"Flame Barrier"},{"not_picked":["Power Through","Body Slam"],"picked":"Perfected Strike"},{"not_picked":["Headbutt","Evolve"],"picked":"Battle Trance"},{"not_picked":["Headbutt","Inflame"],"picked":"Spot Weakness"},{"not_picked":["Reaper","Anger"],"picked":"Pommel Strike"}],"player_experience":52531,"potions_floor_usage":[7,10,14,16,16,22,25,25],"damage_taken":[{"damage":1,"enemies":"Cultist","floor":1,"turns":3},{"damage":0,"enemies":"Small Slimes","floor":5,"turns":3},{"damage":0,"enemies":"Lagavulin","floor":7,"turns":2},{"damage":0,"enemies":"Gremlin Nob","floor":10,"turns":2},{"damage":0,"enemies":"2 Louse","floor":11,"turns":2},{"damage":8,"enemies":"Large Slime","floor":13,"turns":3},{"damage":0,"enemies":"Exordium Wildlife","floor":14,"turns":5},{"damage":36,"enemies":"Hexaghost","floor":16,"turns":8},{"damage":8,"enemies":"Chosen","floor":18,"turns":4},{"damage":40,"enemies":"2 Thieves","floor":19,"turns":3},{"damage":39,"enemies":"3 Cultists","floor":21,"turns":6},{"damage":27,"enemies":"Centurion and Healer","floor":22,"turns":8},{"damage":0,"enemies":"Snake Plant","floor":25,"turns":2},{"damage":13,"enemies":"Gremlin Leader","floor":30,"turns":7},{"damage":32,"enemies":"Slaver and Parasite","floor":31,"turns":5}],"event_choices":[{"event_name":"World of Goop","player_choice":"Gather Gold","floor":2,"damage_taken":0},{"event_name":"Golden Idol","player_choice":"Lose Max HP","floor":3,"damage_taken":0},{"event_name":"The Woman in Blue","player_choice":"Bought 3 Potions","floor":4,"damage_taken":0},{"event_name":"Addict","player_choice":"Ignored","floor":24,"damage_taken":0}],"boss_relics":[{"not_picked":["Question Card","Orrery"],"picked":"Tiny House"}],"potions_floor_spawned":[5,10,11,19,21,22],"seed_played":"-2637306275716943056","killed_by":"Slaver and Parasite","ascension_level":0,"is_trial":false}