{"gold_per_floor":[110,110,128,148,73,73,108,127,204,204,204,150,168,193,193,265,265,276,287,337,347,347,347,347,377,377,292,35,35,35],"floor_reached":30,"playtime":829,"items_purged":["Decay"],"score":612,"play_id":"e2ec3c7f-f039-4c6e-8440-2afa71cf6c79","local_time":"20181105233944","is_ascension_mode":true,"campfire_choices":[{"data":"Zap","floor":6.0,"key":"SMITH"},{"data":"Compile Driver","floor":10.0,"key":"SMITH"},{"data":"Cold Snap","floor":15.0,"key":"SMITH"},{"floor":23.0,"key":"REST"},{"floor":29,"key":"REST"}],"neow_cost":"NONE","seed_source_timestamp":225671610893482,"circlet_count":0,"master_deck":["AscendersBane","Strike_B","Strike_B","Strike_B","Strike_B","Defend_B","Defend_B","Defend_B","Defend_B","Zap+1","Dualcast","Glacier","Compile Driver+1","Rip and Tear","Cold Snap+1","Core Surge","White Noise","Doom and Gloom","Biased Cognition","Streamline+1","Ball Lightning+1","Conserve Battery","Conserve Battery","White Noise"],"special_seed":0,"relics":["Cracked Core","Nunchaku","Dodecahedron","CultistMask","Art of War","Velvet Choker","Turnip","Frozen Egg 2","DataDisk","ClockworkSouvenir"],"potions_floor_usage":[25,30],"damage_taken":[{"damage":9.0,"enemies":"2 Louse","floor":1.0,"turns":2.0},{"damage":0.0,"enemies":"Cultist","floor":3.0,"turns":4.0},{"damage":7.0,"enemies":"Jaw Worm","floor":4.0,"turns":3.0},{"damage":15.0,"enemies":"3 Sentries","floor":7.0,"turns":6.0},{"damage":1.0,"enemies":"2 Fungi Beasts","floor":8.0,"turns":3.0},{"damage":0.0,"enemies":"Exordium Thugs","floor":13.0,"turns":3.0},{"damage":11.0,"enemies":"Lagavulin","floor":14.0,"turns":8.0},{"damage":0.0,"enemies":"Slime Boss","floor":16.0,"turns":7.0},{"damage":1.0,"enemies":"Spheric Guardian","floor":18.0,"turns":3.0},{"damage":24.0,"enemies":"2 Thieves","floor":19.0,"turns":3.0},{"damage":14.0,"enemies":"Centurion and Healer","floor":21.0,"turns":7.0},{"damage":49,"enemies":"Book of Stabbing","floor":25,"turns":4},{"damage":38,"enemies":"Gremlin Leader","floor":30,"turns":5}],"seed_played":"7017037854820272990","potions_obtained":[{"floor":1.0,"key":"Regen Potion"},{"floor":3.0,"key":"Explosive Potion"},{"floor":7.0,"key":"Weak Potion"},{"floor":13.0,"key":"Explosive Potion"},{"floor":16.0,"key":"FearPotion"},{"floor":19.0,"key":"FearPotion"}],"is_trial":false,"path_per_floor":["M","?","M","M","$","R","E","M","T","R","?","$","M","E","E","R","B",null,"M","M","?","M","$","R","?","E","T","?","$","R","E"],"character_chosen":"DEFECT","items_purchased":["Fire Potion","ClockworkSouvenir","White Noise"],"campfire_rested":2,"item_purchase_floors":[12,28,28],"current_hp_per_floor":[62,62,62,55,55,55,55,54,54,54,54,54,54,43,43,43,69,68,44,44,30,30,53,53,4,4,4,4,27,0],"gold":35,"neow_bonus":"TEN_PERCENT_HP_BONUS","is_prod":false,"is_daily":false,"chose_seed":false,"campfire_upgraded":3,"win_rate":0,"timestamp":1541479184,"path_taken":["M","?","M","M","?","R","E","?","T","R","?","$","?","E","R","BOSS","M","M","?","M","$","R","?","E","T","?","?","R","E"],"build_version":"2018-11-02","purchased_purges":1,"victory":false,"max_hp_per_floor":[78,78,78,78,78,78,78,78,78,78,78,78,78,78,78,78,78,78,78,78,78,78,78,78,78,78,78,78,78,78],"card_choices":[{"not_picked":["Lockon","Cold Snap"],"picked":"Glacier","floor":1.0},{"not_picked":["Coolheaded","Hologram"],"picked":"Compile Driver","floor":3.0},{"not_picked":["Chaos","Scrape"],"picked":"Rip and Tear","floor":4.0},{"not_picked":["Leap","Compile Driver"],"picked":"Cold Snap","floor":7.0},{"not_picked":["Sweeping Beam","Hologram"],"picked":"Core Surge","floor":8.0},{"not_picked":["Capacitor","Aggregate"],"picked":"White Noise","floor":13.0},{"not_picked":["Rip and Tear","FTL"],"picked":"Doom and Gloom","floor":14.0},{"not_picked":["Reboot","Seek"],"picked":"Biased Cognition","floor":16.0},{"not_picked":["Hello World","Darkness"],"picked":"Streamline+1","floor":18.0},{"not_picked":["Barrage","Leap"],"picked":"Ball Lightning+1","floor":19.0},{"not_picked":["Cold Snap","Compile Driver"],"picked":"Conserve Battery","floor":21.0},{"not_picked":["Gash","Darkness"],"picked":"Conserve Battery","floor":25}],"player_experience":857284,"relics_obtained":[{"floor":7.0,"key":"Nunchaku"},{"floor":9.0,"key":"Dodecahedron"},{"floor":14.0,"key":"Art of War"},{"floor":25,"key":"Turnip"},{"floor":26,"key":"Frozen Egg 2"}],"event_choices":[{"damage_healed":0.0,"max_hp_gain":0.0,"max_hp_loss":0.0,"gold_gain":0.0,"event_name":"Wheel of Change","player_choice":"Cursed","floor":2.0,"gold_loss":0.0,"damage_taken":0.0,"cards_obtained":["Decay"]},{"damage_healed":0.0,"max_hp_gain":0.0,"max_hp_loss":0.0,"gold_gain":0.0,"event_name":"FaceTrader","player_choice":"Trade","floor":11.0,"gold_loss":0.0,"damage_taken":0.0,"relics_obtained":["CultistMask"]},{"damage_healed":0.0,"max_hp_gain":0.0,"max_hp_loss":0.0,"gold_gain":50.0,"event_name":"Nest","player_choice":"Stole From Cult","floor":20.0,"gold_loss":0.0,"damage_taken":0.0},{"damage_healed":0.0,"max_hp_gain":0.0,"max_hp_loss":0.0,"gold_gain":0.0,"event_name":"Ghosts","player_choice":"Ignored","floor":24.0,"gold_loss":0.0,"damage_taken":0.0},{"damage_healed":0,"gold_gain":0,"player_choice":"Obtained Relic","damage_taken":0,"relics_obtained":["DataDisk"],"max_hp_gain":0,"max_hp_loss":0,"event_name":"Addict","floor":27,"gold_loss":85}],"is_beta":true,"boss_relics":[{"not_picked":["Philosopher\u0027s Stone","Runic Pyramid"],"picked":"Velvet Choker"}],"items_purged_floors":[5],"is_endless":false,"potions_floor_spawned":[1,3,7,13,16,18,19],"killed_by":"Gremlin Leader","ascension_level":20}