{"gold_per_floor":[113,128,139,64,84,84,84,102,102,127,127,160,160,178,178,252,252,266,181,181,201,251,251,278,288,312,312,38,50,66,96,96,96],"floor_reached":33,"playtime":1482,"items_purged":[],"score":594,"play_id":"8b4ba4b5-3454-49ef-9812-29b06acd7648","local_time":"20190322185914","is_ascension_mode":true,"campfire_choices":[{"data":"Bash","floor":6.0,"key":"SMITH"},{"floor":11.0,"key":"REST"},{"data":"Clothesline","floor":13.0,"key":"SMITH"},{"data":"True Grit","floor":15.0,"key":"SMITH"},{"data":"Flame Barrier","floor":23.0,"key":"SMITH"},{"floor":27,"key":"REST"},{"data":"Headbutt","floor":32,"key":"SMITH"}],"neow_cost":"CURSE","seed_source_timestamp":829044229314763,"circlet_count":0,"master_deck":["AscendersBane","Strike_R","Strike_R","Strike_R","Strike_R","Strike_R","Defend_R","Defend_R","Defend_R","Defend_R+1","Bash+1","Cleave+1","Headbutt+1","Shrug It Off","Clothesline+1","Rage","Limit Break","True Grit+1","Fiend Fire","True Grit+1","Writhe","Flame Barrier+1","Shrug It Off","Feel No Pain","Feel No Pain","Offering"],"special_seed":0,"relics":["Burning Blood","Magic Flower","Nunchaku","Thread and Needle","FossilizedHelix","Velvet Choker","War Paint","Omamori","Paper Frog","Blood Vial","Kunai","The Courier"],"potions_floor_usage":[24,31,33],"damage_taken":[{"damage":0.0,"enemies":"2 Louse","floor":1.0,"turns":3.0},{"damage":11.0,"enemies":"Jaw Worm","floor":2.0,"turns":3.0},{"damage":3.0,"enemies":"Cultist","floor":3.0,"turns":3.0},{"damage":23.0,"enemies":"Exordium Thugs","floor":5.0,"turns":4.0},{"damage":0.0,"enemies":"2 Fungi Beasts","floor":8.0,"turns":3.0},{"damage":56.0,"enemies":"Gremlin Nob","floor":10.0,"turns":5.0},{"damage":25.0,"enemies":"Lagavulin","floor":12.0,"turns":5.0},{"damage":0.0,"enemies":"Blue Slaver","floor":14.0,"turns":4.0},{"damage":14.0,"enemies":"Slime Boss","floor":16.0,"turns":7.0},{"damage":13.0,"enemies":"2 Thieves","floor":18.0,"turns":5.0},{"damage":18.0,"enemies":"3 Byrds","floor":21.0,"turns":8.0},{"damage":17,"enemies":"Book of Stabbing","floor":24,"turns":6},{"damage":12,"enemies":"Snecko","floor":25,"turns":8},{"damage":0,"enemies":"Snake Plant","floor":29,"turns":4},{"damage":0,"enemies":"Shelled Parasite and Fungi","floor":30,"turns":7},{"damage":43,"enemies":"Slavers","floor":31,"turns":10},{"damage":43,"enemies":"Champ","floor":33,"turns":15}],"seed_played":"6573720391678061459","potions_obtained":[{"floor":2.0,"key":"Poison Potion"},{"floor":10.0,"key":"SteroidPotion"},{"floor":12.0,"key":"Fire Potion"},{"floor":14.0,"key":"FearPotion"},{"floor":16.0,"key":"Strength Potion"},{"floor":29,"key":"Poison Potion"},{"floor":30,"key":"Strength Potion"},{"floor":31,"key":"Regen Potion"}],"is_trial":false,"path_per_floor":["M","M","M","?","M","R","?","M","T","E","R","E","R","M","R","B",null,"M","?","?","M","?","R","E","M","T","R","$","M","M","E","R","B"],"character_chosen":"IRONCLAD","items_purchased":["Kunai"],"campfire_rested":2,"item_purchase_floors":[28],"current_hp_per_floor":[75,73,75,75,61,61,61,70,70,23,45,29,29,38,38,33,65,61,61,61,52,52,52,44,41,41,63,63,75,75,41,41,25],"gold":96,"neow_bonus":"ONE_RARE_RELIC","is_prod":false,"is_daily":false,"chose_seed":false,"campfire_upgraded":5,"win_rate":0,"timestamp":1553295554,"path_taken":["M","M","M","?","M","R","?","M","T","E","R","E","R","M","R","BOSS","M","?","?","?","?","R","E","?","T","R","?","M","?","E","R","BOSS"],"build_version":"2019-03-15","purchased_purges":0,"victory":false,"max_hp_per_floor":[75,75,75,75,75,75,75,75,75,75,75,75,75,75,75,75,75,75,75,75,75,75,75,75,75,75,75,75,75,75,75,75,75],"card_choices":[{"not_picked":["Pummel","Body Slam"],"picked":"Cleave","floor":1.0},{"not_picked":["Shrug It Off","Fire Breathing"],"picked":"Headbutt","floor":2.0},{"not_picked":["Clash","Corruption"],"picked":"Shrug It Off","floor":3.0},{"not_picked":["Entrench","Twin Strike"],"picked":"Clothesline","floor":5.0},{"not_picked":["Second Wind","Dropkick"],"picked":"Rage","floor":8.0},{"not_picked":["Iron Wave","Pommel Strike","Headbutt"],"picked":"SKIP","floor":10.0},{"not_picked":["Corruption","Carnage"],"picked":"Limit Break","floor":12.0},{"not_picked":["Thunderclap","Cleave"],"picked":"True Grit","floor":14.0},{"not_picked":["Demon Form","Limit Break"],"picked":"Fiend Fire","floor":16.0},{"not_picked":["Perfected Strike","Carnage"],"picked":"True Grit","floor":18.0},{"not_picked":["Body Slam","Second Wind"],"picked":"Flame Barrier","floor":21.0},{"not_picked":["Wild Strike","Anger"],"picked":"Shrug It Off","floor":24},{"not_picked":["Body Slam+1","Iron Wave","Clothesline"],"picked":"SKIP","floor":25},{"not_picked":["Power Through","Berserk"],"picked":"Feel No Pain","floor":29},{"not_picked":["Headbutt","Clothesline"],"picked":"Feel No Pain","floor":30},{"not_picked":["Havoc+1","True Grit"],"picked":"Offering","floor":31}],"player_experience":1186899,"relics_obtained":[{"floor":9.0,"key":"Nunchaku"},{"floor":10.0,"key":"Thread and Needle"},{"floor":12.0,"key":"FossilizedHelix"},{"floor":24,"key":"Paper Frog"},{"floor":26,"key":"Blood Vial"},{"floor":31,"key":"The Courier"}],"event_choices":[{"cards_removed":["Decay"],"damage_healed":0.0,"max_hp_gain":0.0,"max_hp_loss":0.0,"gold_gain":0.0,"event_name":"The Cleric","player_choice":"Card Removal","floor":4.0,"gold_loss":75.0,"damage_taken":0.0},{"damage_healed":0.0,"max_hp_gain":0.0,"max_hp_loss":0.0,"gold_gain":0.0,"event_name":"Living Wall","player_choice":"Grow","floor":7.0,"gold_loss":0.0,"damage_taken":0.0,"cards_upgraded":["Cleave"]},{"damage_healed":0.0,"max_hp_gain":0.0,"max_hp_loss":0.0,"gold_gain":0.0,"event_name":"Addict","player_choice":"Obtained Relic","floor":19.0,"gold_loss":85.0,"damage_taken":0.0,"relics_obtained":["War Paint"]},{"damage_healed":0.0,"max_hp_gain":0.0,"max_hp_loss":0.0,"gold_gain":0.0,"event_name":"The Mausoleum","player_choice":"Opened","floor":20.0,"gold_loss":0.0,"damage_taken":0.0,"relics_obtained":["Omamori"],"cards_obtained":["Writhe"]},{"damage_healed":0.0,"max_hp_gain":0.0,"max_hp_loss":0.0,"gold_gain":100.0,"event_name":"The Joust","player_choice":"Bet on Murderer","floor":22.0,"gold_loss":50.0,"damage_taken":0.0}],"is_beta":true,"boss_relics":[{"not_picked":["Pandora\u0027s Box","Sozu"],"picked":"Velvet Choker"}],"items_purged_floors":[],"is_endless":false,"potions_floor_spawned":[2,10,12,14,16,18,21,29,30,31],"killed_by":"Champ","ascension_level":20}