{"gold_per_floor":[118,118,118,138,161,196,209,10,10,33,51,87,87,106,106,235,235,250,375,398,12,25,25,25],"floor_reached":24,"playtime":1110,"items_purged":[],"score":210,"play_id":"cd39bc81-ace2-4bae-9735-74d116d5a305","local_time":"20181031234336","is_ascension_mode":false,"campfire_choices":[{"floor":15,"key":"REST"},{"floor":23,"key":"REST"}],"neow_cost":"NONE","seed_source_timestamp":711618192336238,"circlet_count":0,"master_deck":["Strike_B","Strike_B","Strike_B+1","Strike_B","Defend_B","Defend_B","Defend_B","Defend_B","Zap","Dualcast","Rip and Tear+1","White Noise","Rebound","Gash","Gash+1","Melter","Ball Lightning","Redo","Electrodynamics","Fusion+1","Rebound"],"relics":["Cracked Core","NeowsBlessing","Golden Idol","Lantern","Whetstone","Dream Catcher","Pear","Lizard Tail","Torii","Bottled Tornado","PreservedInsect","MealTicket"],"potions_floor_usage":[6,11,12,16,22],"damage_taken":[{"damage":0,"enemies":"2 Louse","floor":1,"turns":1},{"damage":0,"enemies":"Jaw Worm","floor":4,"turns":1},{"damage":0,"enemies":"Small Slimes","floor":5,"turns":1},{"damage":14,"enemies":"Lagavulin","floor":6,"turns":6},{"damage":10,"enemies":"Exordium Thugs","floor":7,"turns":3},{"damage":8,"enemies":"Red Slaver","floor":10,"turns":2},{"damage":0,"enemies":"Large Slime","floor":11,"turns":3},{"damage":8,"enemies":"Gremlin Nob","floor":12,"turns":3},{"damage":9,"enemies":"2 Fungi Beasts","floor":14,"turns":2},{"damage":22,"enemies":"The Guardian","floor":16,"turns":7},{"damage":5,"enemies":"Chosen","floor":18,"turns":3},{"damage":29,"enemies":"Colosseum Slavers","floor":19,"turns":4},{"damage":44,"enemies":"Colosseum Nobs","floor":19,"turns":4},{"damage":13,"enemies":"Shell Parasite","floor":20,"turns":3},{"damage":30,"enemies":"Snecko","floor":22,"turns":4},{"damage":36,"enemies":"Gremlin Leader","floor":24,"turns":3}],"seed_played":"-8967987663409148335","potions_obtained":[{"floor":1,"key":"SkillPotion"},{"floor":5,"key":"Strength Potion"},{"floor":7,"key":"Swift Potion"},{"floor":14,"key":"PowerPotion"},{"floor":22,"key":"SmokeBomb"}],"is_trial":false,"path_per_floor":["M","?","?","M","M","E","M","$","T","M","M","E","?","M","R","B",null,"M","?","M","$","M","R"],"character_chosen":"DEFECT","items_purchased":["Gash","Whetstone","PreservedInsect","MealTicket","Fire Potion"],"campfire_rested":2,"item_purchase_floors":[8,8,21,21,21],"current_hp_per_floor":[75,75,57,57,57,43,33,33,33,25,25,27,27,18,43,21,85,80,7,36,36,6,31,0],"gold":25,"neow_bonus":"THREE_ENEMY_KILL","is_prod":false,"is_daily":false,"chose_seed":true,"campfire_upgraded":0,"win_rate":0.0,"timestamp":1541054616,"path_taken":["M","?","?","M","M","E","?","?","T","M","M","E","?","?","R","BOSS","M","?","M","$","M","R","E"],"build_version":"2018-10-25v2","purchased_purges":0,"victory":false,"max_hp_per_floor":[75,75,75,75,75,75,75,75,75,75,75,85,85,85,85,85,85,85,85,85,85,85,85,85],"card_choices":[{"not_picked":["Double Energy","Streamline"],"picked":"Rip and Tear","floor":1},{"not_picked":["Glacier","Cold Snap","Barrage"],"picked":"SKIP","floor":4},{"not_picked":["Leap","Redo"],"picked":"White Noise","floor":5},{"not_picked":["Ball Lightning","Steam"],"picked":"Rebound","floor":6},{"not_picked":["Heatsinks","Doom and Gloom"],"picked":"Gash","floor":7},{"not_picked":["Leap","Chaos"],"picked":"Melter","floor":10},{"not_picked":["Fission","Sweeping Beam"],"picked":"Ball Lightning","floor":11},{"not_picked":["Steam","Leap"],"picked":"Redo","floor":12},{"not_picked":["Hologram","Leap","Core Surge"],"picked":"SKIP","floor":14},{"not_picked":["Multi-Cast","All For One"],"picked":"Electrodynamics","floor":16},{"not_picked":["Leap","Darkness"],"picked":"Fusion+1","floor":18},{"not_picked":["Barrage+1","Heatsinks"],"picked":"Rebound","floor":19},{"not_picked":["Blizzard","Scrape","Recycle"],"picked":"SKIP","floor":20},{"not_picked":["Conserve Battery","Sweeping Beam","Streamline+1"],"picked":"SKIP","floor":22}],"player_experience":184476,"relics_obtained":[{"floor":6,"key":"Lantern"},{"floor":9,"key":"Dream Catcher"},{"floor":12,"key":"Pear"},{"floor":19,"key":"Torii"},{"floor":19,"key":"Bottled Tornado"}],"event_choices":[{"damage_healed":0,"gold_gain":0,"player_choice":"Grow","damage_taken":0,"max_hp_gain":0,"max_hp_loss":0,"event_name":"Living Wall","floor":2,"gold_loss":0,"cards_upgraded":["Rip and Tear"]},{"damage_healed":0,"gold_gain":0,"player_choice":"Take Damage","damage_taken":18,"relics_obtained":["Golden Idol"],"max_hp_gain":0,"max_hp_loss":0,"event_name":"Golden Idol","floor":3,"gold_loss":0},{"damage_healed":0,"gold_gain":0,"player_choice":"Ignored","damage_taken":0,"max_hp_gain":0,"max_hp_loss":0,"event_name":"Liars Game","floor":13,"gold_loss":0},{"damage_healed":0,"gold_gain":0,"player_choice":"Fight","damage_taken":0,"max_hp_gain":0,"max_hp_loss":0,"event_name":"Colosseum","floor":19,"gold_loss":0},{"damage_healed":0,"gold_gain":0,"player_choice":"Fought Nobs","damage_taken":0,"max_hp_gain":0,"max_hp_loss":0,"event_name":"Colosseum","floor":19,"gold_loss":0}],"is_beta":false,"boss_relics":[{"not_picked":["Orrery","Runic Pyramid"],"picked":"Lizard Tail"}],"items_purged_floors":[],"is_endless":false,"potions_floor_spawned":[1,5,7,14,22],"killed_by":"Gremlin Leader","ascension_level":0}