{"gold_per_floor":[19,30,30,30,45,45,79,79,159,159,169,179,179,204,204,277,277,288,288,302,316,13,13,39,39,64,64,98,115,132,27,27,27],"floor_reached":33,"playtime":2120,"items_purged":["Strike_R+1"],"score":625,"play_id":"a434184e-44c7-42b6-9035-25f183ba2cf4","local_time":"20190320101257","is_ascension_mode":true,"campfire_choices":[{"data":"True Grit","floor":6,"key":"SMITH"},{"data":"Whirlwind","floor":8,"key":"SMITH"},{"floor":10,"key":"REST"},{"data":"Shrug It Off","floor":13,"key":"SMITH"},{"data":"Bludgeon","floor":15,"key":"SMITH"},{"data":"Feed","floor":23,"key":"SMITH"},{"data":"RitualDagger","floor":27,"key":"SMITH"},{"floor":32,"key":"REST"}],"neow_cost":"NO_GOLD","seed_source_timestamp":57676191223458,"circlet_count":0,"master_deck":["AscendersBane","Strike_R+1","Strike_R+1","Defend_R+1","Defend_R+1","Defend_R+1","Defend_R+1","Bash+1","Headbutt","Battle Trance","True Grit+1","Whirlwind+1","Shrug It Off+1","Seeing Red","Bludgeon+1","Feed+1","Thunderclap","Ghostly Armor","Inflame","RitualDagger+1","Warcry+1"],"relics":["Burning Blood","Nunchaku","Anchor","Pear","Happy Flower","Empty Cage","Lee\u0027s Waffle","Smiling Mask","Bag of Marbles","Regal Pillow"],"potions_floor_usage":[5,12,14,20,21,28,33,33],"damage_taken":[{"damage":19,"enemies":"Small Slimes","floor":1,"turns":4},{"damage":1,"enemies":"Cultist","floor":2,"turns":3},{"damage":0,"enemies":"Jaw Worm","floor":5,"turns":2},{"damage":38,"enemies":"3 Sentries","floor":7,"turns":11},{"damage":3,"enemies":"Blue Slaver","floor":11,"turns":4},{"damage":0,"enemies":"3 Louse","floor":12,"turns":2},{"damage":32,"enemies":"Gremlin Nob","floor":14,"turns":4},{"damage":47,"enemies":"Slime Boss","floor":16,"turns":11},{"damage":23,"enemies":"Spheric Guardian","floor":18,"turns":5},{"damage":14,"enemies":"3 Byrds","floor":20,"turns":5},{"damage":31,"enemies":"Cultist and Chosen","floor":21,"turns":6},{"damage":33,"enemies":"Gremlin Leader","floor":24,"turns":6},{"damage":26,"enemies":"Slavers","floor":28,"turns":7},{"damage":6,"enemies":"Centurion and Healer","floor":29,"turns":6},{"damage":22,"enemies":"Sentry and Sphere","floor":30,"turns":11},{"damage":115,"enemies":"Champ","floor":33,"turns":12}],"seed_played":"-8316332921072681563","potions_obtained":[{"floor":1,"key":"Swift Potion"},{"floor":4,"key":"Block Potion"},{"floor":4,"key":"Block Potion"},{"floor":5,"key":"FearPotion"},{"floor":14,"key":"SpeedPotion"},{"floor":18,"key":"Fire Potion"},{"floor":21,"key":"GamblersBrew"},{"floor":30,"key":"FearPotion"}],"is_trial":false,"path_per_floor":["M","M","?","?","M","R","E","R","T","R","M","M","R","E","R","B",null,"M","?","M","M","$","R","E","?","T","R","E","M","M","$","R","B"],"character_chosen":"IRONCLAD","items_purchased":["Lee\u0027s Waffle","Inflame","SkillPotion"],"campfire_rested":2,"item_purchase_floors":[22,22,31],"current_hp_per_floor":[55,60,60,60,66,66,34,34,44,69,72,78,78,52,52,11,67,50,50,45,23,98,98,75,69,69,69,53,57,45,45,94,0],"gold":27,"neow_bonus":"ONE_RARE_RELIC","is_prod":false,"is_daily":false,"chose_seed":false,"campfire_upgraded":6,"win_rate":0,"timestamp":1553091177,"path_taken":["M","M","?","?","M","R","E","R","T","R","?","M","R","E","R","BOSS","M","?","M","M","$","R","E","?","T","R","E","M","M","?","R","BOSS"],"build_version":"2019-03-15","purchased_purges":1,"victory":false,"max_hp_per_floor":[75,75,75,75,75,75,75,75,85,85,85,85,85,85,85,85,85,85,85,88,91,98,98,102,102,102,102,106,110,114,114,114,114],"card_choices":[{"not_picked":["Rage","Thunderclap"],"picked":"Headbutt","floor":1},{"not_picked":["Pommel Strike","Twin Strike"],"picked":"Battle Trance","floor":2},{"not_picked":["Flex","Twin Strike"],"picked":"True Grit","floor":5},{"not_picked":["Flex","Havoc"],"picked":"Whirlwind","floor":7},{"not_picked":["Wild Strike","Ghostly Armor"],"picked":"Shrug It Off","floor":11},{"not_picked":["Sentinel","Cleave"],"picked":"Seeing Red","floor":12},{"not_picked":["Burning Pact","Combust"],"picked":"Bludgeon","floor":14},{"not_picked":["Barricade","Berserk"],"picked":"Feed","floor":16},{"not_picked":["Wild Strike","Hemokinesis","Havoc"],"picked":"SKIP","floor":18},{"not_picked":["Battle Trance","Rupture"],"picked":"Thunderclap","floor":20},{"not_picked":["Rage","True Grit"],"picked":"Ghostly Armor","floor":21},{"not_picked":["Thunderclap","Burning Pact","Rage"],"picked":"SKIP","floor":24},{"not_picked":["Thunderclap","Berserk","Twin Strike"],"picked":"SKIP","floor":28},{"not_picked":["Wild Strike","Body Slam","Twin Strike+1"],"picked":"SKIP","floor":29},{"not_picked":["Seeing Red","Heavy Blade+1"],"picked":"Warcry+1","floor":30}],"player_experience":594247,"relics_obtained":[{"floor":7,"key":"Anchor"},{"floor":9,"key":"Pear"},{"floor":14,"key":"Happy Flower"},{"floor":24,"key":"Smiling Mask"},{"floor":26,"key":"Bag of Marbles"},{"floor":28,"key":"Regal Pillow"}],"event_choices":[{"damage_healed":0,"gold_gain":0,"player_choice":"Grow","damage_taken":0,"max_hp_gain":0,"max_hp_loss":0,"event_name":"Living Wall","floor":3,"gold_loss":0,"cards_upgraded":["Bash"]},{"damage_healed":0,"gold_gain":0,"player_choice":"Got Potions","damage_taken":0,"max_hp_gain":0,"max_hp_loss":0,"event_name":"Lab","floor":4,"gold_loss":0},{"damage_healed":0,"gold_gain":0,"player_choice":"Simplicity","damage_taken":0,"max_hp_gain":0,"max_hp_loss":0,"event_name":"Back to Basics","floor":19,"gold_loss":0,"cards_upgraded":["Strike_R","Strike_R","Strike_R","Defend_R","Defend_R","Defend_R","Defend_R"]},{"damage_healed":0,"gold_gain":0,"player_choice":"Joined the Cult","damage_taken":6,"max_hp_gain":0,"max_hp_loss":0,"event_name":"Nest","floor":25,"gold_loss":0,"cards_obtained":["RitualDagger"]}],"is_beta":true,"boss_relics":[{"not_picked":["Pandora\u0027s Box","Black Blood"],"picked":"Empty Cage"}],"items_purged_floors":[31],"is_endless":false,"potions_floor_spawned":[1,5,7,14,18,21,30],"killed_by":"Champ","ascension_level":19}