{"path_per_floor":["M","?","$","?","$","E","R","E","T","R","M","M","$","M","R","B",null,"M","M","?","$","M","R","$","R","T","?","?"],"character_chosen":"THE_SILENT","items_purchased":["Well Laid Plans","Catalyst","Accuracy","Ninja Scroll"],"gold_per_floor":[110,110,33,33,33,65,65,90,90,90,107,119,14,32,32,135,135,148,165,265,15,28,28,28,28,28,28,28,28],"floor_reached":29,"campfire_rested":1,"playtime":712,"current_hp_per_floor":[70,70,70,75,75,75,75,75,89,89,89,87,87,79,79,81,89,89,62,62,62,32,58,58,58,58,58,41,0],"items_purged":[],"gold":28,"score":329,"play_id":"92ea61fb-13f0-486d-b5dc-3dab460801ac","local_time":"20180331183708","is_prod":false,"is_daily":false,"is_ascension_mode":false,"campfire_upgraded":4,"timestamp":1522546628,"path_taken":["M","?","?","?","$","E","R","E","T","R","M","M","$","M","R","BOSS","M","M","?","$","M","R","$","R","T","?","?","E"],"build_version":"2018-03-29v2","purchased_purges":0,"victory":false,"master_deck":["Defend_G","Defend_G","Defend_G","Defend_G","Defend_G","Strike_G","Strike_G","Strike_G","Strike_G","Strike_G","Survivor","Neutralize+1","Dagger Spray","Well Laid Plans","Catalyst+1","Blade Dance+1","Bouncing Flask+1","Concentrate","Catalyst","Accuracy+1","Deflect","Burst","Poisoned Stab+1","Deflect+1","Predator"],"max_hp_per_floor":[70,70,70,75,75,75,75,75,89,89,89,89,89,89,89,89,89,89,89,89,89,89,89,89,89,89,89,94,94],"relics":["Ring of the Snake","NeowsBlessing","Blood Vial","Lantern","Mango","Runic Pyramid","Ninja Scroll","Dodecahedron"],"card_choices":[{"not_picked":["Underhanded Strike","Prepared"],"picked":"Dagger Spray","floor":1},{"not_picked":["Dash","Underhanded Strike"],"picked":"Catalyst","floor":6},{"not_picked":["Terror","Eviscerate"],"picked":"Blade Dance","floor":8},{"not_picked":["Burst","Quick Slash"],"picked":"Bouncing Flask","floor":11},{"not_picked":["Dagger Throw","Blur"],"picked":"Concentrate","floor":12},{"not_picked":["Leg Sweep","PiercingWail"],"picked":"Deflect","floor":14},{"not_picked":["Unload","Grand Finale"],"picked":"Burst","floor":16},{"not_picked":["Footwork","Cloak And Dagger"],"picked":"Poisoned Stab","floor":18},{"not_picked":["Sucker Punch","Cloak And Dagger"],"picked":"Deflect","floor":19},{"not_picked":["Flechettes","Prepared"],"picked":"Predator","floor":22}],"player_experience":77108,"potions_floor_usage":[16,16,19,22],"damage_taken":[{"damage":0,"enemies":"Jaw Worm","floor":1,"turns":1},{"damage":0,"enemies":"Gremlin Nob","floor":6,"turns":1},{"damage":0,"enemies":"Lagavulin","floor":8,"turns":1},{"damage":0,"enemies":"Cultist","floor":11,"turns":3},{"damage":2,"enemies":"2 Louse","floor":12,"turns":2},{"damage":10,"enemies":"Looter","floor":14,"turns":3},{"damage":6,"enemies":"The Guardian","floor":16,"turns":5},{"damage":0,"enemies":"Shell Parasite","floor":18,"turns":3},{"damage":27,"enemies":"2 Thieves","floor":19,"turns":4},{"damage":32,"enemies":"Centurion and Healer","floor":22,"turns":6},{"damage":44,"enemies":"Slavers","floor":29,"turns":2}],"event_choices":[{"event_name":"Living Wall","player_choice":"Grow","floor":2,"damage_taken":0},{"event_name":"Big Fish","player_choice":"Donut","floor":4,"damage_taken":0},{"event_name":"Golden Shrine","player_choice":"Pray","floor":20,"damage_taken":0},{"event_name":"Beggar","player_choice":"Ignored","floor":27,"damage_taken":0},{"event_name":"Forgotten Altar","player_choice":"Shed Blood","floor":28,"damage_taken":0}],"boss_relics":[{"not_picked":["Sozu","Philosopher\u0027s Stone"],"picked":"Runic Pyramid"}],"potions_floor_spawned":[8,12,14,18],"seed_played":"-8855936337530563490","killed_by":"Slavers","ascension_level":0,"is_trial":false}