{"gold_per_floor":[111,111,8,8,8,8,44,44,44,69,69,69,69,84,84,84],"floor_reached":16,"playtime":354,"items_purged":[],"score":96,"play_id":"3d643099-7b63-41cc-9740-d83314603eb4","local_time":"20190203045513","is_ascension_mode":false,"campfire_choices":[{"data":"Exhume","floor":6,"key":"SMITH"},{"floor":8,"key":"REST"},{"floor":13,"key":"REST"},{"data":"Clothesline","floor":15,"key":"SMITH"}],"neow_cost":"NONE","seed_source_timestamp":597668827419654,"circlet_count":0,"master_deck":["Strike_R","Strike_R","Strike_R","Defend_R","Defend_R","Defend_R","Defend_R","Bash","Spot Weakness","Spot Weakness","Clothesline+1","Exhume+1","Decay"],"relics":["Burning Blood","Juzu Bracelet","Golden Idol","Shuriken","Matryoshka"],"potions_floor_usage":[7],"damage_taken":[{"damage":13,"enemies":"Cultist","floor":1,"turns":5},{"damage":57,"enemies":"3 Sentries","floor":7,"turns":9},{"damage":13,"enemies":"Jaw Worm","floor":10,"turns":3},{"damage":3,"enemies":"Small Slimes","floor":14,"turns":4},{"damage":55,"enemies":"The Guardian","floor":16,"turns":6}],"seed_played":"-6736263772540573917","potions_obtained":[{"floor":1,"key":"BloodPotion"}],"is_trial":false,"path_per_floor":["M","?","$","?","?","R","E","R","T","M","?","$","R","M","R","B"],"character_chosen":"IRONCLAD","items_purchased":["Spot Weakness","Clothesline"],"campfire_rested":2,"item_purchase_floors":[3,3],"current_hp_per_floor":[73,73,73,53,53,53,10,34,34,27,27,27,51,54,54,0],"gold":84,"neow_bonus":"RANDOM_COMMON_RELIC","is_prod":false,"is_daily":false,"chose_seed":false,"campfire_upgraded":2,"win_rate":0,"timestamp":1549198513,"path_taken":["M","?","?","?","?","R","E","R","T","M","?","?","R","M","R","BOSS"],"build_version":"2019-01-23","purchased_purges":0,"victory":false,"max_hp_per_floor":[80,80,80,80,80,80,80,80,80,80,80,80,80,80,80,80],"card_choices":[{"not_picked":["Disarm","Sentinel"],"picked":"Spot Weakness","floor":1},{"not_picked":["Second Wind","Bloodletting","Perfected Strike"],"picked":"SKIP","floor":7},{"not_picked":["Corruption","Body Slam","True Grit"],"picked":"SKIP","floor":10},{"not_picked":["Ghostly Armor","Rage","Sentinel"],"picked":"SKIP","floor":14}],"player_experience":235357,"relics_obtained":[{"floor":7,"key":"Shuriken"},{"floor":9,"key":"Matryoshka"}],"event_choices":[{"cards_removed":["Strike_R"],"damage_healed":0,"gold_gain":0,"player_choice":"Purged","damage_taken":0,"max_hp_gain":0,"max_hp_loss":0,"event_name":"Purifier","floor":2,"gold_loss":0},{"damage_healed":0,"gold_gain":0,"player_choice":"Take Damage","damage_taken":20,"relics_obtained":["Golden Idol"],"max_hp_gain":0,"max_hp_loss":0,"event_name":"Golden Idol","floor":4,"gold_loss":0},{"damage_healed":0,"gold_gain":0,"cards_transformed":["Strike_R"],"player_choice":"Transformed","damage_taken":0,"max_hp_gain":0,"max_hp_loss":0,"event_name":"Transmorgrifier","floor":5,"gold_loss":0,"cards_obtained":["Exhume"]},{"damage_healed":0,"gold_gain":0,"player_choice":"Cursed","damage_taken":0,"max_hp_gain":0,"max_hp_loss":0,"event_name":"Wheel of Change","floor":11,"gold_loss":0,"cards_obtained":["Decay"]}],"is_beta":false,"boss_relics":[],"items_purged_floors":[],"is_endless":false,"potions_floor_spawned":[1],"killed_by":"The Guardian","ascension_level":0}