{"gold_per_floor":[110,110,122,122,272,272,272,303,303,403,446,283,321,340,340,438,438,451,466,93,8,26,26,26,64,89,89,112,132,132,146,146,240,240,254,529,356,41,64,64,84,125,125,145,145,185,185,185,185,185],"floor_reached":50,"playtime":2473,"items_purged":["Doubt","Strike_G"],"score":1347,"play_id":"76b74f22-1074-4558-9b92-db4fbe962951","local_time":"20190315103619","is_ascension_mode":true,"campfire_choices":[{"data":"Bouncing Flask","floor":6,"key":"SMITH"},{"data":"Noxious Fumes","floor":15,"key":"SMITH"},{"data":"Noxious Fumes","floor":23,"key":"SMITH"},{"data":"Calculated Gamble","floor":27,"key":"SMITH"},{"data":"Catalyst","floor":30,"key":"SMITH"},{"floor":32,"key":"REST"},{"data":"Catalyst","floor":40,"key":"SMITH"},{"floor":47,"key":"REST"},{"floor":49,"key":"RECALL"}],"neow_cost":"NONE","seed_source_timestamp":193157886970207,"circlet_count":0,"master_deck":["AscendersBane","Defend_G+1","Defend_G+1","Defend_G+1","Defend_G+1","Defend_G+1","Strike_G+1","Strike_G+1","Strike_G+1","Survivor","Neutralize","Bouncing Flask+1","Crippling Poison","Deflect","Calculated Gamble+1","Noxious Fumes+1","Backflip","Noxious Fumes+1","Venomology","Blur","Dagger Spray+1","Dash+1","Predator+1","Catalyst+1","Catalyst+1","Backflip+1","Caltrops","Catalyst","Well Laid Plans","Corpse Explosion"],"relics":["Ring of the Snake","NeowsBlessing","Golden Idol","Molten Egg 2","Art of War","Strawberry","Potion Belt","Snecko Eye","Paper Crane","StoneCalendar","Snake Skull","Omamori","Orrery","Centennial Puzzle","TwistedFunnel","Bottled Tornado","Bag of Preparation"],"potions_floor_usage":[13,16,19,25,25,29,31,33,39,42,44,46,50,50,50,50],"damage_taken":[{"damage":0,"enemies":"Jaw Worm","floor":1,"turns":1},{"damage":0,"enemies":"Cultist","floor":3,"turns":1},{"damage":0,"enemies":"Lagavulin","floor":8,"turns":1},{"damage":25,"enemies":"3 Sentries","floor":11,"turns":15},{"damage":13,"enemies":"Lagavulin","floor":13,"turns":6},{"damage":0,"enemies":"2 Louse","floor":14,"turns":2},{"damage":1,"enemies":"Hexaghost","floor":16,"turns":7},{"damage":7,"enemies":"Chosen","floor":18,"turns":6},{"damage":14,"enemies":"2 Thieves","floor":19,"turns":4},{"damage":0,"enemies":"Shelled Parasite and Fungi","floor":22,"turns":4},{"damage":9,"enemies":"Slavers","floor":25,"turns":4},{"damage":0,"enemies":"Snake Plant","floor":28,"turns":4},{"damage":8,"enemies":"Centurion and Healer","floor":29,"turns":5},{"damage":19,"enemies":"Shelled Parasite and Fungi","floor":31,"turns":6},{"damage":0,"enemies":"Collector","floor":33,"turns":6},{"damage":1,"enemies":"3 Shapes","floor":35,"turns":3},{"damage":4,"enemies":"3 Darklings","floor":39,"turns":3},{"damage":0,"enemies":"Spire Growth","floor":41,"turns":3},{"damage":40,"enemies":"Reptomancer","floor":42,"turns":3},{"damage":0,"enemies":"4 Shapes","floor":44,"turns":5},{"damage":0,"enemies":"Giant Head","floor":46,"turns":4},{"damage":57,"enemies":"Awakened One","floor":50,"turns":12}],"seed_played":"-2083061077594825964","potions_obtained":[{"floor":1,"key":"Block Potion"},{"floor":3,"key":"Energy Potion"},{"floor":14,"key":"Energy Potion"},{"floor":18,"key":"SpeedPotion"},{"floor":22,"key":"SteroidPotion"},{"floor":25,"key":"Swift Potion"},{"floor":28,"key":"Explosive Potion"},{"floor":35,"key":"Fire Potion"}],"is_trial":false,"path_per_floor":["M","?","M","?","?","R","?","E","T","?","E","$","E","M","R","B",null,"M","M","$","?","M","R","?","E","T","R","M","M","R","M","R","B",null,"M","?","$","$","M","R","M","E","T","M","$","E","R","?","R","B"],"character_chosen":"THE_SILENT","items_purchased":["Noxious Fumes","Paper Crane","Centennial Puzzle","TwistedFunnel","Caltrops"],"campfire_rested":2,"item_purchase_floors":[12,20,37,38,38],"current_hp_per_floor":[59,59,59,64,64,64,64,64,64,64,46,46,33,33,33,32,61,54,40,40,40,40,40,40,31,31,31,31,23,23,4,25,25,60,59,59,59,59,55,55,55,15,15,15,15,15,36,36,36,0],"gold":185,"neow_bonus":"THREE_ENEMY_KILL","is_prod":false,"is_daily":false,"chose_seed":false,"campfire_upgraded":6,"win_rate":0,"timestamp":1552660579,"path_taken":["M","?","?","?","?","R","?","E","T","?","E","$","E","M","R","BOSS","M","M","$","?","M","R","?","E","T","R","M","M","R","M","R","BOSS","M","?","?","$","M","R","M","E","T","M","?","E","R","?","R","BOSS"],"build_version":"2019-02-06","purchased_purges":2,"victory":false,"max_hp_per_floor":[66,66,66,71,71,71,64,64,64,64,71,71,71,71,71,71,71,71,71,71,71,71,71,71,71,71,71,71,71,71,71,71,71,71,71,71,71,71,71,71,71,71,71,71,71,71,71,67,67,67],"card_choices":[{"not_picked":["Calculated Gamble","Deadly Poison"],"picked":"Bouncing Flask","floor":1},{"not_picked":["Flechettes","Acrobatics"],"picked":"Crippling Poison","floor":3},{"not_picked":["Slice","Blade Dance"],"picked":"Deflect","floor":8},{"not_picked":["Dodge and Roll","Quick Slash+1"],"picked":"Calculated Gamble","floor":11},{"not_picked":["Dagger Spray+1","Crippling Poison"],"picked":"Backflip","floor":13},{"not_picked":["Riddle With Holes+1","Acrobatics"],"picked":"Noxious Fumes","floor":14},{"not_picked":["Grand Finale+1","Adrenaline"],"picked":"Venomology","floor":16},{"not_picked":["Tactician","Concentrate"],"picked":"Blur","floor":18},{"not_picked":["Cloak And Dagger+1","Dodge and Roll"],"picked":"Dagger Spray+1","floor":19},{"not_picked":["Quick Slash+1","Cloak And Dagger","Prepared+1"],"picked":"SKIP","floor":22},{"not_picked":["Tactician","Dagger Spray+1"],"picked":"Dash+1","floor":25},{"not_picked":["All Out Attack+1","Glass Knife+1"],"picked":"Predator+1","floor":28},{"not_picked":["Deflect","Quick Slash+1"],"picked":"Catalyst","floor":29},{"not_picked":["Quick Slash+1","Flying Knee+1"],"picked":"Catalyst","floor":31},{"not_picked":["Dagger Throw+1","Cloak And Dagger"],"picked":"Backflip+1","floor":34},{"not_picked":["Infinite Blades","Sucker Punch+1","Endless Agony+1"],"picked":"SKIP","floor":35},{"not_picked":["Infinite Blades+1","Eviscerate+1"],"picked":"Catalyst","floor":39},{"not_picked":["Poisoned Stab+1","Outmaneuver+1"],"picked":"Well Laid Plans","floor":41},{"not_picked":["Quick Slash+1","Outmaneuver","Expertise"],"picked":"SKIP","floor":42},{"not_picked":["Acrobatics","Deflect","Accuracy"],"picked":"SKIP","floor":44},{"not_picked":["Setup","Prepared"],"picked":"Corpse Explosion","floor":46}],"player_experience":1094612,"relics_obtained":[{"floor":8,"key":"Molten Egg 2"},{"floor":9,"key":"Art of War"},{"floor":11,"key":"Strawberry"},{"floor":13,"key":"Potion Belt"},{"floor":25,"key":"Snake Skull"},{"floor":26,"key":"Omamori"},{"floor":42,"key":"Bottled Tornado"},{"floor":46,"key":"Bag of Preparation"}],"event_choices":[{"cards_removed":["Strike_G"],"damage_healed":0,"gold_gain":0,"player_choice":"Offered Basic","damage_taken":0,"max_hp_gain":0,"max_hp_loss":0,"event_name":"Bonfire Elementals","floor":2,"gold_loss":0},{"damage_healed":0,"gold_gain":0,"player_choice":"Donut","damage_taken":0,"max_hp_gain":5,"max_hp_loss":0,"event_name":"Big Fish","floor":4,"gold_loss":0},{"damage_healed":0,"gold_gain":150,"player_choice":"AGREE","damage_taken":0,"max_hp_gain":0,"max_hp_loss":0,"event_name":"Liars Game","floor":5,"gold_loss":0,"cards_obtained":["Doubt"]},{"damage_healed":0,"gold_gain":0,"player_choice":"Lose Max HP","damage_taken":0,"relics_obtained":["Golden Idol"],"max_hp_gain":0,"max_hp_loss":7,"event_name":"Golden Idol","floor":7,"gold_loss":0},{"damage_healed":0,"gold_gain":100,"player_choice":"Gold","damage_taken":0,"max_hp_gain":0,"max_hp_loss":0,"event_name":"Wheel of Change","floor":10,"gold_loss":0},{"damage_healed":0,"gold_gain":0,"player_choice":"Obtained Relic","damage_taken":0,"relics_obtained":["StoneCalendar"],"max_hp_gain":0,"max_hp_loss":0,"event_name":"Addict","floor":21,"gold_loss":85},{"damage_healed":0,"gold_gain":0,"player_choice":"Simplicity","damage_taken":0,"max_hp_gain":0,"max_hp_loss":0,"event_name":"Back to Basics","floor":24,"gold_loss":0,"cards_upgraded":["Defend_G","Defend_G","Defend_G","Defend_G","Defend_G","Strike_G","Strike_G","Strike_G"]},{"damage_healed":0,"gold_gain":275,"player_choice":"Desecrate","damage_taken":0,"max_hp_gain":0,"max_hp_loss":0,"event_name":"Golden Shrine","floor":36,"gold_loss":0,"cards_obtained":["Regret"]},{"damage_healed":0,"gold_gain":0,"player_choice":"Max HP","damage_taken":0,"max_hp_gain":0,"max_hp_loss":4,"event_name":"Winding Halls","floor":48,"gold_loss":0}],"is_beta":true,"boss_relics":[{"not_picked":["Ectoplasm","Fusion Hammer"],"picked":"Snecko Eye"},{"not_picked":["Astrolabe","Black Star"],"picked":"Orrery"}],"items_purged_floors":[12,20],"is_endless":false,"potions_floor_spawned":[1,3,8,14,18,22,25,28,35],"killed_by":"Awakened One","ascension_level":20}