{"path_per_floor":["M","M","M","M","M","R","?","R","T","?","?","E","M","M","R","B",null,"M","?","?","M"],"character_chosen":"THE_SILENT","items_purchased":[],"gold_per_floor":[119,136,146,160,173,173,231,231,231,231,231,274,299,319,319,449,449,470,470,385,409,409],"floor_reached":22,"campfire_rested":1,"playtime":1245,"current_hp_per_floor":[70,70,70,62,60,60,60,60,60,43,43,43,31,31,52,25,70,50,50,50,23,0],"items_purged":[],"gold":409,"score":188,"play_id":"1fe22df7-c026-4462-907b-a5e4580de609","local_time":"20180329161115","is_prod":false,"is_daily":false,"is_ascension_mode":false,"campfire_upgraded":2,"timestamp":1522365075,"path_taken":["M","M","?","M","?","R","?","R","T","?","?","E","M","?","R","BOSS","M","?","?","M","?"],"build_version":"2018-03-22v2","purchased_purges":0,"victory":false,"master_deck":["Defend_G","Defend_G","Defend_G","Defend_G","Defend_G","Strike_G","Strike_G","Strike_G","Strike_G","Strike_G","Survivor","Neutralize+1","Slice","Terror","Envenom","Poisoned Stab","Backstab+1","A Thousand Cuts","Noxious Fumes","Prepared","Envenom","Skewer","Sucker Punch+1"],"max_hp_per_floor":[70,70,70,70,70,70,70,70,70,70,70,70,70,70,70,70,70,70,70,70,70,70],"relics":["Ring of the Snake","Darkstone Periapt","Golden Idol","Oddly Smooth Stone","Question Card","Regal Pillow"],"card_choices":[{"not_picked":["Finisher","Distraction"],"picked":"Slice","floor":1},{"not_picked":["Expertise","Slice"],"picked":"Terror","floor":2},{"not_picked":["Dagger Spray","Deflect"],"picked":"Envenom","floor":3},{"not_picked":["Deadly Poison","Dagger Spray"],"picked":"Poisoned Stab","floor":4},{"not_picked":["Terror","Dagger Spray"],"picked":"Backstab","floor":5},{"not_picked":["Poisoned Stab","Dagger Spray"],"picked":"A Thousand Cuts","floor":12},{"not_picked":["Dodge and Roll","Underhanded Strike"],"picked":"Noxious Fumes","floor":13},{"not_picked":["Catalyst","Dagger Spray"],"picked":"Prepared","floor":14},{"not_picked":["Venomology","Phantasmal Killer"],"picked":"Envenom","floor":16},{"not_picked":["Bane","Prepared","Masterful Stab"],"picked":"Skewer","floor":18},{"not_picked":["Underhanded Strike","Deflect","Dodge and Roll"],"picked":"Sucker Punch","floor":21}],"player_experience":27167,"potions_floor_usage":[4,12,12,16,16],"damage_taken":[{"damage":0,"enemies":"Cultist","floor":1,"turns":4},{"damage":0,"enemies":"Small Slimes","floor":2,"turns":4},{"damage":0,"enemies":"2 Louse","floor":3,"turns":3},{"damage":8,"enemies":"Exordium Wildlife","floor":4,"turns":5},{"damage":2,"enemies":"Looter","floor":5,"turns":4},{"damage":15,"enemies":"Lagavulin","floor":12,"turns":7},{"damage":12,"enemies":"3 Louse","floor":13,"turns":4},{"damage":0,"enemies":"Red Slaver","floor":14,"turns":3},{"damage":42,"enemies":"The Guardian","floor":16,"turns":10},{"damage":20,"enemies":"Chosen","floor":18,"turns":6},{"damage":27,"enemies":"Shell Parasite","floor":21,"turns":7},{"damage":31,"enemies":"Sentry and Sphere","floor":22,"turns":4}],"event_choices":[{"event_name":"Golden Wing","player_choice":"Gained Gold","floor":7,"damage_taken":0},{"event_name":"Golden Idol","player_choice":"Take Damage","floor":10,"damage_taken":0},{"event_name":"The Lab","player_choice":"Got Potions","floor":11,"damage_taken":0},{"event_name":"Vampires","player_choice":"Ignored","floor":19,"damage_taken":0},{"event_name":"Addict","player_choice":"Obtained Relic","floor":20,"damage_taken":0}],"boss_relics":[{"not_picked":["Runic Dome","Snecko Eye"],"picked":"Question Card"}],"potions_floor_spawned":[3,4,5,12,21],"seed_played":"3942276654192647212","killed_by":"Sentry and Sphere","ascension_level":0,"is_trial":false}