{"gold_per_floor":[116,77,77,95,114,114,139,53,76,93,93,111,111,121,121,219,219,230,230,230,430,448,448,473,473],"floor_reached":25,"playtime":840,"items_purged":[],"score":232,"play_id":"c82ed15f-4280-435c-aeb4-5623ec595e1d","local_time":"20190224073147","is_ascension_mode":true,"campfire_choices":[{"data":"Catalyst","floor":6,"key":"SMITH"},{"data":"Bandage Up","floor":11,"key":"SMITH"},{"data":"Bane","floor":13,"key":"SMITH"},{"data":"Deadly Poison","floor":15,"key":"SMITH"},{"data":"Envenom","floor":23,"key":"SMITH"}],"neow_cost":"NONE","seed_source_timestamp":315170383774550,"circlet_count":0,"master_deck":["Defend_G","Defend_G","Defend_G","Defend_G","Defend_G","Strike_G","Strike_G","Strike_G","Strike_G","Strike_G","Survivor","Neutralize+1","Dash","Catalyst+1","Backstab","Bandage Up+1","Deadly Poison+1","Bane+1","Corpse Explosion","Envenom+1","Quick Slash+1"],"relics":["Ring of the Snake","Oddly Smooth Stone","Eternal Feather","Pantograph"],"potions_floor_usage":[4,10,10,14,18,22,24,25],"damage_taken":[{"damage":0,"enemies":"Small Slimes","floor":1,"turns":3},{"damage":0,"enemies":"Cultist","floor":4,"turns":4},{"damage":0,"enemies":"2 Louse","floor":5,"turns":2},{"damage":26,"enemies":"Lagavulin","floor":7,"turns":8},{"damage":0,"enemies":"Red Slaver","floor":10,"turns":1},{"damage":0,"enemies":"Blue Slaver","floor":12,"turns":3},{"damage":9,"enemies":"2 Fungi Beasts","floor":14,"turns":3},{"damage":30,"enemies":"The Guardian","floor":16,"turns":7},{"damage":24,"enemies":"Shell Parasite","floor":18,"turns":4},{"damage":29,"enemies":"3 Byrds","floor":22,"turns":6},{"damage":50,"enemies":"Gremlin Leader","floor":24,"turns":5},{"damage":13,"enemies":"Sentry and Sphere","floor":25,"turns":2}],"seed_played":"5906406844553414115","potions_obtained":[{"floor":3,"key":"FearPotion"},{"floor":3,"key":"Fruit Juice"},{"floor":3,"key":"SneckoOil"},{"floor":7,"key":"AttackPotion"},{"floor":12,"key":"SteroidPotion"},{"floor":16,"key":"Swift Potion"},{"floor":18,"key":"FearPotion"},{"floor":22,"key":"Strength Potion"}],"is_trial":false,"path_per_floor":["M","$","?","M","M","R","E","$","T","M","R","M","R","M","R","B",null,"M","?","?","?","M","R","E","M"],"character_chosen":"THE_SILENT","items_purchased":["Catalyst","Bandage Up"],"campfire_rested":0,"item_purchase_floors":[2,8],"current_hp_per_floor":[70,70,70,75,75,75,49,49,49,49,49,55,55,52,52,28,75,57,57,57,57,34,46,2,0],"gold":473,"neow_bonus":"UPGRADE_CARD","is_prod":false,"is_daily":false,"chose_seed":false,"campfire_upgraded":5,"win_rate":0,"timestamp":1551022307,"path_taken":["M","$","?","?","M","R","E","$","T","M","R","M","R","M","R","BOSS","M","?","?","?","M","R","E","M"],"build_version":"2019-01-23","purchased_purges":0,"victory":false,"max_hp_per_floor":[70,70,70,75,75,75,75,75,75,75,75,75,75,75,75,75,75,75,75,75,75,75,75,75,75],"card_choices":[{"not_picked":["Dagger Throw","Backstab"],"picked":"Dash","floor":1},{"not_picked":["Blade Dance","Caltrops","Calculated Gamble"],"picked":"SKIP","floor":4},{"not_picked":["Blur","Slice"],"picked":"Backstab","floor":5},{"not_picked":["Masterful Stab","Cloak And Dagger","Reflex"],"picked":"SKIP","floor":7},{"not_picked":["Outmaneuver","Endless Agony"],"picked":"Deadly Poison","floor":10},{"not_picked":["Masterful Stab","Setup"],"picked":"Bane","floor":12},{"not_picked":["Accuracy","Dash"],"picked":"Corpse Explosion","floor":14},{"not_picked":["Tools of the Trade","Malaise"],"picked":"Envenom","floor":16},{"not_picked":["PiercingWail","Flying Knee","Distraction+1"],"picked":"SKIP","floor":18},{"not_picked":["Eviscerate+1","Predator"],"picked":"Quick Slash+1","floor":22},{"not_picked":["Skewer+1","Endless Agony","A Thousand Cuts"],"picked":"SKIP","floor":24}],"player_experience":279351,"relics_obtained":[{"floor":7,"key":"Oddly Smooth Stone"},{"floor":24,"key":"Pantograph"}],"event_choices":[{"damage_healed":0,"gold_gain":0,"player_choice":"Got Potions","damage_taken":0,"max_hp_gain":0,"max_hp_loss":0,"event_name":"Lab","floor":3,"gold_loss":0},{"damage_healed":0,"gold_gain":0,"player_choice":"Ignored","damage_taken":0,"max_hp_gain":0,"max_hp_loss":0,"event_name":"Ghosts","floor":19,"gold_loss":0},{"damage_healed":0,"gold_gain":0,"player_choice":"Ignored","damage_taken":0,"max_hp_gain":0,"max_hp_loss":0,"event_name":"Vampires","floor":20,"gold_loss":0},{"damage_healed":0,"gold_gain":200,"player_choice":"Gold","damage_taken":0,"max_hp_gain":0,"max_hp_loss":0,"event_name":"Wheel of Change","floor":21,"gold_loss":0}],"is_beta":false,"boss_relics":[{"not_picked":["Tiny House","Black Star"],"picked":"Eternal Feather"}],"items_purged_floors":[],"is_endless":false,"potions_floor_spawned":[7,12,16,18,22],"killed_by":"Sentry and Sphere","ascension_level":1}