{"gold_per_floor":[359,409,64,64,74,74,100,100,152,182,182,216,216,216,216,290,290,304,316,316,154,165,165,177,177,177,177,206,206,218,243,255,339,351,379,391,383,413,6,6,25,59,133,159,174,174,94,113,113,113,113,113,113,28,60,60],"floor_reached":56,"playtime":2714,"items_purged":["Pain","Writhe"],"score":2167,"play_id":"1d1ebf0e-c593-425a-a941-bc94cb685b94","local_time":"20181106003208","is_ascension_mode":true,"campfire_choices":[{"data":"Sweeping Beam","floor":6.0,"key":"SMITH"},{"floor":8.0,"key":"REST"},{"data":"Zap","floor":11.0,"key":"SMITH"},{"data":"Dualcast","floor":13.0,"key":"SMITH"},{"data":"Go for the Eyes","floor":15.0,"key":"SMITH"},{"data":"Coolheaded","floor":23.0,"key":"SMITH"},{"data":"Ghostly","floor":25.0,"key":"SMITH"},{"floor":32.0,"key":"REST"},{"data":"Ghostly","floor":40.0,"key":"SMITH"},{"data":"Ghostly","floor":46.0,"key":"SMITH"},{"floor":49.0,"key":"RECALL"},{"data":"Consume","floor":53.0,"key":"SMITH"}],"neow_cost":"TEN_PERCENT_HP_LOSS","seed_source_timestamp":226580440832995,"circlet_count":0,"master_deck":["AscendersBane","Strike_B+1","Strike_B+1","Strike_B+1","Defend_B+1","Defend_B+1","Defend_B+1","Defend_B+1","Zap+1","Dualcast+1","Sweeping Beam+1","Skim","Ball Lightning","Coolheaded+1","Go for the Eyes+1","Echo Form","Hologram+1","Doom and Gloom+1","Ghostly+1","Ghostly+1","Ghostly+1","Multi-Cast","Self Repair","Conserve Battery","Glacier","Consume+1","Biased Cognition","Compile Driver+1","Conserve Battery+1"],"special_seed":0,"relics":["Cracked Core","Ice Cream","PreservedInsect","Happy Flower","Mercury Hourglass","WarpedTongs","Inserter","Pear","Nunchaku","MawBank","Busted Crown","Calipers","Emotion Chip","Ornamental Fan","Blue Candle","Girya"],"potions_floor_usage":[56],"damage_taken":[{"damage":0.0,"enemies":"2 Louse","floor":1.0,"turns":2.0},{"damage":2.0,"enemies":"Cultist","floor":3.0,"turns":4.0},{"damage":0.0,"enemies":"Cultist","floor":5.0,"turns":3.0},{"damage":20.0,"enemies":"Lagavulin","floor":7.0,"turns":7.0},{"damage":11.0,"enemies":"Gremlin Nob","floor":10.0,"turns":3.0},{"damage":8.0,"enemies":"Lagavulin","floor":12.0,"turns":5.0},{"damage":5.0,"enemies":"Slime Boss","floor":16.0,"turns":7.0},{"damage":17.0,"enemies":"Chosen","floor":18.0,"turns":4.0},{"damage":29.0,"enemies":"Shell Parasite","floor":19.0,"turns":7.0},{"damage":0.0,"enemies":"Centurion and Healer","floor":22.0,"turns":4.0},{"damage":0.0,"enemies":"Cultist and Chosen","floor":24.0,"turns":6.0},{"damage":9.0,"enemies":"Book of Stabbing","floor":28.0,"turns":6.0},{"damage":0.0,"enemies":"3 Cultists","floor":31.0,"turns":5.0},{"damage":0.0,"enemies":"Collector","floor":33.0,"turns":12.0},{"damage":31.0,"enemies":"3 Darklings","floor":35.0,"turns":6.0},{"damage":9.0,"enemies":"3 Shapes","floor":38.0,"turns":8.0},{"damage":19.0,"enemies":"Jaw Worm Horde","floor":41.0,"turns":9.0},{"damage":1.0,"enemies":"Nemesis","floor":42.0,"turns":7.0},{"damage":0.0,"enemies":"Giant Head","floor":44.0,"turns":7.0},{"damage":0.0,"enemies":"Sphere and 2 Shapes","floor":45.0,"turns":5.0},{"damage":4.0,"enemies":"3 Darklings","floor":48.0,"turns":4.0},{"damage":5.0,"enemies":"Donu and Deca","floor":50.0,"turns":7.0},{"damage":15.0,"enemies":"Time Eater","floor":51.0,"turns":12.0},{"damage":20.0,"enemies":"Shield and Spear","floor":55.0,"turns":10.0},{"damage":57,"enemies":"The Heart","floor":56,"turns":2}],"seed_played":"-3390893706764382268","potions_obtained":[{"floor":7.0,"key":"FocusPotion"},{"floor":12.0,"key":"FocusPotion"},{"floor":16.0,"key":"EssenceOfSteel"},{"floor":19.0,"key":"EntropicBrew"},{"floor":33.0,"key":"Explosive Potion"},{"floor":37.0,"key":"Weak Potion"},{"floor":41.0,"key":"Poison Potion"},{"floor":45.0,"key":"FocusPotion"}],"is_trial":false,"path_per_floor":["M","?","M","$","?","M","R","E","R","T","E","R","E","R","?","R","B",null,"M","M","?","$","M","R","M","R","T","?","E","?","?","M","R","B",null,"M","?","?","M","$","R","M","E","T","E","M","R","$","M","R","B","B",null,"R","$","E","B"],"character_chosen":"DEFECT","items_purchased":["Ice Cream","Multi-Cast","Calipers","Ancient Potion","EssenceOfSteel"],"campfire_rested":2,"item_purchase_floors":[3,21,39,47,54],"current_hp_per_floor":[64,58,56,49,49,49,29,48,48,37,37,29,29,29,29,24,54,37,8,8,8,8,8,22,22,32,32,23,23,13,13,27,37,45,34,34,34,25,25,25,20,33,33,45,45,45,45,45,45,40,32,42,42,42,42,0],"gold":60,"neow_bonus":"TWO_FIFTY_GOLD","is_prod":false,"is_daily":false,"chose_seed":false,"campfire_upgraded":9,"win_rate":0,"timestamp":1541482328,"path_taken":["M","?","?","?","M","R","E","R","T","E","R","E","R","?","R","BOSS","M","M","?","$","M","R","M","R","T","?","E","?","?","M","R","BOSS","M","?","?","?","$","R","M","E","T","E","M","R","$","M","R","BOSS","BOSS","R","$","E","BOSS"],"build_version":"2018-11-02","purchased_purges":2,"victory":false,"max_hp_per_floor":[64,64,64,64,64,64,64,64,64,64,64,64,64,64,64,64,64,64,64,32,32,32,32,32,32,42,42,42,42,47,47,47,47,47,47,45,45,45,45,45,45,45,45,45,45,45,45,45,45,45,45,45,45,45,45,45],"card_choices":[{"not_picked":["Stack","Compile Driver"],"picked":"Sweeping Beam","floor":1.0},{"not_picked":["Stack","Fusion"],"picked":"Skim","floor":5.0},{"not_picked":["Double Energy","Cold Snap"],"picked":"Ball Lightning","floor":7.0},{"not_picked":["Rebound","Machine Learning"],"picked":"Coolheaded","floor":10.0},{"not_picked":["Barrage","Force Field"],"picked":"Go for the Eyes","floor":12.0},{"not_picked":["Hyperbeam","Rainbow"],"picked":"Echo Form","floor":16.0},{"not_picked":["Cold Snap","Conserve Battery"],"picked":"Hologram+1","floor":18.0},{"not_picked":["Compile Driver","Self Repair"],"picked":"Doom and Gloom+1","floor":19.0},{"not_picked":["Sweeping Beam","FTL"],"picked":"Self Repair","floor":22.0},{"not_picked":["Auto Shields","Turbo"],"picked":"Conserve Battery","floor":24.0},{"not_picked":["Heatsinks","Rebound"],"picked":"Glacier","floor":28.0},{"not_picked":["Skim","Tempest"],"picked":"Consume","floor":31.0},{"not_picked":["Buffer","Thunder Strike"],"picked":"Biased Cognition","floor":33.0},{"not_picked":["Coolheaded"],"picked":"SKIP","floor":35.0},{"not_picked":["Steam"],"picked":"SKIP","floor":38.0},{"not_picked":["Coolheaded"],"picked":"SKIP","floor":41.0},{"not_picked":[],"picked":"Compile Driver+1","floor":42.0},{"not_picked":["Fusion"],"picked":"SKIP","floor":44.0},{"not_picked":["Blizzard+1"],"picked":"SKIP","floor":45.0},{"not_picked":["Turbo"],"picked":"SKIP","floor":48.0},{"not_picked":[],"picked":"Conserve Battery+1","floor":55.0}],"player_experience":858113,"relics_obtained":[{"floor":7.0,"key":"PreservedInsect"},{"floor":10.0,"key":"Happy Flower"},{"floor":12.0,"key":"Mercury Hourglass"},{"floor":26.0,"key":"Pear"},{"floor":28.0,"key":"Nunchaku"},{"floor":42.0,"key":"Emotion Chip"},{"floor":43.0,"key":"Ornamental Fan"},{"floor":44.0,"key":"Blue Candle"},{"floor":55.0,"key":"Girya"}],"event_choices":[{"damage_healed":0.0,"max_hp_gain":0.0,"max_hp_loss":0.0,"gold_gain":50.0,"event_name":"FaceTrader","player_choice":"Touch","floor":2.0,"gold_loss":0.0,"damage_taken":6.0},{"cards_removed":["Strike_B"],"damage_healed":0.0,"max_hp_gain":0.0,"max_hp_loss":0.0,"gold_gain":0.0,"event_name":"Golden Wing","player_choice":"Card Removal","floor":4.0,"gold_loss":0.0,"damage_taken":7.0},{"damage_healed":0.0,"max_hp_gain":0.0,"max_hp_loss":0.0,"gold_gain":0.0,"event_name":"Accursed Blacksmith","player_choice":"Rummage","floor":14.0,"gold_loss":0.0,"damage_taken":0.0,"relics_obtained":["WarpedTongs"],"cards_obtained":["Pain"]},{"damage_healed":0.0,"max_hp_gain":0.0,"max_hp_loss":32.0,"gold_gain":0.0,"event_name":"Ghosts","player_choice":"Became a Ghost","floor":20.0,"gold_loss":0.0,"damage_taken":0.0,"cards_obtained":["Ghostly","Ghostly","Ghostly"]},{"damage_healed":0.0,"max_hp_gain":0.0,"max_hp_loss":0.0,"gold_gain":0.0,"event_name":"Back to Basics","player_choice":"Simplicity","floor":27.0,"gold_loss":0.0,"damage_taken":0.0,"cards_upgraded":["Strike_B","Strike_B","Strike_B","Defend_B","Defend_B","Defend_B","Defend_B"]},{"damage_healed":0.0,"max_hp_gain":0.0,"max_hp_loss":0.0,"gold_gain":0.0,"event_name":"The Mausoleum","player_choice":"Opened","floor":29.0,"gold_loss":0.0,"damage_taken":0.0,"relics_obtained":["MawBank"],"cards_obtained":["Writhe"]},{"damage_healed":0.0,"max_hp_gain":5.0,"max_hp_loss":0.0,"gold_gain":0.0,"event_name":"Forgotten Altar","player_choice":"Shed Blood","floor":30.0,"gold_loss":0.0,"damage_taken":15.0},{"damage_healed":0.0,"max_hp_gain":0.0,"max_hp_loss":2.0,"gold_gain":0.0,"event_name":"Winding Halls","player_choice":"Max HP","floor":36.0,"gold_loss":0.0,"damage_taken":0.0},{"damage_healed":0.0,"max_hp_gain":0.0,"max_hp_loss":0.0,"gold_gain":0.0,"event_name":"The Woman in Blue","player_choice":"Bought 1 Potion","floor":37.0,"gold_loss":0.0,"damage_taken":0.0}],"is_beta":true,"boss_relics":[{"not_picked":["Fusion Hammer","Sozu"],"picked":"Inserter"},{"not_picked":["Velvet Choker","Empty Cage"],"picked":"Busted Crown"}],"items_purged_floors":[21,39],"is_endless":false,"potions_floor_spawned":[7,12,16,19,24,33,41,45],"killed_by":"The Heart","ascension_level":20}