{"gold_per_floor":[111,111,128,146,68,68,88,115,142,142,159,159,159,185,185,258,258,178,178,178,178,12,12,12,12,12,12,12,12,12,12,12,12],"floor_reached":33,"playtime":1475,"items_purged":[],"score":765,"play_id":"bd805071-f702-4014-a151-c8658947e959","local_time":"20181006110902","is_ascension_mode":true,"campfire_choices":[{"data":"Fiend Fire","floor":6.0,"key":"SMITH"},{"data":"Flame Barrier","floor":10.0,"key":"SMITH"},{"data":"Bash","floor":12.0,"key":"SMITH"},{"data":"Pommel Strike","floor":15.0,"key":"SMITH"},{"data":"Spot Weakness","floor":23.0,"key":"SMITH"},{"floor":32,"key":"REST"}],"neow_cost":"NONE","seed_source_timestamp":239742243200047,"circlet_count":0,"master_deck":["Defend_R","Defend_R","Defend_R","Bash+1","AscendersBane","Iron Wave","Fiend Fire+1","Flame Barrier+1","Ghostly Armor","Power Through","Pommel Strike+1","Feed","Spot Weakness+1","Bite","Bite","Bite","Bite","Bite","Exhume","Thunderclap"],"special_seed":0,"relics":["Burning Blood","Art of War","Regal Pillow","Red Skull","Dream Catcher","Ectoplasm","Nilry\u0027s Codex","Oddly Smooth Stone","Strawberry","Shuriken","MutagenicStrength","Self Forming Clay"],"potions_floor_usage":[30],"damage_taken":[{"damage":14.0,"enemies":"Jaw Worm","floor":1.0,"turns":4.0},{"damage":7.0,"enemies":"Cultist","floor":3.0,"turns":4.0},{"damage":15.0,"enemies":"Small Slimes","floor":4.0,"turns":5.0},{"damage":6.0,"enemies":"2 Fungi Beasts","floor":7.0,"turns":5.0},{"damage":6.0,"enemies":"Gremlin Nob","floor":8.0,"turns":3.0},{"damage":17.0,"enemies":"Exordium Thugs","floor":11.0,"turns":4.0},{"damage":0.0,"enemies":"Lagavulin","floor":14.0,"turns":3.0},{"damage":0.0,"enemies":"Slime Boss","floor":16.0,"turns":6.0},{"damage":6.0,"enemies":"2 Thieves","floor":18.0,"turns":5.0},{"damage":12.0,"enemies":"Shell Parasite","floor":19.0,"turns":6.0},{"damage":45.0,"enemies":"Slavers","floor":24.0,"turns":8.0},{"damage":16.0,"enemies":"Centurion and Healer","floor":27.0,"turns":9.0},{"damage":44,"enemies":"Chosen and Byrds","floor":28,"turns":8},{"damage":22,"enemies":"Book of Stabbing","floor":30,"turns":4},{"damage":2,"enemies":"Cultist and Chosen","floor":31,"turns":4},{"damage":75,"enemies":"Automaton","floor":33,"turns":9}],"seed_played":"8108620031758303122","potions_obtained":[{"floor":1.0,"key":"PowerPotion"},{"floor":8.0,"key":"PowerPotion"},{"floor":16.0,"key":"GamblersBrew"},{"floor":18.0,"key":"SteroidPotion"},{"floor":24.0,"key":"Regen Potion"},{"floor":28,"key":"Dexterity Potion"}],"is_trial":false,"path_per_floor":["M","?","M","M","$","R","M","E","T","R","M","R","?","E","R","B",null,"M","M","?","?","$","R","E","?","T","M","M","?","E","M","R"],"character_chosen":"IRONCLAD","items_purchased":["Flame Barrier","Oddly Smooth Stone"],"campfire_rested":1,"item_purchase_floors":[5,22],"current_hp_per_floor":[67,56,55,46,46,46,46,46,46,46,35,35,35,41,41,47,73,76,73,61,40,40,40,27,27,27,47,24,24,24,38,77,9],"gold":12,"neow_bonus":"TEN_PERCENT_HP_BONUS","is_prod":false,"is_daily":false,"chose_seed":false,"campfire_upgraded":5,"win_rate":0,"timestamp":1538838542,"path_taken":["M","?","?","M","$","R","M","E","T","R","M","R","?","E","R","BOSS","M","M","?","?","$","R","E","?","T","?","M","?","E","M","R","BOSS"],"build_version":"2018-10-04v2","purchased_purges":0,"victory":false,"max_hp_per_floor":[82,82,82,82,82,82,82,82,82,82,82,82,82,82,82,82,82,85,88,61,61,61,61,71,71,71,77,80,80,80,80,80,80],"card_choices":[{"not_picked":["Dual Wield","Havoc"],"picked":"Iron Wave","floor":1.0},{"not_picked":["Warcry","Clash","Heavy Blade"],"picked":"SKIP","floor":3.0},{"not_picked":["Heavy Blade","Twin Strike"],"picked":"Fiend Fire","floor":4.0},{"not_picked":["Infernal Blade","Pummel"],"picked":"Ghostly Armor","floor":7.0},{"not_picked":["Entrench","Combust","Reckless Charge"],"picked":"SKIP","floor":8.0},{"not_picked":["Clothesline","Wild Strike"],"picked":"Power Through","floor":11.0},{"not_picked":["Hemokinesis","Iron Wave"],"picked":"Pommel Strike","floor":14.0},{"not_picked":["Impervious","Brutality"],"picked":"Feed","floor":16.0},{"not_picked":["Havoc","Infernal Blade","Headbutt"],"picked":"SKIP","floor":18.0},{"not_picked":["Havoc","Heavy Blade"],"picked":"Spot Weakness","floor":19.0},{"not_picked":["Sentinel","Clothesline"],"picked":"Exhume","floor":24.0},{"not_picked":["Clash","Armaments"],"picked":"Thunderclap","floor":27.0},{"not_picked":["Warcry","Entrench","Headbutt+1"],"picked":"SKIP","floor":28},{"not_picked":["Clothesline","Pommel Strike","Demon Form"],"picked":"SKIP","floor":30},{"not_picked":["Uppercut","Twin Strike","Clothesline"],"picked":"SKIP","floor":31}],"player_experience":936929,"relics_obtained":[{"floor":8.0,"key":"Regal Pillow"},{"floor":9.0,"key":"Red Skull"},{"floor":14.0,"key":"Dream Catcher"},{"floor":21.0,"key":"Nilry\u0027s Codex"},{"floor":24.0,"key":"Strawberry"},{"floor":26.0,"key":"Shuriken"},{"floor":30,"key":"Self Forming Clay"}],"event_choices":[{"event_name":"Scrap Ooze","player_choice":"success","floor":2.0,"damage_taken":11.0},{"event_name":"Liars Game","player_choice":"disagreed","floor":13.0,"damage_taken":0.0},{"event_name":"Vampires","player_choice":"Became a vampire","floor":20.0,"damage_taken":0.0},{"event_name":"Cursed Tome","player_choice":"Obtained Book","floor":21.0,"damage_taken":0.0},{"event_name":"Purifier","player_choice":"One Purge","floor":25.0,"damage_taken":0.0},{"event_name":"Drug Dealer","player_choice":"Inject Mutagens","floor":29,"damage_taken":0}],"is_beta":false,"boss_relics":[{"not_picked":["Astrolabe","Snecko Eye"],"picked":"Ectoplasm"}],"items_purged_floors":[],"is_endless":false,"potions_floor_spawned":[1,8,16,18,24,28],"killed_by":"Automaton","ascension_level":20}