{"gold_per_floor":[214,189,189,264,277,277,303,303,353,353,245,263,275,301,301,373,373,389,389,589,605,125,125,154,154,208,225,245,245,261,292,292,363,363,383,400,39,49,49,49,75,75,75,87,87,105,152,183,183,183],"floor_reached":50,"playtime":2719,"items_purged":["Writhe","Strike_B"],"score":1225,"play_id":"0b214ad2-8582-4d82-8675-d5c06f4e6c1d","local_time":"20190320234702","is_ascension_mode":true,"campfire_choices":[{"floor":6,"key":"REST"},{"data":"Defragment","floor":8,"key":"SMITH"},{"floor":10,"key":"REST"},{"data":"Zap","floor":15,"key":"SMITH"},{"floor":23,"key":"REST"},{"floor":25,"key":"REST"},{"data":"Defragment","floor":29,"key":"SMITH"},{"data":"Defragment","floor":32,"key":"SMITH"},{"data":"Chill","floor":40,"key":"SMITH"},{"floor":42,"key":"REST"},{"floor":49,"key":"RECALL"}],"neow_cost":"NONE","seed_source_timestamp":672352969440716,"circlet_count":0,"master_deck":["AscendersBane","Strike_B+1","Strike_B","Strike_B","Defend_B","Defend_B","Defend_B","Defend_B","Zap+1","Dualcast","Defragment+1","Hologram+1","Sweeping Beam","Compile Driver","Coolheaded","Rebound","Steam","Electrodynamics","Darkness","Defragment+1","Chill","Coolheaded","Stack+1","Hologram","Defragment+1","Chill+1","Genetic Algorithm","Conserve Battery","Cold Snap+1","Capacitor+1","Glacier","Glacier","Steam+1"],"relics":["Cracked Core","Anchor","Bronze Scales","Art of War","Philosopher\u0027s Stone","Dodecahedron","Dead Branch","Molten Egg 2","Blood Vial","StoneCalendar","Orrery","Happy Flower","Du-Vu Doll","Prayer Wheel"],"potions_floor_usage":[14,24,31,45,47,47],"damage_taken":[{"damage":1,"enemies":"Cultist","floor":1,"turns":4},{"damage":0,"enemies":"Small Slimes","floor":5,"turns":3},{"damage":34,"enemies":"Lagavulin","floor":7,"turns":8},{"damage":0,"enemies":"Jaw Worm","floor":12,"turns":2},{"damage":0,"enemies":"Red Slaver","floor":13,"turns":3},{"damage":8,"enemies":"Gremlin Nob","floor":14,"turns":3},{"damage":28,"enemies":"Slime Boss","floor":16,"turns":11},{"damage":22,"enemies":"Spheric Guardian","floor":18,"turns":3},{"damage":1,"enemies":"Chosen","floor":21,"turns":4},{"damage":27,"enemies":"Book of Stabbing","floor":24,"turns":5},{"damage":7,"enemies":"3 Cultists","floor":27,"turns":3},{"damage":2,"enemies":"Chosen and Byrds","floor":28,"turns":7},{"damage":0,"enemies":"Centurion and Healer","floor":30,"turns":4},{"damage":12,"enemies":"Slavers","floor":31,"turns":2},{"damage":29,"enemies":"Champ","floor":33,"turns":13},{"damage":0,"enemies":"3 Shapes","floor":35,"turns":4},{"damage":8,"enemies":"3 Darklings","floor":36,"turns":4},{"damage":0,"enemies":"Sphere and 2 Shapes","floor":38,"turns":7},{"damage":22,"enemies":"Reptomancer","floor":41,"turns":8},{"damage":22,"enemies":"Jaw Worm Horde","floor":44,"turns":4},{"damage":0,"enemies":"Spire Growth","floor":45,"turns":2},{"damage":0,"enemies":"4 Shapes","floor":46,"turns":5},{"damage":12,"enemies":"2 Orb Walkers","floor":47,"turns":5},{"damage":0,"enemies":"Nemesis","floor":48,"turns":11},{"damage":36,"enemies":"Awakened One","floor":50,"turns":2}],"seed_played":"-6950914790464500425","potions_obtained":[{"floor":12,"key":"Block Potion"},{"floor":16,"key":"PowerPotion"},{"floor":28,"key":"Explosive Potion"},{"floor":31,"key":"SmokeBomb"},{"floor":33,"key":"Fire Potion"},{"floor":46,"key":"SteroidPotion"}],"is_trial":false,"path_per_floor":["M","$","?","?","M","R","E","R","T","R","$","M","M","E","R","B",null,"M","?","?","M","$","R","E","R","T","M","M","R","M","E","R","B",null,"M","M","$","M","?","R","E","R","T","M","M","M","?","E","R","B"],"character_chosen":"DEFECT","items_purchased":["Hologram","Coolheaded","Fire Potion","Chill","Dead Branch","Glacier","Happy Flower"],"campfire_rested":5,"item_purchase_floors":[2,11,11,22,22,37,37],"current_hp_per_floor":[63,63,42,31,31,52,18,18,18,39,39,39,39,31,31,3,54,32,32,32,31,31,52,25,46,46,41,41,41,43,33,33,6,55,57,51,51,53,53,53,33,53,53,33,35,37,27,29,29,0],"gold":183,"neow_bonus":"HUNDRED_GOLD","is_prod":false,"is_daily":false,"chose_seed":false,"campfire_upgraded":5,"win_rate":0,"timestamp":1553140022,"path_taken":["M","$","?","?","M","R","E","R","T","R","?","M","?","E","R","BOSS","M","?","?","M","$","R","E","R","T","?","M","R","M","E","R","BOSS","M","M","$","M","?","R","E","R","T","M","M","M","?","E","R","BOSS"],"build_version":"2019-03-15","purchased_purges":2,"victory":false,"max_hp_per_floor":[71,71,71,71,71,71,71,71,71,71,71,71,71,71,71,71,71,71,71,71,71,71,71,71,71,71,71,71,71,71,71,71,71,71,71,71,71,71,67,67,67,67,67,67,67,67,67,67,67,67],"card_choices":[{"not_picked":["Stack","Aggregate"],"picked":"Defragment","floor":1},{"not_picked":["Lockon","Blizzard"],"picked":"Sweeping Beam","floor":5},{"not_picked":["Rebound","Steam Power"],"picked":"Compile Driver","floor":7},{"not_picked":["Redo","Rebound","Aggregate"],"picked":"SKIP","floor":12},{"not_picked":["Redo","Aggregate"],"picked":"Rebound","floor":12},{"not_picked":["Hologram","Cold Snap"],"picked":"Steam","floor":13},{"not_picked":["Sunder","Heatsinks","Sweeping Beam"],"picked":"SKIP","floor":14},{"not_picked":["Fission","Seek"],"picked":"Electrodynamics","floor":16},{"not_picked":["Lockon+1","Compile Driver"],"picked":"Darkness","floor":18},{"not_picked":["Redo","Darkness+1"],"picked":"Defragment","floor":21},{"not_picked":["Streamline","Rip and Tear"],"picked":"Coolheaded","floor":24},{"not_picked":["Steam Power","Beam Cell+1","Steam"],"picked":"SKIP","floor":27},{"not_picked":["FTL+1","Hologram"],"picked":"Stack+1","floor":28},{"not_picked":["Rainbow","Compile Driver+1"],"picked":"Hologram","floor":30},{"not_picked":["Rebound+1","Chaos"],"picked":"Defragment","floor":31},{"not_picked":["Stack","Beam Cell+1"],"picked":"Chill","floor":34},{"not_picked":["Beam Cell+1","Consume"],"picked":"Genetic Algorithm","floor":34},{"not_picked":["Double Energy","Steam"],"picked":"Conserve Battery","floor":34},{"not_picked":["Leap","Beam Cell+1"],"picked":"Cold Snap+1","floor":34},{"not_picked":["Melter+1","BootSequence"],"picked":"Capacitor+1","floor":35},{"not_picked":["Turbo","Barrage+1","Doom and Gloom+1"],"picked":"SKIP","floor":36},{"not_picked":["Hello World+1","Steam Power","Steam"],"picked":"SKIP","floor":38},{"not_picked":["Scrape+1","Hologram","Redo"],"picked":"SKIP","floor":41},{"not_picked":["Beam Cell+1","BootSequence","Rainbow"],"picked":"SKIP","floor":44},{"not_picked":["Beam Cell+1","BootSequence","Rainbow"],"picked":"SKIP","floor":44},{"not_picked":["Go for the Eyes+1","Scrape+1"],"picked":"Glacier","floor":46},{"not_picked":["Redo","Static Discharge"],"picked":"Steam+1","floor":47},{"not_picked":["Defragment","Loop+1","Fusion"],"picked":"SKIP","floor":48},{"not_picked":["Defragment","Loop+1","Fusion"],"picked":"SKIP","floor":48}],"player_experience":1155855,"relics_obtained":[{"floor":7,"key":"Anchor"},{"floor":9,"key":"Bronze Scales"},{"floor":14,"key":"Art of War"},{"floor":24,"key":"Molten Egg 2"},{"floor":26,"key":"Blood Vial"},{"floor":31,"key":"StoneCalendar"},{"floor":41,"key":"Du-Vu Doll"},{"floor":47,"key":"Prayer Wheel"}],"event_choices":[{"damage_healed":0,"gold_gain":0,"player_choice":"Entered Light","damage_taken":21,"max_hp_gain":0,"max_hp_loss":0,"event_name":"Shining Light","floor":3,"gold_loss":0,"cards_upgraded":["Hologram","Strike_B"]},{"damage_healed":0,"gold_gain":75,"player_choice":"Gather Gold","damage_taken":11,"max_hp_gain":0,"max_hp_loss":0,"event_name":"World of Goop","floor":4,"gold_loss":0},{"damage_healed":0,"gold_gain":0,"player_choice":"Opened","damage_taken":0,"relics_obtained":["Dodecahedron"],"max_hp_gain":0,"max_hp_loss":0,"event_name":"The Mausoleum","floor":19,"gold_loss":0,"cards_obtained":["Writhe"]},{"damage_healed":0,"gold_gain":200,"player_choice":"Gold","damage_taken":0,"max_hp_gain":0,"max_hp_loss":0,"event_name":"Wheel of Change","floor":20,"gold_loss":0},{"damage_healed":0,"gold_gain":0,"player_choice":"Max HP","damage_taken":0,"max_hp_gain":0,"max_hp_loss":4,"event_name":"Winding Halls","floor":39,"gold_loss":0},{"damage_healed":0,"gold_gain":0,"player_choice":"Fight","damage_taken":0,"max_hp_gain":0,"max_hp_loss":0,"event_name":"Mysterious Sphere","floor":47,"gold_loss":0}],"is_beta":true,"boss_relics":[{"not_picked":["Eternal Feather","Velvet Choker"],"picked":"Philosopher\u0027s Stone"},{"not_picked":["Snecko Eye","FrozenCore"],"picked":"Orrery"}],"items_purged_floors":[22,37],"is_endless":false,"potions_floor_spawned":[12,13,16,28,30,31,33,35,36,44,46],"killed_by":"Awakened One","ascension_level":20}