{"gold_per_floor":[363,66,66,76,92,92,117,27,52,17,48,68,80,100,100,175,175,145,158,172,172],"floor_reached":21,"playtime":1254,"items_purged":["Normality"],"score":328,"play_id":"abb09382-7e3e-4e9c-a6ce-e56e3282fd8c","local_time":"20190221122301","is_ascension_mode":true,"campfire_choices":[{"data":"Bash","floor":6,"key":"SMITH"},{"data":"Uppercut","floor":15,"key":"SMITH"}],"neow_cost":"CURSE","seed_source_timestamp":441038306042,"circlet_count":0,"master_deck":["AscendersBane","Strike_R","Strike_R","Defend_R","Defend_R","Defend_R","Defend_R","Bash+1","Flame Barrier","Shrug It Off","Barricade","Headbutt","Whirlwind","Cleave","Panacea","Uppercut+1","True Grit","Metallicize","Flame Barrier","Feed","Intimidate","Havoc","Iron Wave"],"relics":["Burning Blood","Sling","Pen Nib","Strawberry","Anchor","Empty Cage"],"potions_floor_usage":[16,20,21],"damage_taken":[{"damage":1,"enemies":"Cultist","floor":1,"turns":4},{"damage":2,"enemies":"Jaw Worm","floor":4,"turns":8},{"damage":0,"enemies":"2 Louse","floor":5,"turns":3},{"damage":15,"enemies":"Lagavulin","floor":7,"turns":8},{"damage":8,"enemies":"Gremlin Nob","floor":11,"turns":3},{"damage":3,"enemies":"Blue Slaver","floor":12,"turns":4},{"damage":0,"enemies":"Looter","floor":13,"turns":3},{"damage":0,"enemies":"2 Fungi Beasts","floor":14,"turns":4},{"damage":36,"enemies":"Slime Boss","floor":16,"turns":15},{"damage":14,"enemies":"2 Thieves","floor":18,"turns":5},{"damage":18,"enemies":"Chosen","floor":19,"turns":6},{"damage":49,"enemies":"Shelled Parasite and Fungi","floor":20,"turns":15},{"damage":22,"enemies":"Sentry and Sphere","floor":21,"turns":5}],"seed_played":"-7613204239282069787","potions_obtained":[{"floor":1,"key":"Regen Potion"},{"floor":4,"key":"Dexterity Potion"},{"floor":18,"key":"Explosive Potion"},{"floor":19,"key":"Block Potion"}],"is_trial":false,"path_per_floor":["M","$","?","M","M","R","E","$","T","$","E","M","M","M","R","B",null,"M","M","M","M"],"character_chosen":"IRONCLAD","items_purchased":["Sling","Shrug It Off","Panacea","Uppercut"],"campfire_rested":0,"item_purchase_floors":[2,2,8,10],"current_hp_per_floor":[73,73,73,75,75,75,66,66,73,73,71,74,80,82,82,67,78,73,64,21,0],"gold":172,"neow_bonus":"TWO_FIFTY_GOLD","is_prod":false,"is_daily":false,"chose_seed":false,"campfire_upgraded":2,"win_rate":0,"timestamp":1550769781,"path_taken":["M","$","?","M","M","R","E","$","T","?","E","?","M","M","R","BOSS","M","M","M","?"],"build_version":"2019-02-06","purchased_purges":1,"victory":false,"max_hp_per_floor":[75,75,75,75,75,75,75,75,82,82,82,82,82,82,82,82,82,85,88,88,88],"card_choices":[{"not_picked":["Havoc","Iron Wave"],"picked":"Flame Barrier","floor":1},{"not_picked":["Perfected Strike","Shrug It Off"],"picked":"Headbutt","floor":4},{"not_picked":["Warcry","Sentinel"],"picked":"Whirlwind","floor":5},{"not_picked":["Body Slam","Flex"],"picked":"Cleave","floor":7},{"not_picked":["Rage","Headbutt"],"picked":"True Grit","floor":11},{"not_picked":["Intimidate","Thunderclap"],"picked":"Metallicize","floor":12},{"not_picked":["Reaper","Clothesline"],"picked":"Flame Barrier","floor":13},{"not_picked":["Headbutt","Sword Boomerang","Wild Strike"],"picked":"SKIP","floor":14},{"not_picked":["Immolate","Limit Break"],"picked":"Feed","floor":16},{"not_picked":["Reckless Charge","Feel No Pain"],"picked":"Intimidate","floor":18},{"not_picked":["Clash","Perfected Strike"],"picked":"Havoc","floor":19},{"not_picked":["Hemokinesis","Clothesline"],"picked":"Iron Wave","floor":20}],"player_experience":407776,"relics_obtained":[{"floor":7,"key":"Pen Nib"},{"floor":9,"key":"Strawberry"},{"floor":11,"key":"Anchor"}],"event_choices":[{"damage_healed":0,"gold_gain":0,"cards_transformed":["Strike_R"],"player_choice":"Change","damage_taken":0,"max_hp_gain":0,"max_hp_loss":0,"event_name":"Living Wall","floor":3,"gold_loss":0,"cards_obtained":["Barricade"]}],"is_beta":true,"boss_relics":[{"not_picked":["Runic Cube","Eternal Feather"],"picked":"Empty Cage"}],"items_purged_floors":[2],"is_endless":false,"potions_floor_spawned":[1,4,12,18,19],"killed_by":"Sentry and Sphere","ascension_level":14}