{"gold_per_floor":[111,61,77,96,96,96,131,131,131,141,141,156,174,174],"floor_reached":14,"playtime":488,"items_purged":[],"score":117,"play_id":"c8c20e55-b5ae-4507-9032-d8c19958c529","local_time":"20190203034354","is_ascension_mode":false,"campfire_choices":[{"data":"Bash","floor":6,"key":"SMITH"},{"floor":8,"key":"REST"}],"neow_cost":"NONE","seed_source_timestamp":593254283238815,"circlet_count":0,"master_deck":["Strike_R","Strike_R","Strike_R","Strike_R","Strike_R","Defend_R","Defend_R","Defend_R","Defend_R","Bash+1","Armaments","Clothesline","Heavy Blade","Bash","Juggernaut","Pain"],"relics":["Burning Blood","Sundial","Pear"],"potions_floor_usage":[3,3,7,12,14],"damage_taken":[{"damage":0,"enemies":"2 Louse","floor":1,"turns":4},{"damage":10,"enemies":"Small Slimes","floor":3,"turns":2},{"damage":4,"enemies":"Cultist","floor":4,"turns":4},{"damage":44,"enemies":"3 Sentries","floor":7,"turns":9},{"damage":17,"enemies":"Lots of Slimes","floor":10,"turns":5},{"damage":12,"enemies":"Large Slime","floor":12,"turns":3},{"damage":31,"enemies":"3 Louse","floor":13,"turns":5},{"damage":41,"enemies":"Lagavulin","floor":14,"turns":5}],"seed_played":"745684236850235464","potions_obtained":[{"floor":0,"key":"SpeedPotion"},{"floor":0,"key":"SteroidPotion"},{"floor":0,"key":"FearPotion"},{"floor":1,"key":"GamblersBrew"},{"floor":4,"key":"Block Potion"},{"floor":7,"key":"LiquidBronze"}],"is_trial":false,"path_per_floor":["M","$","M","M","?","R","E","R","T","M","?","M","M","E"],"character_chosen":"IRONCLAD","items_purchased":["Clothesline"],"campfire_rested":1,"item_purchase_floors":[2],"current_hp_per_floor":[80,80,76,78,83,83,45,70,80,69,69,63,38,0],"gold":174,"neow_bonus":"THREE_SMALL_POTIONS","is_prod":false,"is_daily":false,"chose_seed":false,"campfire_upgraded":1,"win_rate":0,"timestamp":1549194234,"path_taken":["M","$","M","M","?","R","E","R","T","M","?","M","?","E"],"build_version":"2019-01-23","purchased_purges":0,"victory":false,"max_hp_per_floor":[80,80,80,80,85,85,85,85,95,95,95,95,95,95],"card_choices":[{"not_picked":["Sword Boomerang","Twin Strike"],"picked":"Armaments","floor":1},{"not_picked":["Shockwave","Thunderclap"],"picked":"Heavy Blade","floor":3},{"not_picked":["Uppercut","Infernal Blade","Body Slam"],"picked":"SKIP","floor":4},{"not_picked":["Heavy Blade","Wild Strike","Reckless Charge"],"picked":"SKIP","floor":7},{"not_picked":["Sword Boomerang","Clothesline","Wild Strike"],"picked":"SKIP","floor":10},{"not_picked":["Thunderclap","Demon Form","True Grit"],"picked":"SKIP","floor":12},{"not_picked":["Sever Soul","Cleave","Carnage"],"picked":"SKIP","floor":13}],"player_experience":231055,"relics_obtained":[{"floor":7,"key":"Sundial"},{"floor":9,"key":"Pear"}],"event_choices":[{"damage_healed":0,"gold_gain":0,"player_choice":"Donut","damage_taken":0,"max_hp_gain":5,"max_hp_loss":0,"event_name":"Big Fish","floor":5,"gold_loss":0},{"damage_healed":0,"gold_gain":0,"player_choice":"3 cards matched","damage_taken":0,"max_hp_gain":0,"max_hp_loss":0,"event_name":"Match and Keep!","floor":11,"gold_loss":0,"cards_obtained":["Bash","Juggernaut","Pain"]}],"is_beta":false,"boss_relics":[],"items_purged_floors":[],"is_endless":false,"potions_floor_spawned":[1,4,7],"killed_by":"Lagavulin","ascension_level":0}