{"gold_per_floor":[115,128,128,152,152,152,185,185,209,284,284,307,331,372,372,372],"floor_reached":16,"playtime":406,"items_purged":[],"score":220,"play_id":"5d1efbc9-3c5b-4c7f-941e-70e6383b7cab","local_time":"20190324011735","is_ascension_mode":true,"campfire_choices":[{"data":"Neutralize","floor":6,"key":"SMITH"},{"data":"Predator","floor":8,"key":"SMITH"},{"data":"Predator","floor":11,"key":"SMITH"},{"data":"Defend_G","floor":15,"key":"SMITH"}],"neow_cost":"NONE","seed_source_timestamp":939297690920371,"circlet_count":0,"master_deck":["AscendersBane","Defend_G+1","Defend_G","Defend_G","Defend_G","Defend_G","Strike_G","Strike_G","Strike_G","Strike_G","Strike_G","Survivor","Neutralize+1","Predator+1","Predator+1","PiercingWail","PiercingWail","Dash"],"relics":["Coffee Dripper","Golden Idol","Anchor","Bag of Marbles","Juzu Bracelet"],"potions_floor_usage":[7,14,16],"damage_taken":[{"damage":4,"enemies":"Small Slimes","floor":1,"turns":3},{"damage":2,"enemies":"Jaw Worm","floor":2,"turns":4},{"damage":0,"enemies":"2 Louse","floor":4,"turns":2},{"damage":14,"enemies":"3 Sentries","floor":7,"turns":8},{"damage":0,"enemies":"Exordium Wildlife","floor":12,"turns":3},{"damage":8,"enemies":"Exordium Thugs","floor":13,"turns":5},{"damage":12,"enemies":"Lagavulin","floor":14,"turns":6},{"damage":0,"enemies":"The Guardian","floor":16,"turns":2}],"seed_played":"-263399851788809780","potions_obtained":[{"floor":4,"key":"Energy Potion"},{"floor":7,"key":"AttackPotion"},{"floor":13,"key":"Explosive Potion"},{"floor":14,"key":"Dexterity Potion"}],"is_trial":false,"path_per_floor":["M","M","?","M","?","R","E","R","T","?","R","M","M","E","R","B"],"character_chosen":"THE_SILENT","items_purchased":[],"campfire_rested":0,"item_purchase_floors":[],"current_hp_per_floor":[55,53,53,53,53,53,39,39,39,28,28,28,20,8,8,8],"gold":372,"neow_bonus":"BOSS_RELIC","is_prod":false,"is_daily":false,"chose_seed":false,"campfire_upgraded":4,"win_rate":0,"timestamp":1553404655,"path_taken":["M","M","?","M","?","R","E","R","T","?","R","?","M","E","R","BOSS"],"build_version":"2019-03-15","purchased_purges":0,"victory":false,"max_hp_per_floor":[66,66,60,60,60,60,60,60,60,60,60,60,60,60,60,60],"card_choices":[{"not_picked":["PiercingWail","Calculated Gamble"],"picked":"Predator","floor":1},{"not_picked":["Expertise","Underhanded Strike"],"picked":"Predator","floor":2},{"not_picked":["Bane","Heel Hook"],"picked":"PiercingWail","floor":4},{"not_picked":["Bouncing Flask","Acrobatics"],"picked":"PiercingWail","floor":7},{"not_picked":["Quick Slash","Bane","Distraction"],"picked":"SKIP","floor":12},{"not_picked":["Backstab","Cloak And Dagger"],"picked":"Dash","floor":13},{"not_picked":["Heel Hook","Flying Knee","Slice"],"picked":"SKIP","floor":14}],"player_experience":1209904,"relics_obtained":[{"floor":7,"key":"Anchor"},{"floor":9,"key":"Bag of Marbles"},{"floor":14,"key":"Juzu Bracelet"}],"event_choices":[{"damage_healed":0,"gold_gain":0,"player_choice":"Lose Max HP","damage_taken":0,"relics_obtained":["Golden Idol"],"max_hp_gain":0,"max_hp_loss":6,"event_name":"Golden Idol","floor":3,"gold_loss":0},{"damage_healed":0,"gold_gain":0,"player_choice":"Ignored","damage_taken":0,"max_hp_gain":0,"max_hp_loss":0,"event_name":"Liars Game","floor":5,"gold_loss":0},{"damage_healed":0,"gold_gain":75,"player_choice":"Gather Gold","damage_taken":11,"max_hp_gain":0,"max_hp_loss":0,"event_name":"World of Goop","floor":10,"gold_loss":0}],"is_beta":true,"boss_relics":[],"items_purged_floors":[],"is_endless":false,"potions_floor_spawned":[4,7,13,14],"killed_by":"The Guardian","ascension_level":20}