{"gold_per_floor":[119,35,35,0,0,0,25,25,51,90,109,128,172,322,322,415,415,428,428,442,42,42,42,58,58,58,108,108,131,31,54,54,145,145,166,182,182,57,0,0,0,38,38,38,51,71,71,87,87,87],"floor_reached":50,"playtime":2602,"items_purged":["Doubt","Underhanded Strike","Expertise"],"score":1056,"play_id":"41a6150e-a166-4969-a258-77d1458967b6","local_time":"20190317140125","is_ascension_mode":true,"campfire_choices":[{"data":"Footwork","floor":6,"key":"SMITH"},{"data":"Neutralize","floor":8,"key":"SMITH"},{"data":"Bouncing Flask","floor":15,"key":"SMITH"},{"data":"Ghostly","floor":23,"key":"SMITH"},{"data":"Night Terror","floor":25,"key":"SMITH"},{"data":"Ghostly","floor":28,"key":"SMITH"},{"data":"Catalyst","floor":32,"key":"SMITH"},{"data":"After Image","floor":40,"key":"SMITH"},{"floor":44,"key":"RECALL"},{"data":"Ghostly","floor":47,"key":"SMITH"},{"floor":49,"key":"REST"}],"neow_cost":"NONE","seed_source_timestamp":378135198328172,"circlet_count":0,"master_deck":["AscendersBane","Survivor","Neutralize+1","Dodge and Roll","Footwork+1","Bouncing Flask+1","After Image+1","PiercingWail","Night Terror+1","All Out Attack","Envenom","Choke","Blade Dance","Die Die Die","Distraction","Concentrate","Ghostly+1","Ghostly+1","Ghostly+1","Catalyst+1","Corpse Explosion","PiercingWail","Bouncing Flask+1"],"relics":["Ring of the Snake","NeowsBlessing","Centennial Puzzle","Golden Idol","Blood Vial","Ginger","Boot","Pandora\u0027s Box","Dead Branch","Runic Pyramid","Red Mask","The Courier","Bag of Preparation"],"potions_floor_usage":[12,13,18,29,33,42,50],"damage_taken":[{"damage":0,"enemies":"Jaw Worm","floor":1,"turns":1},{"damage":0,"enemies":"2 Louse","floor":7,"turns":1},{"damage":0,"enemies":"3 Sentries","floor":10,"turns":1},{"damage":4,"enemies":"Small Slimes","floor":11,"turns":3},{"damage":0,"enemies":"2 Fungi Beasts","floor":12,"turns":7},{"damage":7,"enemies":"Gremlin Nob","floor":13,"turns":3},{"damage":24,"enemies":"The Guardian","floor":16,"turns":11},{"damage":31,"enemies":"Shell Parasite","floor":18,"turns":5},{"damage":7,"enemies":"3 Byrds","floor":20,"turns":7},{"damage":15,"enemies":"Centurion and Healer","floor":24,"turns":9},{"damage":11,"enemies":"Cultist and Chosen","floor":29,"turns":5},{"damage":3,"enemies":"Snake Plant","floor":31,"turns":5},{"damage":4,"enemies":"Champ","floor":33,"turns":11},{"damage":0,"enemies":"3 Shapes","floor":35,"turns":4},{"damage":6,"enemies":"3 Darklings","floor":36,"turns":3},{"damage":7,"enemies":"Reptomancer","floor":42,"turns":7},{"damage":0,"enemies":"Jaw Worm Horde","floor":45,"turns":4},{"damage":7,"enemies":"Maw","floor":46,"turns":8},{"damage":9,"enemies":"Spire Growth","floor":48,"turns":6},{"damage":39,"enemies":"Donu and Deca","floor":50,"turns":7}],"seed_played":"-9083100030014543793","potions_obtained":[{"floor":1,"key":"AttackPotion"},{"floor":10,"key":"SkillPotion"},{"floor":12,"key":"Block Potion"},{"floor":20,"key":"Poison Potion"},{"floor":29,"key":"Energy Potion"},{"floor":31,"key":"PowerPotion"},{"floor":33,"key":"Block Potion"},{"floor":36,"key":"GhostInAJar"},{"floor":42,"key":"Ancient Potion"}],"is_trial":false,"path_per_floor":["M","$","?","?","?","R","M","R","T","E","M","M","E","?","R","B",null,"M","?","M","$","?","R","M","R","T","?","R","M","$","M","R","B",null,"M","M","?","$","?","R","?","E","T","R","M","M","R","M","R","B"],"character_chosen":"THE_SILENT","items_purchased":["Footwork","Dead Branch"],"campfire_rested":1,"item_purchase_floors":[2,21],"current_hp_per_floor":[59,59,41,57,57,57,57,57,57,59,56,58,53,53,53,31,53,24,24,19,19,40,40,25,25,25,21,21,12,12,11,11,9,32,34,30,30,30,30,30,30,25,25,25,27,22,22,15,27,0],"gold":87,"neow_bonus":"THREE_ENEMY_KILL","is_prod":false,"is_daily":false,"chose_seed":false,"campfire_upgraded":9,"win_rate":0,"timestamp":1552845685,"path_taken":["M","$","?","?","?","R","M","R","T","E","M","M","E","?","R","BOSS","M","?","M","$","?","R","?","R","T","?","R","?","?","M","R","BOSS","M","M","?","$","?","R","?","E","T","R","?","M","R","M","R","BOSS"],"build_version":"2019-03-15","purchased_purges":3,"victory":false,"max_hp_per_floor":[66,66,66,66,60,60,60,60,60,60,60,60,60,60,60,60,60,60,30,30,30,40,40,40,40,40,40,40,40,40,40,40,40,40,40,40,40,40,40,40,40,40,40,40,40,40,40,40,40,40],"card_choices":[{"not_picked":["Riddle With Holes","Masterful Stab"],"picked":"Dodge and Roll","floor":1},{"not_picked":["Accuracy","Outmaneuver","Prepared"],"picked":"SKIP","floor":7},{"not_picked":["Backflip","Sucker Punch"],"picked":"Bouncing Flask","floor":10},{"not_picked":["Dash","Dodge and Roll"],"picked":"After Image","floor":11},{"not_picked":["Calculated Gamble","Dodge and Roll"],"picked":"PiercingWail","floor":12},{"not_picked":["Cloak And Dagger","Reflex"],"picked":"Poisoned Stab","floor":13},{"not_picked":["Bullet Time","Venomology"],"picked":"Night Terror","floor":16},{"not_picked":["Outmaneuver","Dagger Spray","Acrobatics"],"picked":"SKIP","floor":18},{"not_picked":["Terror","Deadly Poison","Acrobatics+1"],"picked":"SKIP","floor":20},{"not_picked":["Poisoned Stab","Underhanded Strike","Glass Knife"],"picked":"SKIP","floor":24},{"not_picked":["Bouncing Flask","Outmaneuver+1","Quick Slash"],"picked":"SKIP","floor":29},{"not_picked":["Reflex+1","Bane"],"picked":"Catalyst","floor":31},{"not_picked":["Burst","Phantasmal Killer"],"picked":"Corpse Explosion","floor":33},{"not_picked":["Deflect+1","Tactician"],"picked":"PiercingWail","floor":35},{"not_picked":["Poisoned Stab+1","Quick Slash"],"picked":"Bouncing Flask+1","floor":36},{"not_picked":["Reflex","Slice","Footwork"],"picked":"SKIP","floor":42},{"not_picked":["Terror","Flying Knee","Well Laid Plans"],"picked":"SKIP","floor":45},{"not_picked":["Endless Agony","Dagger Throw+1","Footwork+1"],"picked":"SKIP","floor":46},{"not_picked":["Flying Knee","Underhanded Strike","Reflex"],"picked":"SKIP","floor":48}],"player_experience":1125797,"relics_obtained":[{"floor":9,"key":"Blood Vial"},{"floor":10,"key":"Ginger"},{"floor":13,"key":"Boot"},{"floor":42,"key":"The Courier"},{"floor":43,"key":"Bag of Preparation"}],"event_choices":[{"damage_healed":0,"gold_gain":0,"player_choice":"Success","damage_taken":18,"relics_obtained":["Centennial Puzzle"],"max_hp_gain":0,"max_hp_loss":0,"event_name":"Scrap Ooze","floor":3,"gold_loss":0},{"damage_healed":16,"gold_gain":0,"player_choice":"Healed","damage_taken":0,"max_hp_gain":0,"max_hp_loss":0,"event_name":"The Cleric","floor":4,"gold_loss":35},{"damage_healed":0,"gold_gain":0,"player_choice":"Lose Max HP","damage_taken":0,"relics_obtained":["Golden Idol"],"max_hp_gain":0,"max_hp_loss":6,"event_name":"Golden Idol","floor":5,"gold_loss":0},{"damage_healed":0,"gold_gain":150,"player_choice":"AGREE","damage_taken":0,"max_hp_gain":0,"max_hp_loss":0,"event_name":"Liars Game","floor":14,"gold_loss":0,"cards_obtained":["Doubt"]},{"damage_healed":0,"gold_gain":0,"player_choice":"Became a Ghost","damage_taken":0,"max_hp_gain":0,"max_hp_loss":30,"event_name":"Ghosts","floor":19,"gold_loss":0,"cards_obtained":["Ghostly","Ghostly","Ghostly"]},{"cards_removed":["Envenom"],"damage_healed":11,"gold_gain":0,"player_choice":"Offered Rare","damage_taken":0,"max_hp_gain":10,"max_hp_loss":0,"event_name":"Bonfire Elementals","floor":22,"gold_loss":0},{"damage_healed":0,"gold_gain":50,"player_choice":"Touch","damage_taken":4,"max_hp_gain":0,"max_hp_loss":0,"event_name":"FaceTrader","floor":27,"gold_loss":0},{"cards_removed":["Poisoned Stab"],"damage_healed":0,"gold_gain":0,"player_choice":"Removed Attack","damage_taken":0,"max_hp_gain":0,"max_hp_loss":0,"event_name":"Falling","floor":37,"gold_loss":0},{"damage_healed":0,"gold_gain":0,"player_choice":"Paid","damage_taken":0,"relics_obtained":["Red Mask"],"max_hp_gain":0,"max_hp_loss":0,"event_name":"Tomb of Lord Red Mask","floor":39,"gold_loss":57},{"damage_healed":0,"gold_gain":0,"player_choice":"Memory 1","damage_taken":0,"max_hp_gain":0,"max_hp_loss":0,"event_name":"SensoryStone","floor":41,"gold_loss":0}],"is_beta":true,"boss_relics":[{"not_picked":["Tiny House","WristBlade"],"picked":"Pandora\u0027s Box"},{"not_picked":["Calling Bell","Busted Crown"],"picked":"Runic Pyramid"}],"items_purged_floors":[21,30,38],"is_endless":false,"potions_floor_spawned":[1,10,12,20,29,31,33,36,42,45],"killed_by":"Donu and Deca","ascension_level":20}