{"path_per_floor":["M","M","M","M","M","M","R","$","T","M","E","R","?","?","R","B",null,"M"],"character_chosen":"DEFECT","items_purchased":[],"gold_per_floor":[119,132,142,159,170,180,180,105,105,122,151,151,151,151,151,246,246,171,171],"floor_reached":19,"campfire_rested":2,"playtime":1415,"current_hp_per_floor":[75,69,69,66,54,41,41,41,41,37,1,23,23,23,45,22,75,54,0],"items_purged":["Strike_B"],"gold":171,"score":177,"play_id":"7b0a6e91-e9f7-4e9f-b9e1-770620e61273","local_time":"20180502125458","is_prod":false,"is_daily":false,"chose_seed":false,"is_ascension_mode":true,"campfire_upgraded":1,"timestamp":1525280098,"path_taken":["M","M","M","M","M","M","R","$","T","?","E","R","?","?","R","BOSS","M","?"],"build_version":"2018-04-26v2","seed_source_timestamp":2203039425909,"purchased_purges":1,"victory":false,"master_deck":["Strike_B","Strike_B","Defend_B","Defend_B","Defend_B","Defend_B","Zap+1","Dualcast","Hologram+1","White Noise","Cold Snap","Sweeping Beam","Blizzard","Conserve Battery","Prime","Defragment","Gash","Fission","Coolheaded"],"max_hp_per_floor":[75,75,75,75,75,75,75,75,75,75,75,75,75,75,75,75,75,75,75],"relics":["Cracked Core","Ancient Tea Set","Mummified Hand","Sozu"],"card_choices":[{"not_picked":["Go for the Eyes","Auto Shields"],"picked":"Hologram","floor":1},{"not_picked":["Go for the Eyes","Capacitor"],"picked":"White Noise","floor":2},{"not_picked":["Streamline","Capacitor"],"picked":"Cold Snap","floor":3},{"not_picked":["Ball Lightning","Hello World"],"picked":"Sweeping Beam","floor":4},{"not_picked":["Cold Snap","Rip and Tear"],"picked":"Blizzard","floor":5},{"not_picked":["Capacitor","Auto Shields"],"picked":"Conserve Battery","floor":6},{"not_picked":["Barrage","Stack"],"picked":"Prime","floor":10},{"not_picked":["Barrage","Axe Kick"],"picked":"Defragment","floor":11},{"not_picked":["Creative AI","Amplify"],"picked":"Fission","floor":16},{"not_picked":["Blizzard","Capacitor"],"picked":"Coolheaded","floor":18}],"player_experience":76746,"potions_floor_usage":[5,16,19],"damage_taken":[{"damage":0,"enemies":"Cultist","floor":1,"turns":4},{"damage":6,"enemies":"Jaw Worm","floor":2,"turns":4},{"damage":0,"enemies":"2 Louse","floor":3,"turns":3},{"damage":3,"enemies":"Red Slaver","floor":4,"turns":3},{"damage":12,"enemies":"Large Slime","floor":5,"turns":7},{"damage":13,"enemies":"Blue Slaver","floor":6,"turns":3},{"damage":4,"enemies":"2 Fungi Beasts","floor":10,"turns":4},{"damage":36,"enemies":"Gremlin Nob","floor":11,"turns":5},{"damage":23,"enemies":"The Guardian","floor":16,"turns":8},{"damage":28,"enemies":"2 Thieves","floor":18,"turns":5},{"damage":66,"enemies":"Masked Bandits","floor":19,"turns":5}],"event_choices":[{"event_name":"Living Wall","player_choice":"Change","floor":13,"damage_taken":0},{"event_name":"Accursed Blacksmith","player_choice":"Forge","floor":14,"damage_taken":0},{"event_name":"Masked Bandits","player_choice":"Fought over 171 gold","floor":19,"damage_taken":0}],"boss_relics":[{"not_picked":["Eternal Feather","Ectoplasm"],"picked":"Sozu"}],"potions_floor_spawned":[2,3,10,11],"seed_played":"-8295503036061617629","killed_by":"Masked Bandits","ascension_level":1,"is_trial":false}