{"gold_per_floor":[13,33,33,47,47,47,222,249,275,275,295,309,63,63,63,165,165,184,211,225,150,150,185,185],"floor_reached":24,"playtime":1550,"items_purged":["Doubt"],"score":268,"play_id":"760fed47-18cf-4917-9241-1a210c48f687","local_time":"20190118220600","is_ascension_mode":true,"campfire_choices":[{"data":"Hologram","floor":6,"key":"SMITH"},{"data":"Fission","floor":10,"key":"SMITH"},{"data":"Zap","floor":15,"key":"SMITH"}],"neow_cost":"NO_GOLD","seed_source_timestamp":43613109468217,"circlet_count":0,"master_deck":["Strike_B","Strike_B","Strike_B","Defend_B+1","Defend_B","Defend_B","Zap+1","Dualcast","Discovery+1","Panacea","Hologram+1","FTL","Fission+1","Genetic Algorithm","Conserve Battery","Scrape","Flash of Steel","Seek","Rebound+1","Hello World"],"relics":["Cracked Core","War Paint","Orichalcum","Busted Crown","Du-Vu Doll"],"potions_floor_usage":[23,23],"damage_taken":[{"damage":0,"enemies":"2 Louse","floor":1,"turns":2},{"damage":0,"enemies":"Small Slimes","floor":2,"turns":3},{"damage":0,"enemies":"Cultist","floor":4,"turns":3},{"damage":46,"enemies":"Gremlin Nob","floor":8,"turns":5},{"damage":3,"enemies":"Blue Slaver","floor":11,"turns":4},{"damage":0,"enemies":"2 Fungi Beasts","floor":12,"turns":1},{"damage":53,"enemies":"Slime Boss","floor":16,"turns":13},{"damage":4,"enemies":"Shell Parasite","floor":18,"turns":3},{"damage":10,"enemies":"3 Byrds","floor":20,"turns":4},{"damage":40,"enemies":"Slavers","floor":23,"turns":7},{"damage":20,"enemies":"3 Cultists","floor":24,"turns":4}],"seed_played":"-5737833847784702906","potions_obtained":[{"floor":1,"key":"SpeedPotion"},{"floor":12,"key":"Ancient Potion"},{"floor":16,"key":"Block Potion"},{"floor":18,"key":"SteroidPotion"},{"floor":23,"key":"Energy Potion"}],"is_trial":false,"path_per_floor":["M","M","$","M","?","R","?","E","T","R","M","M","$","?","R","B",null,"M","T","M","?","?","E","M"],"character_chosen":"DEFECT","items_purchased":["Scrape","Flash of Steel"],"campfire_rested":0,"item_purchase_floors":[13,13],"current_hp_per_floor":[75,75,75,75,80,80,80,34,34,34,31,31,31,80,80,27,67,63,63,53,53,53,13,0],"gold":185,"neow_bonus":"RANDOM_COLORLESS_2","is_prod":false,"is_daily":false,"chose_seed":false,"campfire_upgraded":3,"win_rate":0,"timestamp":1547867160,"path_taken":["M","M","$","M","?","R","?","E","T","R","M","M","$","?","R","BOSS","M","?","M","?","?","E","M"],"build_version":"2019-01-17","purchased_purges":1,"victory":false,"max_hp_per_floor":[75,75,75,75,80,80,80,80,80,80,80,80,80,80,80,80,80,80,80,80,80,80,80,80],"card_choices":[{"not_picked":["White Noise","Conserve Battery"],"picked":"Hologram","floor":1},{"not_picked":["Steam","Stack"],"picked":"FTL","floor":2},{"not_picked":["Go for the Eyes","Coolheaded","Steam"],"picked":"SKIP","floor":4},{"not_picked":["Go for the Eyes","Coolheaded","Steam"],"picked":"SKIP","floor":4},{"not_picked":["Heatsinks","Loop"],"picked":"Fission","floor":8},{"not_picked":["White Noise","Blizzard"],"picked":"Genetic Algorithm","floor":11},{"not_picked":["Darkness","Sweeping Beam"],"picked":"Conserve Battery","floor":12},{"not_picked":["Meteor Strike","Biased Cognition"],"picked":"Seek","floor":16},{"not_picked":[],"picked":"Rebound+1","floor":18},{"not_picked":["Rebound+1"],"picked":"SKIP","floor":20},{"not_picked":[],"picked":"Hello World","floor":23}],"player_experience":217168,"relics_obtained":[{"floor":8,"key":"War Paint"},{"floor":9,"key":"Orichalcum"},{"floor":23,"key":"Du-Vu Doll"}],"event_choices":[{"damage_healed":0,"gold_gain":0,"player_choice":"Donut","damage_taken":0,"max_hp_gain":5,"max_hp_loss":0,"event_name":"Big Fish","floor":5,"gold_loss":0},{"damage_healed":0,"gold_gain":175,"player_choice":"AGREE","damage_taken":0,"max_hp_gain":0,"max_hp_loss":0,"event_name":"Liars Game","floor":7,"gold_loss":0,"cards_obtained":["Doubt"]},{"damage_healed":49,"gold_gain":0,"player_choice":"Full Heal","damage_taken":0,"max_hp_gain":0,"max_hp_loss":0,"event_name":"Wheel of Change","floor":14,"gold_loss":0},{"cards_removed":["Strike_B"],"damage_healed":0,"gold_gain":0,"player_choice":"Gave Gold","damage_taken":0,"max_hp_gain":0,"max_hp_loss":0,"event_name":"Beggar","floor":21,"gold_loss":75},{"cards_removed":["Defend_B"],"damage_healed":0,"gold_gain":0,"player_choice":"Elegance","damage_taken":0,"max_hp_gain":0,"max_hp_loss":0,"event_name":"Back to Basics","floor":22,"gold_loss":0}],"is_beta":true,"boss_relics":[{"not_picked":["White Beast Statue","Calling Bell"],"picked":"Busted Crown"}],"items_purged_floors":[13],"is_endless":false,"potions_floor_spawned":[1,12,16,18,23],"killed_by":"3 Cultists","ascension_level":5}