{"gold_per_floor":[114,114,128,145,159,159,178,207,258,277,202,202,32,42,42,121,121,136,136,136,153,203,203,165,165,165,165,191,209,242,262,262,262],"floor_reached":33,"playtime":1464,"items_purged":["Strike_B"],"score":599,"play_id":"5f1023ee-94a4-4c3a-8d77-68f789b93bce","local_time":"20181005183431","is_ascension_mode":true,"campfire_choices":[{"data":"Streamline","floor":6.0,"key":"SMITH"},{"data":"Sweeping Beam","floor":12.0,"key":"SMITH"},{"data":"Streamline","floor":15.0,"key":"SMITH"},{"floor":23.0,"key":"REST"},{"data":"Self Repair","floor":25.0,"key":"SMITH"},{"floor":27.0,"key":"REST"},{"floor":32.0,"key":"REST"}],"neow_cost":"NONE","seed_source_timestamp":0,"circlet_count":0,"master_deck":["Defend_B","Defend_B","Defend_B","Defend_B","Zap","Dualcast","AscendersBane","Streamline+1","Genetic Algorithm","Sweeping Beam+1","Core Surge","Leap","Turbo","Leap","Streamline+1","All For One","Tempest+1","Stack+1","Consume+1","Cold Snap+1","Reinforced Body","Self Repair+1","Go for the Eyes","Beam Cell","Skim","Electrodynamics","Leap"],"special_seed":0,"relics":["Cracked Core","Dream Catcher","Omamori","Oddly Smooth Stone","Astrolabe","Regal Pillow","Pear","Happy Flower"],"potions_floor_usage":[33,33],"damage_taken":[{"damage":14.0,"enemies":"Jaw Worm","floor":1.0,"turns":4.0},{"damage":0.0,"enemies":"Cultist","floor":3.0,"turns":3.0},{"damage":1.0,"enemies":"2 Louse","floor":4.0,"turns":3.0},{"damage":6.0,"enemies":"Blue Slaver","floor":5.0,"turns":4.0},{"damage":7.0,"enemies":"Looter","floor":7.0,"turns":3.0},{"damage":16.0,"enemies":"Lagavulin","floor":8.0,"turns":6.0},{"damage":9.0,"enemies":"Exordium Thugs","floor":10.0,"turns":4.0},{"damage":0.0,"enemies":"3 Louse","floor":14.0,"turns":3.0},{"damage":36.0,"enemies":"Slime Boss","floor":16.0,"turns":15.0},{"damage":12.0,"enemies":"Spheric Guardian","floor":18.0,"turns":4.0},{"damage":16.0,"enemies":"3 Byrds","floor":21.0,"turns":5.0},{"damage":33.0,"enemies":"Slavers","floor":28.0,"turns":5.0},{"damage":11.0,"enemies":"Sentry and Sphere","floor":29.0,"turns":8.0},{"damage":35.0,"enemies":"Gremlin Leader","floor":30.0,"turns":9.0},{"damage":8.0,"enemies":"Chosen and Byrds","floor":31.0,"turns":4.0},{"damage":69,"enemies":"Automaton","floor":33,"turns":8}],"seed_played":"-3917698964965123077","potions_obtained":[{"floor":1.0,"key":"Poison Potion"},{"floor":4.0,"key":"GamblersBrew"},{"floor":8.0,"key":"Ancient Potion"},{"floor":14.0,"key":"Block Potion"},{"floor":18.0,"key":"GamblersBrew"},{"floor":21.0,"key":"AttackPotion"},{"floor":31.0,"key":"Regen Potion"}],"is_trial":false,"path_per_floor":["M","?","M","M","M","R","M","E","T","M","$","R","$","M","R","B",null,"M","?","?","M","?","R","$","R","T","R","E","M","E","M","R"],"character_chosen":"DEFECT","items_purchased":["Oddly Smooth Stone","Self Repair"],"campfire_rested":3,"item_purchase_floors":[13,24],"current_hp_per_floor":[50,81,81,80,74,74,67,51,51,42,42,42,42,42,42,6,62,50,50,27,11,11,36,36,36,36,76,53,52,17,9,52,0],"gold":262,"neow_bonus":"ONE_RANDOM_RARE_CARD","is_prod":false,"is_daily":false,"chose_seed":false,"campfire_upgraded":4,"win_rate":0,"timestamp":1538778871,"path_taken":["M","?","M","M","M","R","M","E","T","?","?","R","$","?","R","BOSS","M","?","?","M","?","R","$","R","T","R","E","M","E","?","R","BOSS"],"build_version":"2018-10-04","purchased_purges":1,"victory":false,"max_hp_per_floor":[71,81,81,81,81,81,81,81,81,81,81,81,81,81,81,81,81,81,81,86,86,86,86,86,86,86,86,96,96,96,96,96,96],"card_choices":[{"not_picked":["Tempest","Gash"],"picked":"Streamline","floor":1.0},{"not_picked":["Redo","White Noise"],"picked":"Genetic Algorithm","floor":3.0},{"not_picked":["Reinforced Body","Ball Lightning"],"picked":"Sweeping Beam","floor":4.0},{"not_picked":["Hologram","Recycle"],"picked":"Core Surge","floor":5.0},{"not_picked":["Storm","Melter"],"picked":"Leap","floor":7.0},{"not_picked":["Hologram","Self Repair"],"picked":"Turbo","floor":8.0},{"not_picked":["Stack","Melter"],"picked":"Leap","floor":10.0},{"not_picked":["Redo","Ball Lightning"],"picked":"Streamline","floor":14.0},{"not_picked":["Thunder Strike","Hyperbeam"],"picked":"All For One","floor":16.0},{"not_picked":["Doom and Gloom","Aggregate"],"picked":"Cold Snap","floor":18.0},{"not_picked":["Streamline","Barrage+1","Sunder"],"picked":"SKIP","floor":21.0},{"not_picked":["Genetic Algorithm","Rebound"],"picked":"Reinforced Body","floor":23.0},{"not_picked":["Force Field","Static Discharge"],"picked":"Go for the Eyes","floor":27.0},{"not_picked":["Steam","Streamline"],"picked":"Beam Cell","floor":28.0},{"not_picked":["Skim","Fission","Hologram"],"picked":"SKIP","floor":29.0},{"not_picked":["Fission","Hologram"],"picked":"Skim","floor":29.0},{"not_picked":["Scrape","Recycle"],"picked":"Electrodynamics","floor":30.0},{"not_picked":["Ball Lightning","Redo"],"picked":"Leap","floor":31.0}],"player_experience":928782,"relics_obtained":[{"floor":8.0,"key":"Dream Catcher"},{"floor":9.0,"key":"Omamori"},{"floor":26.0,"key":"Regal Pillow"},{"floor":28.0,"key":"Pear"},{"floor":30.0,"key":"Happy Flower"}],"event_choices":[{"event_name":"Bonfire Elementals","player_choice":"RARE","floor":2.0,"damage_taken":0.0},{"event_name":"Upgrade Shrine","player_choice":"Upgraded","floor":19.0,"damage_taken":0.0},{"event_name":"Forgotten Altar","player_choice":"Shed Blood","floor":20.0,"damage_taken":0.0},{"event_name":"Nest","player_choice":"Stole From Cult","floor":22.0,"damage_taken":0.0}],"is_beta":false,"boss_relics":[{"not_picked":["Orrery","Pandora\u0027s Box"],"picked":"Astrolabe"}],"items_purged_floors":[11],"is_endless":false,"potions_floor_spawned":[1,4,8,14,18,21,31],"killed_by":"Automaton","ascension_level":20}