{"gold_per_floor":[111,36,49,61,78,110,166,166,237,237,272,272,304,324,324,423,423,409,409,28,28,43,43,68,68,68,68,68,81,113,129,129,229,229,243,343,48,0,15,15,31,59,59,94,107,121,121,67,67,67],"floor_reached":51,"playtime":3992,"items_purged":["Normality"],"score":1080,"play_id":"8e944f70-db12-46b4-aa66-a5b1087c3b20","local_time":"20190127174854","is_ascension_mode":true,"campfire_choices":[{"data":"Wraith Form v2","floor":8,"key":"SMITH"},{"data":"Deadly Poison","floor":12,"key":"SMITH"},{"floor":15,"key":"REST"},{"data":"Choke","floor":23,"key":"SMITH"},{"data":"Cloak And Dagger","floor":27,"key":"SMITH"},{"data":"Cloak And Dagger","floor":32,"key":"SMITH"},{"data":"After Image","floor":40,"key":"SMITH"},{"data":"A Thousand Cuts","floor":47,"key":"SMITH"},{"data":"Accuracy","floor":49,"key":"SMITH"}],"neow_cost":"CURSE","seed_source_timestamp":22956851065989,"circlet_count":0,"master_deck":["Defend_G+1","Defend_G+1","Defend_G","Defend_G","Defend_G","Survivor","Neutralize+1","Wraith Form v2+1","Deadly Poison+1","Cloak And Dagger+1","Cloak And Dagger+1","Distraction","Leg Sweep","Dagger Spray","Calculated Gamble+1","Dash","Catalyst+1","Venomology+1","Terror+1","Choke+1","Well Laid Plans","Blade Dance+1","Deadly Poison+1","Bite","Bite","Bite","Bite","Bite","Noxious Fumes+1","Backflip+1","After Image+1","Sucker Punch+1","Accuracy+1","Calculated Gamble+1","Blur+1","Prepared+1","A Thousand Cuts+1","Cloak And Dagger+1","Accuracy","Backflip+1"],"relics":["Ring of the Snake","Pocketwatch","Bronze Scales","Toxic Egg 2","War Paint","Tough Bandages","Whetstone","WristBlade","Enchiridion","Mummified Hand","Ornamental Fan","Shuriken","Snake Skull","Coffee Dripper","Pen Nib","Red Mask","Potion Belt","Darkstone Periapt","Oddly Smooth Stone","Smiling Mask"],"potions_floor_usage":[7,13,16,18,24,29,30,30,30,33,33,33,42,45,46,50,50,50,50,50,50],"damage_taken":[{"damage":1,"enemies":"2 Louse","floor":1,"turns":6},{"damage":1,"enemies":"Jaw Worm","floor":3,"turns":3},{"damage":0,"enemies":"Small Slimes","floor":4,"turns":3},{"damage":1,"enemies":"2 Fungi Beasts","floor":5,"turns":5},{"damage":11,"enemies":"Lagavulin","floor":6,"turns":8},{"damage":7,"enemies":"Gremlin Nob","floor":7,"turns":5},{"damage":15,"enemies":"3 Sentries","floor":11,"turns":6},{"damage":9,"enemies":"Lagavulin","floor":13,"turns":7},{"damage":0,"enemies":"Gremlin Gang","floor":14,"turns":4},{"damage":3,"enemies":"The Guardian","floor":16,"turns":10},{"damage":0,"enemies":"2 Thieves","floor":18,"turns":4},{"damage":0,"enemies":"3 Byrds","floor":22,"turns":4},{"damage":16,"enemies":"Book of Stabbing","floor":24,"turns":5},{"damage":0,"enemies":"Snake Plant","floor":29,"turns":3},{"damage":1,"enemies":"Slavers","floor":30,"turns":3},{"damage":0,"enemies":"Centurion and Healer","floor":31,"turns":4},{"damage":34,"enemies":"Automaton","floor":33,"turns":7},{"damage":0,"enemies":"3 Shapes","floor":35,"turns":3},{"damage":1,"enemies":"Orb Walker","floor":39,"turns":2},{"damage":0,"enemies":"Sphere and 2 Shapes","floor":41,"turns":2},{"damage":0,"enemies":"Reptomancer","floor":42,"turns":5},{"damage":0,"enemies":"Giant Head","floor":44,"turns":7},{"damage":0,"enemies":"3 Darklings","floor":45,"turns":4},{"damage":0,"enemies":"Transient","floor":46,"turns":5},{"damage":25,"enemies":"Time Eater","floor":50,"turns":11}],"seed_played":"862505283553949784","potions_obtained":[{"floor":3,"key":"Energy Potion"},{"floor":6,"key":"Poison Potion"},{"floor":7,"key":"Energy Potion"},{"floor":13,"key":"Ancient Potion"},{"floor":14,"key":"GamblersBrew"},{"floor":31,"key":"Fire Potion"},{"floor":39,"key":"GhostInAJar"},{"floor":42,"key":"SpeedPotion"},{"floor":44,"key":"Energy Potion"}],"is_trial":false,"path_per_floor":["M","$","M","M","M","E","?","R","T","T","E","R","E","M","R","B",null,"M","?","$","?","M","R","E","?","T","R","$","M","E","M","R","B",null,"M","?","$","?","M","R","M","E","T","E","M","M","R","?","R","B",null],"character_chosen":"THE_SILENT","items_purchased":["Mummified Hand","Choke","Well Laid Plans","Pen Nib","Accuracy","Calculated Gamble+1"],"campfire_rested":1,"item_purchase_floors":[20,20,20,37,37,37],"current_hp_per_floor":[62,62,61,61,60,49,42,42,42,42,27,27,18,18,39,36,62,62,46,46,39,39,39,23,23,23,23,23,25,32,38,38,12,40,44,44,44,44,49,49,49,49,49,49,49,49,49,49,49,28],"gold":67,"neow_bonus":"THREE_RARE_CARDS","is_prod":false,"is_daily":false,"chose_seed":false,"campfire_upgraded":8,"win_rate":0,"timestamp":1548629334,"path_taken":["M","$","M","M","M","E","?","R","T","?","E","R","E","M","R","BOSS","M","?","$","?","?","R","E","?","T","R","$","M","E","M","R","BOSS","M","?","?","?","M","R","?","E","T","E","M","M","R","?","R","BOSS"],"build_version":"2019-01-23","purchased_purges":1,"victory":true,"max_hp_per_floor":[70,70,70,70,70,70,70,70,70,70,70,70,70,70,70,70,70,70,70,70,70,70,70,70,49,49,49,49,49,49,49,49,49,49,49,49,49,49,49,49,49,49,49,49,49,49,49,49,49,49],"card_choices":[{"not_picked":["Glass Knife","Phantasmal Killer"],"picked":"Wraith Form v2","floor":0},{"not_picked":["Deflect","Underhanded Strike"],"picked":"Deadly Poison","floor":1},{"not_picked":["Finisher","Riddle With Holes"],"picked":"Cloak And Dagger","floor":3},{"not_picked":["Finisher","PiercingWail"],"picked":"Cloak And Dagger","floor":4},{"not_picked":["Concentrate","Underhanded Strike"],"picked":"Distraction","floor":5},{"not_picked":["Backflip","Bane"],"picked":"Leg Sweep","floor":6},{"not_picked":["Calculated Gamble","Escape Plan"],"picked":"Dagger Spray","floor":7},{"not_picked":["Tools of the Trade","Deadly Poison+1"],"picked":"Calculated Gamble+1","floor":11},{"not_picked":["Heel Hook","Skewer"],"picked":"Dash","floor":13},{"not_picked":["Outmaneuver+1","Riddle With Holes"],"picked":"Catalyst+1","floor":14},{"not_picked":["Storm of Steel+1","Glass Knife"],"picked":"Venomology+1","floor":16},{"not_picked":["Quick Slash","Dash"],"picked":"Terror+1","floor":18},{"not_picked":["Acrobatics+1","Dagger Throw"],"picked":"Blade Dance+1","floor":22},{"not_picked":["Poisoned Stab+1","Blade Dance+1"],"picked":"Deadly Poison+1","floor":24},{"not_picked":["Prepared+1","Backstab"],"picked":"Noxious Fumes+1","floor":29},{"not_picked":["Glass Knife","Flying Knee","Bane+1"],"picked":"SKIP","floor":30},{"not_picked":["Sucker Punch","Masterful Stab"],"picked":"Backflip+1","floor":31},{"not_picked":["Unload","Wraith Form v2"],"picked":"After Image","floor":33},{"not_picked":["Dagger Spray","Acrobatics+1"],"picked":"Sucker Punch+1","floor":35},{"not_picked":["PiercingWail+1","Setup+1"],"picked":"Blur+1","floor":39},{"not_picked":["Acrobatics+1","Bane+1"],"picked":"Prepared+1","floor":41},{"not_picked":["Dagger Spray","Prepared+1"],"picked":"A Thousand Cuts","floor":42},{"not_picked":["Masterful Stab","PiercingWail+1"],"picked":"Cloak And Dagger+1","floor":44},{"not_picked":["Eviscerate","Sucker Punch+1"],"picked":"Accuracy","floor":45},{"not_picked":["All Out Attack+1","Outmaneuver+1"],"picked":"Backflip+1","floor":46}],"player_experience":271810,"relics_obtained":[{"floor":6,"key":"Pocketwatch"},{"floor":9,"key":"Toxic Egg 2"},{"floor":10,"key":"War Paint"},{"floor":11,"key":"Tough Bandages"},{"floor":13,"key":"Whetstone"},{"floor":19,"key":"Enchiridion"},{"floor":24,"key":"Ornamental Fan"},{"floor":26,"key":"Shuriken"},{"floor":30,"key":"Snake Skull"},{"floor":42,"key":"Potion Belt"},{"floor":43,"key":"Darkstone Periapt"},{"floor":44,"key":"Oddly Smooth Stone"}],"event_choices":[{"damage_healed":0,"gold_gain":0,"player_choice":"Searched \u00273\u0027 times","damage_taken":0,"relics_obtained":["Bronze Scales"],"max_hp_gain":0,"max_hp_loss":0,"event_name":"Dead Adventurer","floor":7,"gold_loss":0},{"damage_healed":0,"gold_gain":0,"player_choice":"Obtained Book","damage_taken":16,"max_hp_gain":0,"max_hp_loss":0,"event_name":"Cursed Tome","floor":19,"gold_loss":0},{"damage_healed":0,"gold_gain":0,"player_choice":"","damage_taken":7,"max_hp_gain":0,"max_hp_loss":0,"event_name":"Knowing Skull","floor":21,"potions_obtained":[],"gold_loss":0,"cards_obtained":[]},{"damage_healed":0,"gold_gain":0,"player_choice":"Became a vampire","damage_taken":0,"max_hp_gain":0,"max_hp_loss":21,"event_name":"Vampires","floor":25,"gold_loss":0,"cards_obtained":["Bite","Bite","Bite","Bite","Bite"]},{"damage_healed":0,"gold_gain":100,"player_choice":"Pray","damage_taken":0,"max_hp_gain":0,"max_hp_loss":0,"event_name":"Golden Shrine","floor":36,"gold_loss":0},{"damage_healed":0,"gold_gain":0,"player_choice":"Paid","damage_taken":0,"relics_obtained":["Red Mask"],"max_hp_gain":0,"max_hp_loss":0,"event_name":"Tomb of Lord Red Mask","floor":38,"gold_loss":48},{"damage_healed":0,"gold_gain":0,"player_choice":"Paid Gold","damage_taken":0,"relics_obtained":["Smiling Mask"],"max_hp_gain":0,"max_hp_loss":0,"event_name":"WeMeetAgain","floor":48,"gold_loss":54}],"is_beta":true,"boss_relics":[{"not_picked":["Astrolabe","Runic Pyramid"],"picked":"WristBlade"},{"not_picked":["Calling Bell","Sozu"],"picked":"Coffee Dripper"}],"items_purged_floors":[2],"is_endless":false,"potions_floor_spawned":[3,6,7,13,14,24,31,39,42,44,46],"ascension_level":7}