{"gold_per_floor":[109,123,25,25,25,51,51,65,65,90,103,103,138,158,158,256,256,267,32,32,131,141,141,172,172,172,188,188,220,237,250,250,250],"floor_reached":33,"playtime":1347,"items_purged":["Strike_R"],"score":551,"play_id":"5de1d1b0-a053-4f12-ab17-c073a7f0beab","local_time":"20190120172733","is_ascension_mode":true,"campfire_choices":[{"data":"Bludgeon","floor":7,"key":"SMITH"},{"data":"Flex","floor":12,"key":"SMITH"},{"data":"Defend_R","floor":15,"key":"SMITH"},{"data":"True Grit","floor":23,"key":"SMITH"},{"floor":25,"key":"REST"},{"data":"Barricade","floor":32,"key":"SMITH"}],"neow_cost":"NONE","seed_source_timestamp":3160780546210,"circlet_count":0,"master_deck":["Strike_R","Strike_R+1","Strike_R","Strike_R","Defend_R","Defend_R","Defend_R","Defend_R+1","Bash","Clothesline+1","Spot Weakness","Panacea+1","Bludgeon+1","Spot Weakness","Flex+1","Limit Break","Dark Embrace","True Grit+1","Impervious","Armaments+1","Inflame","Shrug It Off","Barricade+1","Twin Strike","Pommel Strike+1"],"relics":["Burning Blood","NeowsBlessing","Pantograph","Blood Vial","Whetstone","Orichalcum","Cursed Key","Lantern","Ornamental Fan","Bronze Scales","Dream Catcher"],"potions_floor_usage":[10,10,16,18,30,33],"damage_taken":[{"damage":0,"enemies":"Small Slimes","floor":1,"turns":1},{"damage":0,"enemies":"Jaw Worm","floor":2,"turns":1},{"damage":0,"enemies":"Lagavulin","floor":6,"turns":2},{"damage":1,"enemies":"Cultist","floor":8,"turns":3},{"damage":32,"enemies":"3 Sentries","floor":10,"turns":6},{"damage":7,"enemies":"Exordium Thugs","floor":11,"turns":4},{"damage":9,"enemies":"Gremlin Nob","floor":13,"turns":3},{"damage":5,"enemies":"2 Fungi Beasts","floor":14,"turns":3},{"damage":0,"enemies":"Slime Boss","floor":16,"turns":5},{"damage":12,"enemies":"3 Byrds","floor":18,"turns":4},{"damage":16,"enemies":"Spheric Guardian","floor":22,"turns":4},{"damage":40,"enemies":"Slavers","floor":24,"turns":7},{"damage":37,"enemies":"3 Cultists","floor":27,"turns":6},{"damage":15,"enemies":"Book of Stabbing","floor":29,"turns":5},{"damage":17,"enemies":"Shelled Parasite and Fungi","floor":30,"turns":4},{"damage":0,"enemies":"Snake Plant","floor":31,"turns":2},{"damage":64,"enemies":"Automaton","floor":33,"turns":8}],"seed_played":"8296531940819639308","potions_obtained":[{"floor":2,"key":"SkillPotion"},{"floor":8,"key":"Poison Potion"},{"floor":13,"key":"Ancient Potion"},{"floor":14,"key":"SkillPotion"},{"floor":16,"key":"Poison Potion"},{"floor":24,"key":"Strength Potion"},{"floor":30,"key":"Fire Potion"},{"floor":31,"key":"Regen Potion"}],"is_trial":false,"path_per_floor":["M","M","$","?","?","E","R","M","T","E","M","R","E","M","R","B",null,"M","$","T","?","M","R","E","R","T","M","?","E","M","M","R","B"],"character_chosen":"IRONCLAD","items_purchased":["Panacea","Impervious"],"campfire_rested":1,"item_purchase_floors":[3,19],"current_hp_per_floor":[78,80,80,80,80,80,80,80,80,54,55,55,54,57,57,80,80,74,74,74,74,66,66,34,58,58,29,29,22,13,21,21,0],"gold":250,"neow_bonus":"THREE_ENEMY_KILL","is_prod":false,"is_daily":false,"chose_seed":false,"campfire_upgraded":5,"win_rate":0,"timestamp":1548023253,"path_taken":["M","M","$","?","?","E","R","M","T","E","M","R","E","M","R","BOSS","M","?","?","?","M","R","E","R","T","M","?","E","M","?","R","BOSS"],"build_version":"2019-01-19","purchased_purges":1,"victory":false,"max_hp_per_floor":[80,80,80,80,80,80,80,80,80,80,80,80,80,80,80,80,80,80,80,80,80,80,80,80,80,80,80,77,77,77,77,77,77],"card_choices":[{"not_picked":["Sword Boomerang","Heavy Blade"],"picked":"Clothesline","floor":1},{"not_picked":["Thunderclap","Shockwave"],"picked":"Spot Weakness","floor":2},{"not_picked":["Battle Trance","Inflame"],"picked":"Bludgeon","floor":6},{"not_picked":["Infernal Blade","Blood for Blood","Clothesline"],"picked":"SKIP","floor":8},{"not_picked":["Sword Boomerang","Thunderclap"],"picked":"Spot Weakness","floor":10},{"not_picked":["Armaments","Rupture"],"picked":"Flex","floor":11},{"not_picked":["Sever Soul","Clothesline"],"picked":"Limit Break","floor":13},{"not_picked":["Pommel Strike","Twin Strike","Burning Pact"],"picked":"SKIP","floor":14},{"not_picked":["Brutality","Bludgeon"],"picked":"Dark Embrace","floor":16},{"not_picked":["Uppercut","Fire Breathing"],"picked":"True Grit","floor":18},{"not_picked":["Clash","Cleave"],"picked":"Armaments+1","floor":22},{"not_picked":["Reckless Charge","Havoc"],"picked":"Inflame","floor":24},{"not_picked":["Iron Wave","Wild Strike"],"picked":"Shrug It Off","floor":27},{"not_picked":["Headbutt","Warcry"],"picked":"Barricade","floor":29},{"not_picked":["Sword Boomerang+1","Wild Strike"],"picked":"Twin Strike","floor":30},{"not_picked":["Thunderclap","Clash"],"picked":"Pommel Strike+1","floor":31}],"player_experience":232957,"relics_obtained":[{"floor":6,"key":"Pantograph"},{"floor":9,"key":"Blood Vial"},{"floor":10,"key":"Whetstone"},{"floor":13,"key":"Orichalcum"},{"floor":20,"key":"Lantern"},{"floor":24,"key":"Ornamental Fan"},{"floor":26,"key":"Bronze Scales"},{"floor":29,"key":"Dream Catcher"}],"event_choices":[{"damage_healed":0,"gold_gain":0,"player_choice":"Leave","damage_taken":0,"max_hp_gain":0,"max_hp_loss":0,"event_name":"The Cleric","floor":4,"gold_loss":0},{"damage_healed":0,"gold_gain":0,"player_choice":"Upgraded","damage_taken":0,"max_hp_gain":0,"max_hp_loss":0,"event_name":"Upgrade Shrine","floor":5,"gold_loss":0,"cards_upgraded":["Panacea"]},{"damage_healed":0,"gold_gain":99,"player_choice":"Stole From Cult","damage_taken":0,"max_hp_gain":0,"max_hp_loss":0,"event_name":"Nest","floor":21,"gold_loss":0},{"cards_removed":["Parasite","Writhe"],"damage_healed":0,"gold_gain":0,"player_choice":"Removed Curses","damage_taken":0,"max_hp_gain":0,"max_hp_loss":0,"event_name":"Fountain of Cleansing","floor":28,"gold_loss":0}],"is_beta":true,"boss_relics":[{"not_picked":["Velvet Choker","Fusion Hammer"],"picked":"Cursed Key"}],"items_purged_floors":[19],"is_endless":false,"potions_floor_spawned":[2,8,13,14,16,24,30,31],"killed_by":"Automaton","ascension_level":9}