{"gold_per_floor":[110,8,8,22,39,39,114,114,161,181,200,229,194,213,213,213],"floor_reached":16,"playtime":526,"items_purged":["Strike_G"],"score":102,"play_id":"ff56cf3a-af22-4433-a688-528c71cb08e0","local_time":"20190127081215","is_ascension_mode":false,"campfire_choices":[{"data":"Backstab","floor":6,"key":"SMITH"},{"floor":8,"key":"REST"},{"floor":15,"key":"REST"}],"neow_cost":"NONE","seed_source_timestamp":4472072932435,"circlet_count":0,"master_deck":["Defend_G","Defend_G","Defend_G+1","Defend_G","Defend_G","Strike_G","Strike_G","Strike_G","Strike_G","Survivor","Neutralize+1","Envenom","Blade Dance","Backstab+1","Blade Dance"],"relics":["Ring of the Snake","Dream Catcher","Orichalcum"],"potions_floor_usage":[12,12,16],"damage_taken":[{"damage":8,"enemies":"Small Slimes","floor":1,"turns":4},{"damage":12,"enemies":"2 Louse","floor":4,"turns":4},{"damage":0,"enemies":"Cultist","floor":5,"turns":3},{"damage":25,"enemies":"Gremlin Gang","floor":10,"turns":4},{"damage":12,"enemies":"Exordium Wildlife","floor":11,"turns":4},{"damage":4,"enemies":"Gremlin Nob","floor":12,"turns":4},{"damage":4,"enemies":"Red Slaver","floor":14,"turns":2},{"damage":43,"enemies":"The Guardian","floor":16,"turns":14}],"seed_played":"5616404124220874723","potions_obtained":[{"floor":5,"key":"FearPotion"},{"floor":11,"key":"Explosive Potion"},{"floor":12,"key":"Energy Potion"}],"is_trial":false,"path_per_floor":["M","$","?","M","M","R","?","R","T","M","M","E","?","M","R","B"],"character_chosen":"THE_SILENT","items_purchased":["Blade Dance"],"campfire_rested":2,"item_purchase_floors":[2],"current_hp_per_floor":[62,62,48,36,36,36,25,46,46,21,9,5,22,18,39,0],"gold":213,"neow_bonus":"ONE_RANDOM_RARE_CARD","is_prod":false,"is_daily":false,"chose_seed":false,"campfire_upgraded":1,"win_rate":0,"timestamp":1548605535,"path_taken":["M","$","?","M","M","R","?","R","T","M","M","E","?","M","R","BOSS"],"build_version":"2019-01-23","purchased_purges":1,"victory":false,"max_hp_per_floor":[70,70,70,70,70,70,70,70,70,70,70,70,70,70,70,70],"card_choices":[{"not_picked":["Deadly Poison","Acrobatics","Bouncing Flask"],"picked":"SKIP","floor":1},{"not_picked":["Bouncing Flask","Finisher","Acrobatics"],"picked":"SKIP","floor":4},{"not_picked":["Slice","Deadly Poison"],"picked":"Backstab","floor":5},{"not_picked":["Escape Plan","Dagger Throw","Backflip"],"picked":"SKIP","floor":10},{"not_picked":["Underhanded Strike","Blur","Reflex"],"picked":"SKIP","floor":11},{"not_picked":["Eviscerate","Outmaneuver","Deflect"],"picked":"SKIP","floor":12},{"not_picked":["Malaise","Underhanded Strike","Backflip"],"picked":"SKIP","floor":14},{"not_picked":["Poisoned Stab","Acrobatics"],"picked":"Blade Dance","floor":15}],"player_experience":200259,"relics_obtained":[{"floor":9,"key":"Dream Catcher"},{"floor":12,"key":"Orichalcum"}],"event_choices":[{"damage_healed":0,"gold_gain":0,"player_choice":"Entered Light","damage_taken":14,"max_hp_gain":0,"max_hp_loss":0,"event_name":"Shining Light","floor":3,"gold_loss":0,"cards_upgraded":["Defend_G","Neutralize"]},{"damage_healed":0,"gold_gain":75,"player_choice":"Gather Gold","damage_taken":11,"max_hp_gain":0,"max_hp_loss":0,"event_name":"World of Goop","floor":7,"gold_loss":0},{"damage_healed":17,"gold_gain":0,"player_choice":"Healed","damage_taken":0,"max_hp_gain":0,"max_hp_loss":0,"event_name":"The Cleric","floor":13,"gold_loss":35}],"is_beta":false,"boss_relics":[],"items_purged_floors":[2],"is_endless":false,"potions_floor_spawned":[5,11,12],"killed_by":"The Guardian","ascension_level":0}