{"gold_per_floor":[110,185,44,58,34,59,59,79,106,106,106,62,62],"floor_reached":13,"playtime":263,"items_purged":[],"score":182,"play_id":"7bb4bf68-d104-46ee-98de-1c6f489a609a","local_time":"20181019213256","is_ascension_mode":true,"campfire_choices":[{"floor":7.0,"key":"REST"}],"neow_cost":"NONE","seed_source_timestamp":701730710001533,"circlet_count":0,"master_deck":["Strike_B","Strike_B","Strike_B","Strike_B","Defend_B","Defend_B","Defend_B","Defend_B","Zap","Dualcast","AscendersBane","Sweeping Beam","Genetic Algorithm","Conserve Battery","Ball Lightning","Go for the Eyes","Auto Shields","Chill"],"special_seed":0,"relics":["Cracked Core","Potion Belt","Happy Flower","Juzu Bracelet","Blue Candle"],"potions_floor_usage":[],"damage_taken":[{"damage":6.0,"enemies":"Cultist","floor":1.0,"turns":3.0},{"damage":7.0,"enemies":"Jaw Worm","floor":4.0,"turns":3.0},{"damage":30.0,"enemies":"Lagavulin","floor":6.0,"turns":6.0},{"damage":0.0,"enemies":"2 Louse","floor":8.0,"turns":4.0},{"damage":0.0,"enemies":"Gremlin Nob","floor":10.0,"turns":1.0},{"damage":5,"enemies":"Lots of Slimes","floor":13,"turns":2}],"seed_played":"-9217819233462154743","potions_obtained":[{"floor":1.0,"key":"SmokeBomb"}],"is_trial":false,"path_per_floor":["M","?","$","M","$","E","R","M","T","E","?","$"],"character_chosen":"DEFECT","items_purchased":["Genetic Algorithm","FearPotion","Conserve Battery","Go for the Eyes","Chill"],"campfire_rested":1,"item_purchase_floors":[3,3,3,5,12],"current_hp_per_floor":[58,47,47,40,40,10,31,31,31,31,5,5,0],"gold":62,"neow_bonus":"RANDOM_COMMON_RELIC","is_prod":false,"is_daily":false,"chose_seed":false,"campfire_upgraded":0,"win_rate":0,"timestamp":1539999176,"path_taken":["M","?","$","?","?","E","R","M","T","E","?","$","M"],"build_version":"2018-10-18","purchased_purges":0,"victory":false,"max_hp_per_floor":[71,71,71,71,71,71,71,71,71,71,71,71,71],"card_choices":[{"not_picked":["Compile Driver","Fusion"],"picked":"Sweeping Beam","floor":1.0},{"not_picked":["Sweeping Beam","Lockon"],"picked":"Ball Lightning","floor":4.0},{"not_picked":["Reprogram","Steam Power"],"picked":"Auto Shields","floor":6.0},{"not_picked":["Gash","Barrage","Hologram"],"picked":"SKIP","floor":8.0}],"player_experience":984522,"relics_obtained":[{"floor":6.0,"key":"Happy Flower"},{"floor":9.0,"key":"Juzu Bracelet"}],"event_choices":[{"damage_healed":0.0,"max_hp_gain":0.0,"max_hp_loss":0.0,"gold_gain":75.0,"event_name":"World of Goop","player_choice":"Gather Gold","floor":2.0,"gold_loss":0.0,"damage_taken":11.0},{"damage_healed":0,"gold_gain":0,"player_choice":"Success","damage_taken":26,"relics_obtained":["Blue Candle"],"max_hp_gain":0,"max_hp_loss":0,"event_name":"Scrap Ooze","floor":11,"gold_loss":0}],"is_beta":false,"boss_relics":[],"items_purged_floors":[],"is_endless":false,"potions_floor_spawned":[1,10],"killed_by":"Lots of Slimes","ascension_level":20}