{"gold_per_floor":[111,211,223,28,40,58,73,23,96,96,171,171,141,151,151,247,247,266,191,406,389,389],"floor_reached":22,"playtime":599,"items_purged":[],"score":176,"play_id":"ece3947b-0cc7-45a9-9029-46e90d3f544f","local_time":"20190129055804","is_ascension_mode":false,"campfire_choices":[{"floor":10,"key":"REST"},{"data":"Armaments","floor":12,"key":"SMITH"},{"data":"Bash","floor":15,"key":"SMITH"}],"neow_cost":"NONE","seed_source_timestamp":169160217869879,"circlet_count":0,"master_deck":["Strike_R","Strike_R","Strike_R","Strike_R","Defend_R","Defend_R","Defend_R","Defend_R","Bash+1","Heavy Blade","Heavy Blade","Armaments+1"],"relics":["Burning Blood","Regal Pillow","Strange Spoon","Mercury Hourglass","Runic Pyramid","Old Coin"],"potions_floor_usage":[5,16,16,16,22],"damage_taken":[{"damage":13,"enemies":"Jaw Worm","floor":1,"turns":3},{"damage":6,"enemies":"Cultist","floor":3,"turns":3},{"damage":10,"enemies":"Small Slimes","floor":5,"turns":3},{"damage":19,"enemies":"Blue Slaver","floor":6,"turns":3},{"damage":22,"enemies":"3 Louse","floor":7,"turns":4},{"damage":0,"enemies":"Exordium Wildlife","floor":14,"turns":3},{"damage":90,"enemies":"Hexaghost","floor":16,"turns":10},{"damage":30,"enemies":"3 Byrds","floor":18,"turns":5},{"damage":35,"enemies":"2 Thieves","floor":21,"turns":4},{"damage":27,"enemies":"Cultist and Chosen","floor":22,"turns":6}],"seed_played":"-8210119316884392428","potions_obtained":[{"floor":1,"key":"BloodPotion"},{"floor":7,"key":"Energy Potion"},{"floor":13,"key":"Regen Potion"},{"floor":13,"key":"Regen Potion"},{"floor":21,"key":"PowerPotion"}],"is_trial":false,"path_per_floor":["M","?","M","$","M","M","M","$","T","R","?","R","?","M","R","B",null,"M","?","?","M","M"],"character_chosen":"IRONCLAD","items_purchased":["Strange Spoon","Armaments"],"campfire_rested":1,"item_purchase_floors":[4,8],"current_hp_per_floor":[73,73,73,73,77,64,48,48,48,80,69,69,69,75,75,33,80,56,56,56,27,0],"gold":389,"neow_bonus":"RANDOM_COMMON_RELIC","is_prod":false,"is_daily":false,"chose_seed":false,"campfire_upgraded":2,"win_rate":0,"timestamp":1548770284,"path_taken":["M","?","M","$","M","M","M","?","T","R","?","R","?","?","R","BOSS","M","?","?","M","M"],"build_version":"2019-01-23","purchased_purges":0,"victory":false,"max_hp_per_floor":[80,80,80,80,80,80,80,80,80,80,80,80,80,80,80,80,80,80,80,80,80,80],"card_choices":[{"not_picked":["Power Through","Sever Soul","Headbutt"],"picked":"SKIP","floor":1},{"not_picked":["Flame Barrier","Infernal Blade"],"picked":"Heavy Blade","floor":3},{"not_picked":["Clash","Warcry","True Grit"],"picked":"SKIP","floor":5},{"not_picked":["Twin Strike","Dropkick","Headbutt"],"picked":"SKIP","floor":6},{"not_picked":["Sword Boomerang","Searing Blow"],"picked":"Heavy Blade","floor":7},{"not_picked":["Whirlwind","Rampage","Havoc"],"picked":"SKIP","floor":14},{"not_picked":["Feel No Pain","Perfected Strike","Dual Wield+1"],"picked":"SKIP","floor":18},{"not_picked":["Wild Strike","Cleave+1","Perfected Strike+1"],"picked":"SKIP","floor":21}],"player_experience":221860,"relics_obtained":[{"floor":9,"key":"Mercury Hourglass"}],"event_choices":[{"damage_healed":0,"gold_gain":100,"player_choice":"Pray","damage_taken":0,"max_hp_gain":0,"max_hp_loss":0,"event_name":"Golden Shrine","floor":2,"gold_loss":0},{"damage_healed":0,"gold_gain":75,"player_choice":"Gather Gold","damage_taken":11,"max_hp_gain":0,"max_hp_loss":0,"event_name":"World of Goop","floor":11,"gold_loss":0},{"damage_healed":0,"gold_gain":0,"player_choice":"Bought 2 Potions","damage_taken":0,"max_hp_gain":0,"max_hp_loss":0,"event_name":"The Woman in Blue","floor":13,"gold_loss":0},{"cards_removed":["Strike_R"],"damage_healed":0,"gold_gain":0,"player_choice":"Gave Gold","damage_taken":0,"max_hp_gain":0,"max_hp_loss":0,"event_name":"Beggar","floor":19,"gold_loss":75},{"damage_healed":0,"gold_gain":0,"player_choice":"Obtained Relic","damage_taken":0,"relics_obtained":["Old Coin"],"max_hp_gain":0,"max_hp_loss":0,"event_name":"Addict","floor":20,"gold_loss":85}],"is_beta":false,"boss_relics":[{"not_picked":["Pandora\u0027s Box","Runic Dome"],"picked":"Runic Pyramid"}],"items_purged_floors":[],"is_endless":false,"potions_floor_spawned":[1,7,21],"killed_by":"Cultist and Chosen","ascension_level":0}