{"gold_per_floor":[209,219,89,89,104,104,169,244,244,257,270,94,109,126,126,126],"floor_reached":16,"playtime":735,"items_purged":["Strike_B"],"score":208,"play_id":"4ed04987-732f-4e5b-80a5-eade4e59c2bc","local_time":"20181014091138","is_ascension_mode":true,"campfire_choices":[{"floor":6.0,"key":"REST"},{"floor":15,"key":"REST"}],"neow_cost":"NONE","seed_source_timestamp":224717401650272,"circlet_count":0,"master_deck":["Strike_B","Strike_B","Strike_B","Defend_B","Defend_B","Defend_B","Defend_B","Zap","Dualcast","AscendersBane","Sweeping Beam","Chill","Ball Lightning","Electrodynamics","Steam","Turbo","Cold Snap"],"special_seed":0,"relics":["Cracked Core","Letter Opener","Tiny Chest","Omamori","Bag of Marbles"],"potions_floor_usage":[14,16],"damage_taken":[{"damage":4.0,"enemies":"Jaw Worm","floor":1.0,"turns":4.0},{"damage":12.0,"enemies":"Small Slimes","floor":2.0,"turns":3.0},{"damage":5.0,"enemies":"2 Louse","floor":5.0,"turns":3.0},{"damage":29.0,"enemies":"Lagavulin","floor":7.0,"turns":6.0},{"damage":6.0,"enemies":"2 Fungi Beasts","floor":10.0,"turns":3.0},{"damage":9.0,"enemies":"Looter","floor":11.0,"turns":3.0},{"damage":0.0,"enemies":"Lots of Slimes","floor":13.0,"turns":2.0},{"damage":0,"enemies":"Red Slaver","floor":14,"turns":1},{"damage":26,"enemies":"Hexaghost","floor":16,"turns":9}],"seed_played":"1530104803558333912","potions_obtained":[{"floor":5.0,"key":"Strength Potion"},{"floor":11.0,"key":"Strength Potion"}],"is_trial":false,"path_per_floor":["M","M","$","?","M","R","E","?","T","M","M","$","M","M","R"],"character_chosen":"DEFECT","items_purchased":["FearPotion","Bag of Marbles"],"campfire_rested":2,"item_purchase_floors":[3,12],"current_hp_per_floor":[60,48,48,43,38,59,30,19,19,13,4,4,4,4,25,0],"gold":126,"neow_bonus":"HUNDRED_GOLD","is_prod":false,"is_daily":false,"chose_seed":false,"campfire_upgraded":0,"win_rate":0,"timestamp":1539522698,"path_taken":["M","M","$","?","M","R","E","?","T","M","?","?","?","M","R","BOSS"],"build_version":"2018-10-11","purchased_purges":1,"victory":false,"max_hp_per_floor":[71,71,71,71,71,71,71,71,71,71,71,71,71,71,71,71],"card_choices":[{"not_picked":["Leap","Genetic Algorithm"],"picked":"Sweeping Beam","floor":1.0},{"not_picked":["Undo","Double Energy"],"picked":"Chill","floor":2.0},{"not_picked":["Barrage","Streamline"],"picked":"Ball Lightning","floor":5.0},{"not_picked":["Machine Learning","Beam Cell"],"picked":"Electrodynamics","floor":7.0},{"not_picked":["Sweeping Beam","Steam","Barrage"],"picked":"SKIP","floor":10.0},{"not_picked":["Rip and Tear","Blizzard"],"picked":"Steam","floor":11.0},{"not_picked":["Stack","Rebound"],"picked":"Turbo","floor":13.0},{"not_picked":["Double Energy","Consume"],"picked":"Cold Snap","floor":14}],"player_experience":963839,"relics_obtained":[{"floor":7.0,"key":"Tiny Chest"},{"floor":9.0,"key":"Omamori"}],"event_choices":[{"event_name":"Scrap Ooze","player_choice":"success","floor":4.0,"damage_taken":5.0},{"event_name":"World of Goop","player_choice":"Gather Gold","floor":8.0,"damage_taken":0.0}],"is_beta":false,"boss_relics":[],"items_purged_floors":[3],"is_endless":false,"potions_floor_spawned":[5,11],"killed_by":"Hexaghost","ascension_level":20}