{"gold_per_floor":[117,127,21,39,50,83,83,110,110,128,147,181,181,207,207,279,279,296,308,233,233,252,252,277,295,369,369,369,67,86,115,115,115],"floor_reached":33,"playtime":3050,"items_purged":["Wild Strike"],"score":659,"play_id":"6b3a0345-ac65-4654-96f2-c872ef44b2bb","local_time":"20190219003814","is_ascension_mode":true,"campfire_choices":[{"data":"Inflame","floor":15.0,"key":"SMITH"},{"floor":23.0,"key":"REST"},{"floor":27.0,"key":"REST"},{"floor":32.0,"key":"REST"}],"neow_cost":"TEN_PERCENT_HP_LOSS","seed_source_timestamp":821226348023000,"circlet_count":0,"master_deck":["AscendersBane","Defend_R","Defend_R","Defend_R","Defend_R","Bash","Immolate","Iron Wave","Dark Shackles","Metallicize","Inflame+1","Clothesline","Spot Weakness","Uppercut","Brutality","Headbutt","Reaper","Pummel","Anger","Writhe","Iron Wave","Anger","Bite","Bite","Bite","Bite","Bite","Battle Trance","Rupture","Anger+1"],"special_seed":0,"relics":["Burning Blood","Ginger","Shuriken","Self Forming Clay","Art of War","Pantograph","Fusion Hammer","Du-Vu Doll","Vajra","Darkstone Periapt","Tiny Chest","Bronze Scales"],"potions_floor_usage":[33],"damage_taken":[{"damage":6.0,"enemies":"Cultist","floor":1.0,"turns":4.0},{"damage":0.0,"enemies":"2 Louse","floor":2.0,"turns":1.0},{"damage":0.0,"enemies":"Small Slimes","floor":4.0,"turns":3.0},{"damage":0.0,"enemies":"Exordium Wildlife","floor":5.0,"turns":3.0},{"damage":24.0,"enemies":"Lagavulin","floor":6.0,"turns":6.0},{"damage":20.0,"enemies":"3 Sentries","floor":8.0,"turns":5.0},{"damage":0.0,"enemies":"2 Fungi Beasts","floor":10.0,"turns":4.0},{"damage":8.0,"enemies":"Blue Slaver","floor":11.0,"turns":3.0},{"damage":15.0,"enemies":"Gremlin Nob","floor":12.0,"turns":4.0},{"damage":8.0,"enemies":"Lagavulin","floor":14.0,"turns":7.0},{"damage":35.0,"enemies":"Hexaghost","floor":16.0,"turns":11.0},{"damage":6.0,"enemies":"Spheric Guardian","floor":18.0,"turns":3.0},{"damage":15.0,"enemies":"Shell Parasite","floor":19.0,"turns":3.0},{"damage":13.0,"enemies":"Sentry and Sphere","floor":22.0,"turns":4.0},{"damage":23.0,"enemies":"Gremlin Leader","floor":24.0,"turns":5.0},{"damage":21.0,"enemies":"Centurion and Healer","floor":25.0,"turns":6.0},{"damage":19.0,"enemies":"Snecko","floor":30.0,"turns":4.0},{"damage":19.0,"enemies":"Book of Stabbing","floor":31.0,"turns":4.0},{"damage":90,"enemies":"Collector","floor":33,"turns":6}],"seed_played":"-8136551466556321313","potions_obtained":[{"floor":5.0,"key":"BloodPotion"},{"floor":8.0,"key":"SteroidPotion"},{"floor":12.0,"key":"Strength Potion"},{"floor":14.0,"key":"Block Potion"},{"floor":19.0,"key":"Block Potion"},{"floor":24.0,"key":"Regen Potion"},{"floor":30.0,"key":"Block Potion"}],"is_trial":false,"path_per_floor":["M","M","$","M","M","E","T","E","T","M","M","E","?","E","R","B",null,"M","M","?","?","M","R","E","M","T","R","?","$","M","E","R","B"],"character_chosen":"IRONCLAD","items_purchased":["Dark Shackles","Battle Trance","Tiny Chest"],"campfire_rested":3,"item_purchase_floors":[3,29,29],"current_hp_per_floor":[68,68,68,68,68,50,50,36,36,42,46,37,37,35,35,31,59,59,55,55,55,55,68,51,50,50,68,47,47,40,31,45,0],"gold":115,"neow_bonus":"THREE_RARE_CARDS","is_prod":false,"is_daily":false,"chose_seed":false,"campfire_upgraded":1,"win_rate":0,"timestamp":1550554694,"path_taken":["M","?","$","M","?","E","?","E","T","M","M","E","?","E","R","BOSS","M","M","?","?","M","R","E","?","T","R","?","$","M","E","R","BOSS"],"build_version":"2019-01-23","purchased_purges":1,"victory":false,"max_hp_per_floor":[68,68,68,68,68,68,68,68,68,68,68,68,68,68,68,68,68,68,68,68,68,68,68,68,68,68,68,47,47,47,47,47,47],"card_choices":[{"not_picked":["Juggernaut","Barricade"],"picked":"Immolate","floor":0.0},{"not_picked":["Clash","Twin Strike"],"picked":"Iron Wave","floor":1.0},{"not_picked":["Flame Barrier","Iron Wave"],"picked":"Wild Strike","floor":2.0},{"not_picked":["Wild Strike","Rampage"],"picked":"Metallicize","floor":4.0},{"not_picked":["Blood for Blood","Perfected Strike"],"picked":"Inflame","floor":5.0},{"not_picked":["Havoc","Infernal Blade"],"picked":"Clothesline","floor":6.0},{"not_picked":["Whirlwind","Rampage"],"picked":"Spot Weakness","floor":8.0},{"not_picked":["Rage","Twin Strike","Searing Blow"],"picked":"SKIP","floor":10.0},{"not_picked":["Thunderclap","Rampage"],"picked":"Uppercut","floor":11.0},{"not_picked":["Juggernaut","Sentinel"],"picked":"Brutality","floor":12.0},{"not_picked":["Heavy Blade","Second Wind"],"picked":"Headbutt","floor":14.0},{"not_picked":["Double Tap","Offering"],"picked":"Reaper","floor":16.0},{"not_picked":["Clothesline+1","True Grit"],"picked":"Pummel","floor":18.0},{"not_picked":["Sever Soul","Body Slam+1"],"picked":"Anger","floor":19.0},{"not_picked":["Feel No Pain","Havoc"],"picked":"Iron Wave","floor":22.0},{"not_picked":["Thunderclap","Sword Boomerang+1"],"picked":"Anger","floor":24.0},{"not_picked":["Clash","Blood for Blood","Whirlwind"],"picked":"SKIP","floor":25.0},{"not_picked":["Sever Soul","Armaments"],"picked":"Rupture","floor":30.0},{"not_picked":["Clothesline","Iron Wave"],"picked":"Anger+1","floor":31.0}],"player_experience":579191,"relics_obtained":[{"floor":6.0,"key":"Ginger"},{"floor":7.0,"key":"Shuriken"},{"floor":8.0,"key":"Self Forming Clay"},{"floor":12.0,"key":"Art of War"},{"floor":14.0,"key":"Pantograph"},{"floor":24.0,"key":"Vajra"},{"floor":26.0,"key":"Darkstone Periapt"},{"floor":31.0,"key":"Bronze Scales"}],"event_choices":[{"cards_removed":["Strike_R"],"damage_healed":0.0,"max_hp_gain":0.0,"max_hp_loss":0.0,"gold_gain":0.0,"event_name":"Purifier","player_choice":"Purged","floor":13.0,"gold_loss":0.0,"damage_taken":0.0},{"cards_removed":["Strike_R"],"damage_healed":0.0,"max_hp_gain":0.0,"max_hp_loss":0.0,"gold_gain":0.0,"event_name":"Beggar","player_choice":"Gave Gold","floor":20.0,"gold_loss":75.0,"damage_taken":0.0},{"damage_healed":0.0,"max_hp_gain":0.0,"max_hp_loss":0.0,"gold_gain":0.0,"event_name":"The Mausoleum","player_choice":"Opened","floor":21.0,"gold_loss":0.0,"damage_taken":0.0,"relics_obtained":["Du-Vu Doll"],"cards_obtained":["Writhe"]},{"damage_healed":0.0,"max_hp_gain":0.0,"max_hp_loss":21.0,"gold_gain":0.0,"event_name":"Vampires","player_choice":"Became a vampire","floor":28.0,"gold_loss":0.0,"damage_taken":0.0,"cards_obtained":["Bite","Bite","Bite","Bite","Bite"]}],"is_beta":false,"boss_relics":[{"not_picked":["Black Star","Cursed Key"],"picked":"Fusion Hammer"}],"items_purged_floors":[29],"is_endless":false,"potions_floor_spawned":[5,8,12,14,19,24,30],"killed_by":"Collector","ascension_level":20}