{"gold_per_floor":[111,286,236,236,2,2,36,50,50,50,50,76,76,91,91,187,187,204,219,233,233,248,282,282,297,297,311,636,636,649,662,662,762,762,777,796,796,100,114,148,148,183,183,197,197,197,79,96,96,96,96,96,16,43,43],"floor_reached":55,"playtime":3315,"items_purged":["Defend_G","Strike_G"],"score":1036,"play_id":"c8a0dab8-3086-4c2e-9afd-034156e46256","local_time":"20181119041307","is_ascension_mode":true,"campfire_choices":[{"data":"Metamorphosis","floor":6,"key":"SMITH"},{"data":"Neutralize","floor":11,"key":"SMITH"},{"data":"After Image","floor":13,"key":"SMITH"},{"data":"Backflip","floor":15,"key":"SMITH"},{"floor":24,"key":"REST"},{"floor":29,"key":"RECALL"},{"floor":32,"key":"REST"},{"floor":41,"key":"REST"},{"floor":46,"key":"REST"},{"floor":49,"key":"REST"},{"floor":52,"key":"REST"}],"neow_cost":"NONE","seed_source_timestamp":30354827336242,"circlet_count":0,"master_deck":["Defend_G","Defend_G","Defend_G","Strike_G","Survivor","Neutralize+1","Backflip","Metamorphosis+1","Backflip+1","Backstab","After Image+1","Adrenaline","Phantasmal Killer+1","Quick Slash+1","Backflip+1","PiercingWail+1","Acrobatics+1","Well Laid Plans","Predator+1","Corpse Explosion","Poisoned Stab+1"],"relics":["Ring of the Snake","Vajra","Nunchaku","Kunai","Fusion Hammer","Potion Belt","Old Coin","Empty Cage","Letter Opener","Medical Kit","Strawberry","The Courier","Question Card","Paper Crane","Pen Nib","Blue Candle"],"potions_floor_usage":[18,23,23,28,28,28,33,50,50,50,50],"damage_taken":[{"damage":16,"enemies":"Small Slimes","floor":1,"turns":4},{"damage":10,"enemies":"Lagavulin","floor":7,"turns":5},{"damage":0,"enemies":"Jaw Worm","floor":8,"turns":3},{"damage":11,"enemies":"Gremlin Nob","floor":12,"turns":4},{"damage":0,"enemies":"2 Louse","floor":14,"turns":2},{"damage":0,"enemies":"Slime Boss","floor":16,"turns":6},{"damage":4,"enemies":"2 Thieves","floor":18,"turns":4},{"damage":0,"enemies":"Shell Parasite","floor":19,"turns":3},{"damage":1,"enemies":"Snecko","floor":20,"turns":5},{"damage":1,"enemies":"Shelled Parasite and Fungi","floor":22,"turns":4},{"damage":68,"enemies":"Gremlin Leader","floor":23,"turns":8},{"damage":7,"enemies":"Snake Plant","floor":25,"turns":4},{"damage":0,"enemies":"Chosen and Byrds","floor":27,"turns":5},{"damage":6,"enemies":"Slavers","floor":28,"turns":6},{"damage":0,"enemies":"Centurion and Healer","floor":30,"turns":4},{"damage":17,"enemies":"Sentry and Sphere","floor":31,"turns":5},{"damage":19,"enemies":"Champ","floor":33,"turns":11},{"damage":0,"enemies":"Orb Walker","floor":35,"turns":3},{"damage":1,"enemies":"3 Darklings","floor":36,"turns":3},{"damage":0,"enemies":"Maw","floor":39,"turns":6},{"damage":34,"enemies":"Reptomancer","floor":40,"turns":8},{"damage":0,"enemies":"Nemesis","floor":42,"turns":5},{"damage":5,"enemies":"4 Shapes","floor":44,"turns":3},{"damage":21,"enemies":"Writhing Mass","floor":48,"turns":3},{"damage":7,"enemies":"Donu and Deca","floor":50,"turns":4},{"damage":59,"enemies":"Shield and Spear","floor":54,"turns":5},{"damage":31,"enemies":"The Heart","floor":55,"turns":2}],"seed_played":"5647409129872431793","potions_obtained":[{"floor":1,"key":"Energy Potion"},{"floor":8,"key":"FearPotion"},{"floor":16,"key":"EssenceOfSteel"},{"floor":18,"key":"Regen Potion"},{"floor":22,"key":"Fruit Juice"},{"floor":23,"key":"Weak Potion"},{"floor":25,"key":"Block Potion"},{"floor":27,"key":"Regen Potion"},{"floor":35,"key":"Dexterity Potion"},{"floor":40,"key":"Poison Potion"},{"floor":42,"key":"LiquidBronze"},{"floor":44,"key":"EssenceOfSteel"}],"is_trial":false,"path_per_floor":["M","?","?","?","$","R","E","M","T","$","R","E","R","M","R","B",null,"M","M","M","?","M","E","R","M","T","M","E","R","M","M","R","B",null,"M","M","?","$","M","E","R","E","T","M","?","R","$","M","R","B",null,"R","$","E","B"],"character_chosen":"THE_SILENT","items_purchased":["Metamorphosis","Backflip","Letter Opener","Medical Kit","Strawberry","Pen Nib"],"campfire_rested":6,"item_purchase_floors":[5,5,38,38,38,47],"current_hp_per_floor":[54,54,54,59,59,59,49,49,49,49,49,38,38,38,38,38,75,71,71,70,70,69,20,44,37,37,37,45,45,45,28,52,33,80,80,79,79,86,86,52,78,78,78,73,73,87,87,66,87,80,87,87,87,28,0],"gold":43,"neow_bonus":"REMOVE_CARD","is_prod":false,"is_daily":false,"chose_seed":false,"campfire_upgraded":4,"win_rate":0,"timestamp":1542618787,"path_taken":["M","?","?","?","$","R","E","M","T","?","R","E","R","M","R","BOSS","M","M","M","?","M","E","R","M","T","M","E","R","?","M","R","BOSS","M","M","?","$","M","E","R","E","T","?","?","R","$","M","R","BOSS","R","$","E","BOSS"],"build_version":"2018-11-15","purchased_purges":2,"victory":false,"max_hp_per_floor":[70,70,70,75,75,75,75,75,75,75,75,75,75,75,75,75,75,75,75,75,75,75,80,80,80,80,80,80,80,80,80,80,80,80,80,80,80,87,87,87,87,87,87,87,87,87,87,87,87,87,87,87,87,87,87],"card_choices":[{"not_picked":["All Out Attack","Blade Dance"],"picked":"Backflip","floor":1},{"not_picked":["Sucker Punch","Dagger Spray"],"picked":"Backstab","floor":7},{"not_picked":["Dagger Throw","Flying Knee","Dagger Spray"],"picked":"SKIP","floor":8},{"not_picked":["Skewer","Predator"],"picked":"After Image","floor":12},{"not_picked":["Underhanded Strike","Deflect","Dagger Throw"],"picked":"SKIP","floor":14},{"not_picked":["Bullet Time","Envenom"],"picked":"Adrenaline","floor":16},{"not_picked":["Predator","Bane","Eviscerate"],"picked":"SKIP","floor":18},{"not_picked":["Cloak And Dagger+1","Sucker Punch"],"picked":"Crippling Poison","floor":19},{"not_picked":["Prepared","Calculated Gamble+1","Dagger Spray"],"picked":"SKIP","floor":20},{"not_picked":["Dodge and Roll","Flechettes","Deadly Poison+1"],"picked":"SKIP","floor":22},{"not_picked":["Terror","Riddle With Holes","Dodge and Roll"],"picked":"SKIP","floor":23},{"not_picked":["Blade Dance","Deflect","Dodge and Roll"],"picked":"SKIP","floor":25},{"not_picked":["Heel Hook","Outmaneuver","Bane+1"],"picked":"SKIP","floor":27},{"not_picked":["Predator","Bullet Time","Tactician+1"],"picked":"SKIP","floor":28},{"not_picked":["Dagger Spray","Prepared","Escape Plan"],"picked":"SKIP","floor":30},{"not_picked":["Blade Dance","Wraith Form v2"],"picked":"Quick Slash+1","floor":31},{"not_picked":["Footwork","Blade Dance"],"picked":"Backflip+1","floor":35},{"not_picked":["Distraction+1","Dagger Throw"],"picked":"PiercingWail+1","floor":36},{"not_picked":["Poisoned Stab","Sucker Punch","Finisher+1"],"picked":"SKIP","floor":39},{"not_picked":["Dagger Throw+1","Expertise"],"picked":"Acrobatics+1","floor":40},{"not_picked":["Bouncing Flask+1","Sucker Punch+1"],"picked":"Well Laid Plans","floor":42},{"not_picked":["Endless Agony+1","Eviscerate+1","Noxious Fumes"],"picked":"Predator+1","floor":44},{"not_picked":["Skewer+1","PiercingWail+1","Poisoned Stab"],"picked":"Corpse Explosion","floor":48},{"not_picked":["Slice","Prepared+1","PiercingWail+1"],"picked":"Poisoned Stab+1","floor":54}],"player_experience":134258,"relics_obtained":[{"floor":7,"key":"Vajra"},{"floor":9,"key":"Nunchaku"},{"floor":12,"key":"Kunai"},{"floor":23,"key":"Potion Belt"},{"floor":28,"key":"Old Coin"},{"floor":40,"key":"The Courier"},{"floor":42,"key":"Question Card"},{"floor":43,"key":"Paper Crane"},{"floor":54,"key":"Blue Candle"}],"event_choices":[{"damage_healed":0,"gold_gain":175,"player_choice":"AGREE","damage_taken":0,"max_hp_gain":0,"max_hp_loss":0,"event_name":"Liars Game","floor":2,"gold_loss":0,"cards_obtained":["Doubt"]},{"cards_removed":["Doubt"],"damage_healed":0,"gold_gain":0,"player_choice":"Card Removal","damage_taken":0,"max_hp_gain":0,"max_hp_loss":0,"event_name":"The Cleric","floor":3,"gold_loss":50},{"damage_healed":0,"gold_gain":0,"player_choice":"Donut","damage_taken":0,"max_hp_gain":5,"max_hp_loss":0,"event_name":"Big Fish","floor":4,"gold_loss":0},{"damage_healed":0,"gold_gain":0,"cards_transformed":["Strike_G"],"player_choice":"Transformed","damage_taken":0,"max_hp_gain":0,"max_hp_loss":0,"event_name":"Transmorgrifier","floor":21,"gold_loss":0,"cards_obtained":["Phantasmal Killer"]},{"damage_healed":0,"gold_gain":0,"player_choice":"Forge","damage_taken":0,"max_hp_gain":0,"max_hp_loss":0,"event_name":"Accursed Blacksmith","floor":37,"gold_loss":0,"cards_upgraded":["Phantasmal Killer"]},{"cards_removed":["Crippling Poison"],"damage_healed":0,"gold_gain":0,"player_choice":"Removed Skill","damage_taken":0,"max_hp_gain":0,"max_hp_loss":0,"event_name":"Falling","floor":45,"gold_loss":0}],"is_beta":true,"boss_relics":[{"not_picked":["Lizard Tail","Pandora\u0027s Box"],"picked":"Fusion Hammer"},{"not_picked":["Eternal Feather","Orrery"],"picked":"Empty Cage"}],"items_purged_floors":[38,53],"is_endless":false,"potions_floor_spawned":[1,8,16,18,22,23,25,27,35,40,42,44],"killed_by":"The Heart","ascension_level":3}