{"gold_per_floor":[116,126,106,119,119,152,152,184,184,184],"floor_reached":10,"playtime":299,"items_purged":[],"score":144,"play_id":"ed665380-a279-4198-a2b7-2029b7f2a501","local_time":"20181031221201","is_ascension_mode":true,"campfire_choices":[{"floor":7,"key":"REST"}],"neow_cost":"NONE","seed_source_timestamp":133807253772554,"circlet_count":0,"master_deck":["Strike_B","Strike_B","Strike_B","Defend_B","Defend_B","Defend_B","Defend_B","Zap","Dualcast","AscendersBane","Chill","Cold Snap","Hologram","Leap","Turbo"],"relics":["Cracked Core","NeowsBlessing","Sundial","Meat on the Bone","Letter Opener"],"potions_floor_usage":[6,6,8,10],"damage_taken":[{"damage":0,"enemies":"2 Louse","floor":1,"turns":1},{"damage":0,"enemies":"Cultist","floor":2,"turns":1},{"damage":0,"enemies":"Jaw Worm","floor":4,"turns":1},{"damage":24,"enemies":"Gremlin Nob","floor":6,"turns":4},{"damage":35,"enemies":"3 Sentries","floor":8,"turns":13},{"damage":34,"enemies":"Lagavulin","floor":10,"turns":10}],"seed_played":"6987608613729683324","potions_obtained":[{"floor":1,"key":"SteroidPotion"},{"floor":3,"key":"SpeedPotion"},{"floor":4,"key":"Weak Potion"},{"floor":6,"key":"SteroidPotion"},{"floor":8,"key":"Regen Potion"}],"is_trial":false,"path_per_floor":["M","M","?","M","?","E","R","E","T","E"],"character_chosen":"DEFECT","items_purchased":[],"campfire_rested":1,"item_purchase_floors":[],"current_hp_per_floor":[64,64,64,64,57,33,54,19,19,0],"gold":184,"neow_bonus":"THREE_ENEMY_KILL","is_prod":false,"is_daily":false,"chose_seed":false,"campfire_upgraded":0,"win_rate":0,"timestamp":1541038321,"path_taken":["M","M","?","?","?","E","R","E","T","E"],"build_version":"2018-10-30","purchased_purges":0,"victory":false,"max_hp_per_floor":[71,71,71,71,71,71,71,71,71,71],"card_choices":[{"not_picked":["Stack","Loop"],"picked":"Chill","floor":1},{"not_picked":["Steam Power","Sweeping Beam"],"picked":"Cold Snap","floor":2},{"not_picked":["Coolheaded","Rip and Tear"],"picked":"Hologram","floor":4},{"not_picked":["Capacitor","Force Field"],"picked":"Leap","floor":6},{"not_picked":["Capacitor","Gash"],"picked":"Turbo","floor":8}],"player_experience":803318,"relics_obtained":[{"floor":6,"key":"Sundial"},{"floor":8,"key":"Meat on the Bone"},{"floor":9,"key":"Letter Opener"}],"event_choices":[{"damage_healed":0,"gold_gain":0,"player_choice":"Bought 1 Potion","damage_taken":0,"max_hp_gain":0,"max_hp_loss":0,"event_name":"The Woman in Blue","floor":3,"gold_loss":0},{"cards_removed":["Strike_B"],"damage_healed":0,"gold_gain":0,"player_choice":"Card Removal","damage_taken":7,"max_hp_gain":0,"max_hp_loss":0,"event_name":"Golden Wing","floor":5,"gold_loss":0}],"is_beta":true,"boss_relics":[],"items_purged_floors":[],"is_endless":false,"potions_floor_spawned":[1,4,6,8],"killed_by":"Lagavulin","ascension_level":18}