{"gold_per_floor":[117,130,150,55,71,71,97,97,123,123,158,158,158,189,189,288,288,307,321,183,183,202,202,235,235,235,278,71,71,71,87,87,186,186,209,230,255,181,181],"floor_reached":39,"playtime":1777,"items_purged":["Strike_R","Strike_R","Strike_R"],"score":874,"play_id":"046b442a-c3a6-4e1e-ae26-533a0a919104","local_time":"20190218134128","is_ascension_mode":true,"campfire_choices":[{"data":"Armaments","floor":6,"key":"SMITH"},{"data":"Clothesline","floor":8,"key":"SMITH"},{"data":"Spot Weakness","floor":10,"key":"SMITH"},{"data":"Pommel Strike","floor":15,"key":"SMITH"},{"data":"Demon Form","floor":23,"key":"SMITH"},{"data":"Corruption","floor":25,"key":"SMITH"},{"data":"Barricade","floor":29,"key":"SMITH"},{"data":"Feel No Pain","floor":32,"key":"SMITH"}],"neow_cost":"NONE","seed_source_timestamp":416405669329001,"circlet_count":0,"master_deck":["AscendersBane","Strike_R","Defend_R","Defend_R","Defend_R","Defend_R","Bash","Clothesline+1","Armaments+1","Power Through","Corruption+1","Spot Weakness+1","Shockwave","Reaper","Pommel Strike+1","Demon Form+1","Shrug It Off+1","Shrug It Off","Dual Wield","Entrench","Shrug It Off","Whirlwind","Barricade+1","Feel No Pain+1","Flame Barrier","Shame","Body Slam","Offering","Havoc+1","Corruption","Impervious","Headbutt"],"relics":["Burning Blood","Smiling Mask","PreservedInsect","Juzu Bracelet","Anchor","Golden Idol","Bronze Scales","Sozu","Happy Flower","Blue Candle","Dream Catcher","Cursed Key"],"potions_floor_usage":[5,7,7,22],"damage_taken":[{"damage":2,"enemies":"Cultist","floor":1,"turns":4},{"damage":6,"enemies":"Jaw Worm","floor":2,"turns":5},{"damage":1,"enemies":"2 Louse","floor":3,"turns":3},{"damage":18,"enemies":"Exordium Wildlife","floor":5,"turns":5},{"damage":20,"enemies":"3 Sentries","floor":7,"turns":9},{"damage":12,"enemies":"Gremlin Nob","floor":11,"turns":4},{"damage":5,"enemies":"3 Sentries","floor":14,"turns":7},{"damage":37,"enemies":"Hexaghost","floor":16,"turns":11},{"damage":26,"enemies":"Spheric Guardian","floor":18,"turns":6},{"damage":15,"enemies":"Shell Parasite","floor":19,"turns":7},{"damage":26,"enemies":"Chosen and Byrds","floor":22,"turns":7},{"damage":27,"enemies":"Slavers","floor":24,"turns":6},{"damage":14,"enemies":"Book of Stabbing","floor":27,"turns":6},{"damage":9,"enemies":"Snecko","floor":31,"turns":7},{"damage":78,"enemies":"Collector","floor":33,"turns":13},{"damage":15,"enemies":"3 Shapes","floor":35,"turns":9},{"damage":21,"enemies":"3 Darklings","floor":36,"turns":3},{"damage":11,"enemies":"Sphere and 2 Shapes","floor":37,"turns":4},{"damage":60,"enemies":"Transient","floor":39,"turns":4}],"seed_played":"1272101308574981617","potions_obtained":[{"floor":3,"key":"AttackPotion"},{"floor":5,"key":"Regen Potion"},{"floor":16,"key":"GamblersBrew"}],"is_trial":false,"path_per_floor":["M","M","M","$","M","R","E","R","T","R","E","?","?","E","R","B",null,"M","M","$","?","M","R","E","R","T","E","$","R","?","M","R","B",null,"M","M","M","$","M"],"character_chosen":"IRONCLAD","items_purchased":["Corruption","Fire Potion","Dual Wield","Feel No Pain","Flame Barrier","Headbutt"],"campfire_rested":0,"item_purchase_floors":[4,4,20,28,28,38],"current_hp_per_floor":[72,72,75,75,63,63,64,64,64,64,58,58,32,57,57,27,63,54,63,63,63,43,43,60,60,60,68,68,68,68,75,75,18,61,75,60,56,56,0],"gold":181,"neow_bonus":"RANDOM_COMMON_RELIC","is_prod":false,"is_daily":false,"chose_seed":false,"campfire_upgraded":8,"win_rate":0,"timestamp":1550515288,"path_taken":["M","?","M","$","?","R","E","R","T","R","E","?","?","E","R","BOSS","M","M","$","?","M","R","E","R","T","E","$","R","?","M","R","BOSS","M","M","M","$","M"],"build_version":"2019-02-06","purchased_purges":3,"victory":false,"max_hp_per_floor":[75,75,75,75,75,75,75,75,75,75,75,75,75,75,75,75,75,75,75,75,75,75,75,75,75,75,75,75,75,75,75,75,75,75,75,75,75,75,75],"card_choices":[{"not_picked":["Wild Strike","Body Slam"],"picked":"Clothesline","floor":1},{"not_picked":["Flex","Warcry"],"picked":"Armaments","floor":2},{"not_picked":["Iron Wave","Pommel Strike"],"picked":"Power Through","floor":3},{"not_picked":["Body Slam","Clothesline"],"picked":"Spot Weakness","floor":5},{"not_picked":["Uppercut","Double Tap"],"picked":"Shockwave","floor":7},{"not_picked":["Shrug It Off","Twin Strike"],"picked":"Reaper","floor":11},{"not_picked":["Headbutt","Sever Soul"],"picked":"Pommel Strike","floor":14},{"not_picked":["Immolate","Limit Break"],"picked":"Demon Form","floor":16},{"not_picked":["Iron Wave","Twin Strike"],"picked":"Shrug It Off+1","floor":18},{"not_picked":["Cleave","Anger"],"picked":"Shrug It Off","floor":19},{"not_picked":["Twin Strike","Flex"],"picked":"Shrug It Off","floor":22},{"not_picked":["Wild Strike","Flex"],"picked":"Whirlwind","floor":24},{"not_picked":["Pommel Strike","Seeing Red"],"picked":"Barricade","floor":27},{"not_picked":["Thunderclap","Carnage"],"picked":"Body Slam","floor":31},{"not_picked":["Fiend Fire","Berserk"],"picked":"Offering","floor":33},{"not_picked":["Iron Wave","Inflame"],"picked":"Havoc+1","floor":35},{"not_picked":["Havoc+1","Iron Wave+1"],"picked":"Corruption","floor":36},{"not_picked":["Pommel Strike","Cleave"],"picked":"Impervious","floor":37}],"player_experience":940576,"relics_obtained":[{"floor":7,"key":"PreservedInsect"},{"floor":9,"key":"Juzu Bracelet"},{"floor":11,"key":"Anchor"},{"floor":14,"key":"Bronze Scales"},{"floor":24,"key":"Happy Flower"},{"floor":27,"key":"Blue Candle"}],"event_choices":[{"damage_healed":0,"gold_gain":0,"player_choice":"Leave","damage_taken":0,"max_hp_gain":0,"max_hp_loss":0,"event_name":"The Cleric","floor":12,"gold_loss":0},{"damage_healed":0,"gold_gain":0,"player_choice":"Take Damage","damage_taken":26,"relics_obtained":["Golden Idol"],"max_hp_gain":0,"max_hp_loss":0,"event_name":"Golden Idol","floor":13,"gold_loss":0},{"damage_healed":0,"gold_gain":0,"cards_transformed":["Strike_R"],"player_choice":"Transformed","damage_taken":0,"max_hp_gain":0,"max_hp_loss":0,"event_name":"Transmorgrifier","floor":21,"gold_loss":0,"cards_obtained":["Entrench"]},{"damage_healed":0,"gold_gain":0,"player_choice":"Stole Relic","damage_taken":0,"relics_obtained":["Dream Catcher"],"max_hp_gain":0,"max_hp_loss":0,"event_name":"Addict","floor":30,"gold_loss":0,"cards_obtained":["Shame"]}],"is_beta":true,"boss_relics":[{"not_picked":["Fusion Hammer","Black Star"],"picked":"Sozu"},{"not_picked":["Empty Cage","Mark of Pain"],"picked":"Cursed Key"}],"items_purged_floors":[20,28,38],"is_endless":false,"potions_floor_spawned":[3,5,16,27,31,36,37],"killed_by":"Transient","ascension_level":20}