{"gold_per_floor":[119,129,54,54,70,104,104,133,208,208,221,58,89,104,104,175,175,193,193,193,193,213,213,244,244,244,262,272,306,306,339,339,339],"floor_reached":33,"playtime":1085,"items_purged":[],"score":646,"play_id":"d90e5170-964c-4b7a-beb3-783db9562b4a","local_time":"20190324185048","is_ascension_mode":true,"campfire_choices":[{"data":"Immolate","floor":7.0,"key":"SMITH"},{"data":"True Grit","floor":10.0,"key":"SMITH"},{"data":"Clothesline","floor":15.0,"key":"SMITH"},{"data":"Ghostly","floor":23.0,"key":"SMITH"},{"data":"Ghostly","floor":25.0,"key":"SMITH"},{"data":"Limit Break","floor":32,"key":"SMITH"}],"neow_cost":"NONE","seed_source_timestamp":1001722927691537,"circlet_count":0,"master_deck":["AscendersBane","Strike_R+1","Strike_R+1","Strike_R+1","Defend_R+1","Defend_R+1","Defend_R+1","Defend_R+1","Bash","Pummel","True Grit+1","Clothesline+1","Immolate+1","Cleave","Spot Weakness","Limit Break+1","Twin Strike+1","Ghostly","Ghostly+1","Ghostly+1","Flame Barrier","Pummel","Whirlwind","True Grit+1"],"special_seed":0,"relics":["Burning Blood","Whetstone","Du-Vu Doll","Lantern","Mercury Hourglass","Bag of Preparation","Art of War","Runic Dome","Enchiridion","Bird Faced Urn","Frozen Egg 2","Boot","Orichalcum"],"potions_floor_usage":[29,33],"damage_taken":[{"damage":1.0,"enemies":"Small Slimes","floor":1.0,"turns":4.0},{"damage":0.0,"enemies":"2 Louse","floor":2.0,"turns":3.0},{"damage":7.0,"enemies":"Jaw Worm","floor":5.0,"turns":5.0},{"damage":29.0,"enemies":"Gremlin Nob","floor":6.0,"turns":4.0},{"damage":7.0,"enemies":"3 Sentries","floor":8.0,"turns":5.0},{"damage":16.0,"enemies":"Exordium Thugs","floor":11.0,"turns":2.0},{"damage":6.0,"enemies":"Gremlin Nob","floor":13.0,"turns":3.0},{"damage":0.0,"enemies":"3 Louse","floor":14.0,"turns":1.0},{"damage":34.0,"enemies":"The Guardian","floor":16.0,"turns":10.0},{"damage":3.0,"enemies":"3 Byrds","floor":18.0,"turns":3.0},{"damage":0.0,"enemies":"2 Thieves","floor":22.0,"turns":2.0},{"damage":7.0,"enemies":"Gremlin Leader","floor":24.0,"turns":4.0},{"damage":4.0,"enemies":"3 Cultists","floor":27.0,"turns":3.0},{"damage":0.0,"enemies":"Centurion and Healer","floor":28.0,"turns":3.0},{"damage":2,"enemies":"Slavers","floor":29,"turns":4},{"damage":18,"enemies":"Gremlin Leader","floor":31,"turns":5},{"damage":35,"enemies":"Champ","floor":33,"turns":9}],"seed_played":"6415067382586664081","potions_obtained":[{"floor":5.0,"key":"Poison Potion"},{"floor":8.0,"key":"Weak Potion"},{"floor":11.0,"key":"PowerPotion"},{"floor":16.0,"key":"Poison Potion"}],"is_trial":false,"path_per_floor":["M","M","?","?","M","E","R","E","T","R","M","$","E","M","R","B",null,"M","?","?","?","M","R","E","R","T","M","M","E","?","E","R","B"],"character_chosen":"IRONCLAD","items_purchased":["Bag of Preparation"],"campfire_rested":0,"item_purchase_floors":[12],"current_hp_per_floor":[73,75,75,68,67,44,44,43,43,43,33,33,33,39,39,11,59,62,37,16,16,22,22,21,21,21,25,33,37,37,25,25,0],"gold":339,"neow_bonus":"RANDOM_COMMON_RELIC","is_prod":false,"is_daily":false,"chose_seed":false,"campfire_upgraded":6,"win_rate":0,"timestamp":1553467848,"path_taken":["M","M","?","?","M","E","R","E","T","R","?","$","E","M","R","BOSS","M","?","?","?","M","R","E","R","T","M","M","E","?","E","R","BOSS"],"build_version":"2019-03-15","purchased_purges":0,"victory":false,"max_hp_per_floor":[75,75,75,75,75,75,75,75,75,75,75,75,75,75,75,75,75,75,37,37,37,37,37,37,37,37,37,37,37,37,37,37,37],"card_choices":[{"not_picked":["Twin Strike","Flex"],"picked":"Pummel","floor":1.0},{"not_picked":["Seeing Red","Sword Boomerang"],"picked":"True Grit","floor":2.0},{"not_picked":["Intimidate","True Grit"],"picked":"Clothesline","floor":5.0},{"not_picked":["Ghostly Armor","Heavy Blade"],"picked":"Immolate","floor":6.0},{"not_picked":["Clothesline","Iron Wave"],"picked":"Cleave","floor":8.0},{"not_picked":["Perfected Strike","Corruption","Wild Strike"],"picked":"SKIP","floor":11.0},{"not_picked":["Thunderclap","Corruption","Headbutt"],"picked":"SKIP","floor":13.0},{"not_picked":["Pummel","Iron Wave"],"picked":"Spot Weakness","floor":14.0},{"not_picked":["Berserk","Exhume"],"picked":"Limit Break","floor":16.0},{"not_picked":["Armaments","Perfected Strike"],"picked":"Twin Strike+1","floor":18.0},{"not_picked":["Body Slam","Headbutt+1"],"picked":"Pummel","floor":22.0},{"not_picked":["Entrench+1","Twin Strike+1","Clothesline"],"picked":"SKIP","floor":24.0},{"not_picked":["Perfected Strike","Armaments","Heavy Blade"],"picked":"SKIP","floor":27.0},{"not_picked":["Clothesline","True Grit"],"picked":"Whirlwind","floor":28.0},{"not_picked":["Flex","Juggernaut+1"],"picked":"True Grit+1","floor":29},{"not_picked":["Twin Strike+1","Reckless Charge","Wild Strike"],"picked":"SKIP","floor":31}],"player_experience":1240214,"relics_obtained":[{"floor":6.0,"key":"Du-Vu Doll"},{"floor":8.0,"key":"Lantern"},{"floor":9.0,"key":"Mercury Hourglass"},{"floor":13.0,"key":"Art of War"},{"floor":20.0,"key":"Enchiridion"},{"floor":24.0,"key":"Bird Faced Urn"},{"floor":26.0,"key":"Frozen Egg 2"},{"floor":29,"key":"Boot"},{"floor":31,"key":"Orichalcum"}],"event_choices":[{"cards_removed":["Strike_R"],"damage_healed":0.0,"max_hp_gain":0.0,"max_hp_loss":0.0,"gold_gain":0.0,"event_name":"The Cleric","player_choice":"Card Removal","floor":3.0,"gold_loss":75.0,"damage_taken":0.0},{"cards_removed":["Strike_R"],"damage_healed":0.0,"max_hp_gain":0.0,"max_hp_loss":0.0,"gold_gain":0.0,"event_name":"Golden Wing","player_choice":"Card Removal","floor":4.0,"gold_loss":0.0,"damage_taken":7.0},{"damage_healed":0.0,"max_hp_gain":0.0,"max_hp_loss":38.0,"gold_gain":0.0,"event_name":"Ghosts","player_choice":"Became a Ghost","floor":19.0,"gold_loss":0.0,"damage_taken":0.0,"cards_obtained":["Ghostly","Ghostly","Ghostly"]},{"damage_healed":0.0,"max_hp_gain":0.0,"max_hp_loss":0.0,"gold_gain":0.0,"event_name":"Cursed Tome","player_choice":"Obtained Book","floor":20.0,"gold_loss":0.0,"damage_taken":21.0},{"damage_healed":0.0,"max_hp_gain":0.0,"max_hp_loss":0.0,"gold_gain":0.0,"event_name":"The Library","player_choice":"Read","floor":21.0,"gold_loss":0.0,"damage_taken":0.0,"cards_obtained":["Flame Barrier"]},{"damage_healed":0,"gold_gain":0,"player_choice":"Simplicity","damage_taken":0,"max_hp_gain":0,"max_hp_loss":0,"event_name":"Back to Basics","floor":30,"gold_loss":0,"cards_upgraded":["Strike_R","Defend_R","Defend_R","Defend_R","Defend_R"]}],"is_beta":true,"boss_relics":[{"not_picked":["Lizard Tail","Black Blood"],"picked":"Runic Dome"}],"items_purged_floors":[],"is_endless":false,"potions_floor_spawned":[5,8,11,16,18,22],"killed_by":"Champ","ascension_level":20}