{"gold_per_floor":[110,110,126,126,126,158,158,158,158,158,189,189,201,230,230,309,309,323,337,350,275,275,302,302,330,330,330],"floor_reached":27,"playtime":1041,"items_purged":["Strike_R"],"score":554,"play_id":"2cb3e5ed-c048-49a1-8c80-e372da1a6ef4","local_time":"20181103231138","is_ascension_mode":true,"campfire_choices":[{"data":"Uppercut","floor":7.0,"key":"SMITH"},{"data":"Inflame","floor":10.0,"key":"SMITH"},{"floor":12.0,"key":"REST"},{"data":"True Grit","floor":15.0,"key":"SMITH"},{"floor":24,"key":"REST"}],"neow_cost":"NONE","seed_source_timestamp":47348221218503,"circlet_count":0,"master_deck":["AscendersBane","Strike_R","Strike_R","Strike_R","Defend_R","Defend_R","Defend_R","Defend_R","Bash","Inflame+1","Warcry","Uppercut+1","Spot Weakness","Disarm","Corruption","True Grit+1","Feed","Thunderclap","True Grit","Anger","Offering","Exhume"],"special_seed":0,"relics":["Burning Blood","Centennial Puzzle","Kunai","Mercury Hourglass","Regal Pillow","Black Star","MutagenicStrength","Gambling Chip","Du-Vu Doll","Peace Pipe","StoneCalendar","Pantograph"],"potions_floor_usage":[25],"damage_taken":[{"damage":6.0,"enemies":"Jaw Worm","floor":1.0,"turns":5.0},{"damage":1.0,"enemies":"Cultist","floor":3.0,"turns":3.0},{"damage":57.0,"enemies":"Gremlin Nob","floor":6.0,"turns":5.0},{"damage":0.0,"enemies":"3 Sentries","floor":8.0,"turns":1.0},{"damage":30.0,"enemies":"Gremlin Nob","floor":11.0,"turns":4.0},{"damage":0.0,"enemies":"2 Louse","floor":13.0,"turns":2.0},{"damage":6.0,"enemies":"Lagavulin","floor":14.0,"turns":6.0},{"damage":34.0,"enemies":"Slime Boss","floor":16.0,"turns":12.0},{"damage":24.0,"enemies":"Shell Parasite","floor":18.0,"turns":6.0},{"damage":19.0,"enemies":"Spheric Guardian","floor":19.0,"turns":5.0},{"damage":14,"enemies":"Centurion and Healer","floor":20,"turns":6},{"damage":25,"enemies":"Gremlin Leader","floor":23,"turns":6},{"damage":34,"enemies":"Book of Stabbing","floor":25,"turns":4},{"damage":36,"enemies":"Slavers","floor":27,"turns":3}],"seed_played":"-5753011580678053811","potions_obtained":[{"floor":6.0,"key":"SmokeBomb"},{"floor":11.0,"key":"LiquidBronze"},{"floor":14.0,"key":"Swift Potion"},{"floor":18.0,"key":"SteroidPotion"}],"is_trial":false,"path_per_floor":["M","?","M","$","?","E","R","E","T","R","E","R","M","E","R","B",null,"M","M","M","$","?","E","R","E","T","E"],"character_chosen":"IRONCLAD","items_purchased":[],"campfire_rested":2,"item_purchase_floors":[],"current_hp_per_floor":[75,75,80,80,80,29,29,35,35,35,11,35,41,41,41,13,65,50,40,35,35,35,16,58,30,30,0],"gold":330,"neow_bonus":"TEN_PERCENT_HP_BONUS","is_prod":false,"is_daily":false,"chose_seed":false,"campfire_upgraded":3,"win_rate":0,"timestamp":1541301098,"path_taken":["M","?","M","?","?","E","R","E","T","R","E","R","?","E","R","BOSS","M","M","?","?","?","E","R","E","T","E"],"build_version":"2018-11-02","purchased_purges":1,"victory":false,"max_hp_per_floor":[82,82,82,82,82,82,82,82,82,82,82,82,82,82,82,82,82,85,88,91,91,91,91,91,91,91,94],"card_choices":[{"not_picked":["Shrug It Off","Body Slam"],"picked":"Inflame","floor":1.0},{"not_picked":["Iron Wave","Twin Strike"],"picked":"Uppercut","floor":3.0},{"not_picked":["Exhume","Pommel Strike"],"picked":"Spot Weakness","floor":6.0},{"not_picked":["Warcry","Wild Strike"],"picked":"Disarm","floor":11.0},{"not_picked":["Sever Soul","Perfected Strike"],"picked":"Corruption","floor":13.0},{"not_picked":["Sever Soul","Corruption"],"picked":"True Grit","floor":14.0},{"not_picked":["Immolate","Exhume"],"picked":"Feed","floor":16.0},{"not_picked":["Seeing Red","Perfected Strike"],"picked":"Thunderclap","floor":18.0},{"not_picked":["Clash","Pommel Strike"],"picked":"True Grit","floor":19.0},{"not_picked":["Iron Wave","Clothesline"],"picked":"Anger","floor":20},{"not_picked":["Burning Pact","Iron Wave"],"picked":"Offering","floor":23},{"not_picked":["Armaments","Body Slam"],"picked":"Exhume","floor":25}],"player_experience":828454,"relics_obtained":[{"floor":6.0,"key":"Centennial Puzzle"},{"floor":9.0,"key":"Kunai"},{"floor":11.0,"key":"Mercury Hourglass"},{"floor":14.0,"key":"Regal Pillow"},{"floor":23,"key":"Gambling Chip"},{"floor":23,"key":"Du-Vu Doll"},{"floor":25,"key":"Peace Pipe"},{"floor":25,"key":"StoneCalendar"},{"floor":26,"key":"Pantograph"}],"event_choices":[{"damage_healed":0.0,"max_hp_gain":0.0,"max_hp_loss":0.0,"gold_gain":0.0,"event_name":"Match and Keep!","player_choice":"1 cards matched","floor":2.0,"gold_loss":0.0,"damage_taken":0.0,"cards_obtained":["Warcry"]},{"cards_removed":["Strike_R"],"damage_healed":0.0,"max_hp_gain":0.0,"max_hp_loss":0.0,"gold_gain":0.0,"event_name":"Wheel of Change","player_choice":"Card Removal","floor":5.0,"gold_loss":0.0,"damage_taken":0.0},{"damage_healed":0,"gold_gain":0,"player_choice":"Inject Mutagens","damage_taken":0,"relics_obtained":["MutagenicStrength"],"max_hp_gain":0,"max_hp_loss":0,"event_name":"Drug Dealer","floor":22,"gold_loss":0}],"is_beta":true,"boss_relics":[{"not_picked":["Fusion Hammer","Runic Pyramid"],"picked":"Black Star"}],"items_purged_floors":[21],"is_endless":false,"potions_floor_spawned":[6,11,14,18,19,23],"killed_by":"Slavers","ascension_level":20}