{"path_per_floor":["M","?","$","M","M","E","R","$","T","E","M","M","R","M","R","B",null,"M","$","?","M","$","R","M","R","T","M","M","M","R","M","R","B",null,"M","?","$","?","M","R","E","?","T","R","$","?","M","?","R"],"character_chosen":"IRONCLAD","items_purchased":["Heavy Blade","Bronze Scales","Feed","Flex","Molten Egg 2","Regen Potion"],"gold_per_floor":[119,194,142,153,172,199,199,50,76,107,121,140,140,150,150,250,250,267,114,114,128,105,105,120,120,120,133,145,161,161,180,180,284,284,304,304,1,1,16,16,46,46,46,46,46,46,57,57,57,57],"floor_reached":50,"campfire_rested":4,"playtime":2319,"current_hp_per_floor":[80,69,69,74,75,59,59,59,59,46,52,58,58,64,64,17,80,80,80,65,52,52,60,66,74,74,45,35,12,49,57,93,47,93,87,75,75,75,61,73,7,7,7,50,50,50,33,33,76,0],"items_purged":[],"gold":57,"score":558,"play_id":"15d71880-0f1a-4657-b032-2245da11115f","local_time":"20180331053034","is_prod":false,"is_daily":false,"is_ascension_mode":false,"campfire_upgraded":3,"timestamp":1522499434,"path_taken":["M","?","?","M","M","E","R","$","T","E","M","M","R","M","R","BOSS","M","$","?","M","$","R","M","R","T","M","M","M","R","M","R","BOSS","M","?","$","?","M","R","E","?","T","R","$","?","M","?","R","BOSS"],"build_version":"2018-03-29v2","purchased_purges":0,"victory":false,"master_deck":["Strike_R","Strike_R","Strike_R","Strike_R","Strike_R","Defend_R","Defend_R","Defend_R","Bash","Uppercut","Heavy Blade","Flex","Berserk","Thunderclap","Twin Strike","Armaments","Rampage","Limit Break+1","Infernal Blade","Feed+1","Clothesline+1","Flex","Flex","Spot Weakness","Ghostly Armor+1","Spot Weakness+1","Barricade+1","Injury","Writhe","Pommel Strike","Madness","Madness","Thunderclap+1","Pommel Strike+1","Flex","Mind Blast+1"],"max_hp_per_floor":[80,80,80,80,80,80,80,80,80,80,80,80,80,80,80,80,80,80,80,85,85,85,85,85,85,85,85,89,93,93,93,93,93,93,93,93,93,93,97,97,97,97,97,97,97,97,97,97,97,97],"relics":["Burning Blood","Vajra","Girya","Bronze Scales","Ancient Tea Set","Anchor","Eternal Feather","Bird Faced Urn","Calling Bell","Bag of Preparation","Orichalcum","Sundial","Molten Egg 2","Pen Nib","Magic Flower"],"card_choices":[{"not_picked":["Heavy Blade","Cleave"],"picked":"Uppercut","floor":1},{"not_picked":["Iron Wave","Anger"],"picked":"Flex","floor":4},{"not_picked":["Body Slam","Seeing Red"],"picked":"Berserk","floor":5},{"not_picked":["Perfected Strike","Sever Soul"],"picked":"Thunderclap","floor":6},{"not_picked":["Headbutt","Flame Barrier"],"picked":"Twin Strike","floor":10},{"not_picked":["Wild Strike","Burning Pact"],"picked":"Armaments","floor":11},{"not_picked":["Corruption","Perfected Strike"],"picked":"Rampage","floor":12},{"not_picked":["Double Tap","Offering"],"picked":"Limit Break","floor":16},{"not_picked":["Iron Wave","Reckless Charge"],"picked":"Infernal Blade","floor":18},{"not_picked":["Wild Strike","Headbutt"],"picked":"Clothesline","floor":21},{"not_picked":["Body Slam","Sword Boomerang"],"picked":"Flex","floor":24},{"not_picked":["Evolve","Reckless Charge"],"picked":"Spot Weakness","floor":28},{"not_picked":["Iron Wave","True Grit"],"picked":"Ghostly Armor","floor":29},{"not_picked":["Pommel Strike","Thunderclap"],"picked":"Spot Weakness","floor":31},{"not_picked":["Dark Embrace","Fiend Fire"],"picked":"Barricade","floor":33},{"not_picked":["Sword Boomerang","Body Slam"],"picked":"Pommel Strike","floor":35},{"not_picked":["True Grit","Rampage"],"picked":"Thunderclap","floor":39},{"not_picked":["Thunderclap","Rage"],"picked":"Pommel Strike","floor":41},{"not_picked":["Anger","Searing Blow"],"picked":"Flex","floor":47},{"not_picked":["Secret Weapon","Master of Strategy"],"picked":"Mind Blast","floor":48}],"player_experience":59885,"potions_floor_usage":[10,18,21,24,33,33,33,39,41,50],"damage_taken":[{"damage":0,"enemies":"Small Slimes","floor":1,"turns":4},{"damage":1,"enemies":"2 Louse","floor":4,"turns":2},{"damage":5,"enemies":"Jaw Worm","floor":5,"turns":4},{"damage":22,"enemies":"3 Sentries","floor":6,"turns":7},{"damage":19,"enemies":"Lagavulin","floor":10,"turns":4},{"damage":0,"enemies":"Exordium Thugs","floor":11,"turns":4},{"damage":0,"enemies":"Exordium Wildlife","floor":12,"turns":2},{"damage":0,"enemies":"Looter","floor":14,"turns":2},{"damage":53,"enemies":"The Guardian","floor":16,"turns":7},{"damage":0,"enemies":"2 Thieves","floor":18,"turns":3},{"damage":28,"enemies":"Chosen","floor":21,"turns":5},{"damage":0,"enemies":"Snake Plant","floor":24,"turns":2},{"damage":37,"enemies":"Cultist and Chosen","floor":27,"turns":5},{"damage":20,"enemies":"Sentry and Sphere","floor":28,"turns":4},{"damage":33,"enemies":"Slaver and Parasite","floor":29,"turns":5},{"damage":0,"enemies":"Snecko","floor":31,"turns":4},{"damage":54,"enemies":"Champ","floor":33,"turns":10},{"damage":14,"enemies":"Orb Walker","floor":35,"turns":4},{"damage":38,"enemies":"3 Darklings","floor":39,"turns":7},{"damage":76,"enemies":"Giant Head","floor":41,"turns":8},{"damage":32,"enemies":"Maw","floor":47,"turns":6},{"damage":104,"enemies":"Time Eater","floor":50,"turns":8}],"event_choices":[{"event_name":"World of Goop","player_choice":"Gather Gold","floor":2,"damage_taken":0},{"event_name":"Forgotten Altar","player_choice":"Shed Blood","floor":20,"damage_taken":0},{"event_name":"Winding Halls","player_choice":"Embrace Madness","floor":36,"damage_taken":0},{"event_name":"Mysterious Sphere","player_choice":"Ignore","floor":42,"damage_taken":0},{"event_name":"Purifier","player_choice":"One Purge","floor":46,"damage_taken":0},{"event_name":"SensoryStone","player_choice":"Memory 1","floor":48,"damage_taken":0}],"boss_relics":[{"not_picked":["Philosopher\u0027s Stone","Ectoplasm"],"picked":"Eternal Feather"},{"not_picked":["Sozu","Runic Dome"],"picked":"Calling Bell"}],"potions_floor_spawned":[1,5,6,11,16,18,27,31,39,47],"seed_played":"-7522065510642327","killed_by":"Time Eater","ascension_level":0,"is_trial":false}