{"gold_per_floor":[109,89,12,22,22,22,51,51,130,162,162,194,208,227,227,300,300,311,311,311,87,106,106,136,136,136,161,205,217,242,286,298,385,397,420,432,444,456,690,733,755,796,862,874,902,942,954,966],"floor_reached":48,"playtime":2873,"items_purged":[],"score":1605,"play_id":"40041e12-6d10-4bb1-8bf5-8dfc54977861","local_time":"20190224111900","is_ascension_mode":true,"campfire_choices":[{"data":"Defragment","floor":6.0,"key":"SMITH"},{"data":"Buffer","floor":11.0,"key":"SMITH"},{"data":"Loop","floor":15.0,"key":"SMITH"},{"data":"Capacitor","floor":23.0,"key":"SMITH"},{"data":"Amplify","floor":29,"key":"SMITH"},{"data":"Coolheaded","floor":32,"key":"SMITH"},{"floor":47,"key":"RECALL"}],"neow_cost":"NONE","seed_source_timestamp":135346655526922,"circlet_count":0,"master_deck":["AscendersBane","Defend_B","Defend_B","Defend_B","Defend_B","Dualcast","Loop+1","Defragment+1","Capacitor+1","Buffer+1","Reinforced Body+1","Go for the Eyes+1","Ball Lightning+1","Leap","Amplify+1","Cold Snap+1","Bite+1","Bite+1","Bite+1","Bite+1","Bite+1","Glacier","Coolheaded+1","Genetic Algorithm","Storm","Coolheaded","Blizzard+1","Coolheaded+1","Echo Form","Master of Strategy","Darkness+1","Consume+1","Stack+1","Skim+1","Lockon+1"],"special_seed":0,"relics":["Cracked Core","NeowsBlessing","Happy Flower","Molten Egg 2","Cables","Question Card","Vajra","Centennial Puzzle","Velvet Choker","OrangePellets","War Paint","Pantograph","MawBank","Red Mask","Pen Nib","Black Star","Blue Candle","Dodecahedron","Oddly Smooth Stone","Bag of Preparation","Regal Pillow","Bottled Lightning"],"potions_floor_usage":[24,27,28,40,40,46],"damage_taken":[{"damage":0.0,"enemies":"Cultist","floor":1.0,"turns":1.0},{"damage":0.0,"enemies":"Small Slimes","floor":4.0,"turns":1.0},{"damage":0.0,"enemies":"Lagavulin","floor":7.0,"turns":1.0},{"damage":0.0,"enemies":"Gremlin Nob","floor":10.0,"turns":3.0},{"damage":6.0,"enemies":"3 Sentries","floor":12.0,"turns":6.0},{"damage":0.0,"enemies":"Jaw Worm","floor":13.0,"turns":4.0},{"damage":5.0,"enemies":"3 Louse","floor":14.0,"turns":2.0},{"damage":0.0,"enemies":"Slime Boss","floor":16.0,"turns":8.0},{"damage":17.0,"enemies":"2 Thieves","floor":18.0,"turns":4.0},{"damage":13.0,"enemies":"Spheric Guardian","floor":22.0,"turns":4.0},{"damage":25,"enemies":"Gremlin Leader","floor":24,"turns":5},{"damage":9,"enemies":"Slavers","floor":27,"turns":6},{"damage":26,"enemies":"Masked Bandits","floor":28,"turns":4},{"damage":0,"enemies":"Chosen and Byrds","floor":30,"turns":8},{"damage":0,"enemies":"Gremlin Leader","floor":31,"turns":7},{"damage":30,"enemies":"Champ","floor":33,"turns":16},{"damage":18,"enemies":"3 Shapes","floor":35,"turns":9},{"damage":41,"enemies":"Reptomancer","floor":40,"turns":12},{"damage":14,"enemies":"3 Darklings","floor":41,"turns":7},{"damage":0,"enemies":"Giant Head","floor":42,"turns":11},{"damage":5,"enemies":"Transient","floor":45,"turns":6},{"damage":45,"enemies":"Nemesis","floor":46,"turns":9},{"damage":17,"enemies":"Jaw Worm Horde","floor":48,"turns":4}],"seed_played":"2103878275441693435","potions_obtained":[{"floor":1.0,"key":"Energy Potion"},{"floor":2.0,"key":"EntropicBrew"},{"floor":12.0,"key":"Swift Potion"},{"floor":13.0,"key":"FearPotion"},{"floor":14.0,"key":"AttackPotion"},{"floor":16.0,"key":"PowerPotion"},{"floor":24,"key":"Energy Potion"},{"floor":27,"key":"Block Potion"},{"floor":30,"key":"Regen Potion"},{"floor":33,"key":"Block Potion"},{"floor":41,"key":"LiquidBronze"},{"floor":45,"key":"Regen Potion"}],"is_trial":false,"path_per_floor":["M","?","$","M","?","R","E","?","T","E","R","E","M","M","R","B",null,"M","?","?","$","M","R","E","?","T","E","?","R","M","E","R","B",null,"M","?","$","?","?","E","M","E","T","?","M","E","R","M"],"character_chosen":"DEFECT","items_purchased":["Defragment","OrangePellets"],"campfire_rested":0,"item_purchase_floors":[3,21],"current_hp_per_floor":[64,64,64,64,59,59,59,59,59,59,59,53,53,48,48,48,65,48,48,48,48,42,42,29,29,29,44,27,27,48,49,49,40,47,44,34,34,34,34,49,49,49,49,49,49,15,15,0],"gold":966,"neow_bonus":"THREE_ENEMY_KILL","is_prod":false,"is_daily":false,"chose_seed":false,"campfire_upgraded":6,"win_rate":0,"timestamp":1551025140,"path_taken":["M","?","$","?","?","R","E","?","T","E","R","E","M","?","R","BOSS","M","?","?","$","M","R","E","?","T","E","?","R","M","E","R","BOSS","M","?","$","?","?","E","M","E","T","?","?","E","R","M"],"build_version":"2019-02-06","purchased_purges":0,"victory":false,"max_hp_per_floor":[71,71,71,71,71,71,71,71,71,71,71,71,71,71,71,71,71,71,49,49,49,49,49,49,49,49,49,49,49,49,49,49,49,49,49,49,49,49,49,49,49,49,49,49,49,49,49,49],"card_choices":[{"not_picked":["Recycle","Go for the Eyes"],"picked":"Loop","floor":1.0},{"not_picked":["Coolheaded","Steam"],"picked":"Capacitor","floor":4.0},{"not_picked":["BootSequence","Conserve Battery"],"picked":"Buffer","floor":7.0},{"not_picked":["Hologram","Beam Cell+1","Scrape+1"],"picked":"Reinforced Body","floor":10.0},{"not_picked":["Beam Cell+1","Heatsinks","Stack"],"picked":"Go for the Eyes+1","floor":12.0},{"not_picked":["Machine Learning","Compile Driver+1","Gash+1"],"picked":"Ball Lightning+1","floor":13.0},{"not_picked":["Steam","Streamline+1","Go for the Eyes+1"],"picked":"Leap","floor":14.0},{"not_picked":["Meteor Strike+1","Rainbow","Thunder Strike+1"],"picked":"Amplify","floor":16.0},{"not_picked":["Stack","Beam Cell+1","Turbo"],"picked":"Cold Snap+1","floor":18.0},{"not_picked":["Darkness","Cold Snap+1","Hologram"],"picked":"Glacier","floor":22.0},{"not_picked":["Streamline+1","All For One+1","Gash+1"],"picked":"Coolheaded","floor":24},{"not_picked":["Melter+1","Auto Shields","Rebound+1"],"picked":"Storm","floor":27},{"not_picked":["Chill","Stack","Redo"],"picked":"Coolheaded","floor":28},{"not_picked":["Leap","Doom and Gloom+1","Fusion"],"picked":"Blizzard+1","floor":30},{"not_picked":["Blizzard+1","Turbo","Sweeping Beam+1"],"picked":"Coolheaded","floor":31},{"not_picked":["Reboot","Machine Learning","Buffer"],"picked":"Echo Form","floor":33},{"not_picked":["Stack","Gash+1","Sweeping Beam+1","Beam Cell+1"],"picked":"SKIP","floor":35},{"not_picked":["Violence","PanicButton","Thinking Ahead"],"picked":"Master of Strategy","floor":36},{"not_picked":["Self Repair","Go for the Eyes+1","Streamline+1"],"picked":"Darkness+1","floor":40},{"not_picked":["Rebound+1","Ball Lightning+1","Storm+1"],"picked":"Consume","floor":41},{"not_picked":["Chaos","Reinforced Body","Barrage+1"],"picked":"Stack+1","floor":42},{"not_picked":["Steam","Cold Snap+1","Redo"],"picked":"Skim+1","floor":45},{"not_picked":["Biased Cognition","Fission","Hello World+1"],"picked":"Lockon+1","floor":46}],"player_experience":991426,"relics_obtained":[{"floor":7.0,"key":"Molten Egg 2"},{"floor":9.0,"key":"Question Card"},{"floor":10.0,"key":"Vajra"},{"floor":12.0,"key":"Centennial Puzzle"},{"floor":24,"key":"War Paint"},{"floor":26,"key":"Pantograph"},{"floor":27,"key":"MawBank"},{"floor":28,"key":"Red Mask"},{"floor":31,"key":"Pen Nib"},{"floor":40,"key":"Blue Candle"},{"floor":40,"key":"Dodecahedron"},{"floor":42,"key":"Oddly Smooth Stone"},{"floor":42,"key":"Bag of Preparation"},{"floor":46,"key":"Regal Pillow"},{"floor":46,"key":"Bottled Lightning"}],"event_choices":[{"damage_healed":0.0,"max_hp_gain":0.0,"max_hp_loss":0.0,"gold_gain":0.0,"event_name":"The Woman in Blue","player_choice":"Bought 1 Potion","floor":2.0,"gold_loss":0.0,"damage_taken":0.0},{"damage_healed":0.0,"max_hp_gain":0.0,"max_hp_loss":0.0,"gold_gain":0.0,"event_name":"Scrap Ooze","player_choice":"Success","floor":5.0,"gold_loss":0.0,"damage_taken":5.0,"relics_obtained":["Happy Flower"]},{"damage_healed":0.0,"max_hp_gain":0.0,"max_hp_loss":0.0,"gold_gain":0.0,"event_name":"WeMeetAgain","player_choice":"Gave Potion","floor":8.0,"gold_loss":0.0,"damage_taken":0.0,"relics_obtained":["Cables"]},{"damage_healed":0.0,"max_hp_gain":0.0,"max_hp_loss":22.0,"gold_gain":0.0,"event_name":"Vampires","player_choice":"Became a vampire","floor":19.0,"gold_loss":0.0,"damage_taken":0.0,"cards_obtained":["Bite","Bite","Bite","Bite","Bite"]},{"damage_healed":0.0,"max_hp_gain":0.0,"max_hp_loss":0.0,"gold_gain":0.0,"event_name":"Beggar","player_choice":"Ignored","floor":20.0,"gold_loss":0.0,"damage_taken":0.0},{"damage_healed":0,"gold_gain":0,"player_choice":"Read","damage_taken":0,"max_hp_gain":0,"max_hp_loss":0,"event_name":"The Library","floor":25,"gold_loss":0,"cards_obtained":["Genetic Algorithm"]},{"damage_healed":0,"gold_gain":0,"player_choice":"Fought Bandits","damage_taken":0,"max_hp_gain":0,"max_hp_loss":0,"event_name":"Masked Bandits","floor":28,"gold_loss":0},{"damage_healed":0,"gold_gain":0,"player_choice":"Memory 3","damage_taken":10,"max_hp_gain":0,"max_hp_loss":0,"event_name":"SensoryStone","floor":36,"gold_loss":0},{"cards_removed":["Zap"],"damage_healed":0,"gold_gain":0,"player_choice":"Removed Skill","damage_taken":0,"max_hp_gain":0,"max_hp_loss":0,"event_name":"Falling","floor":38,"gold_loss":0},{"damage_healed":0,"gold_gain":222,"player_choice":"Wore Mask","damage_taken":0,"max_hp_gain":0,"max_hp_loss":0,"event_name":"Tomb of Lord Red Mask","floor":39,"gold_loss":0},{"damage_healed":0,"gold_gain":0,"player_choice":"Upgraded","damage_taken":0,"max_hp_gain":0,"max_hp_loss":0,"event_name":"Upgrade Shrine","floor":44,"gold_loss":0,"cards_upgraded":["Consume"]}],"is_beta":true,"boss_relics":[{"not_picked":["Coffee Dripper","Eternal Feather"],"picked":"Velvet Choker"},{"not_picked":["Philosopher\u0027s Stone","Snecko Eye"],"picked":"Black Star"}],"items_purged_floors":[],"is_endless":false,"potions_floor_spawned":[1,12,13,14,16,24,27,30,33,41,45],"killed_by":"Jaw Worm Horde","ascension_level":20}