{"gold_per_floor":[118,134,134,134,152,152,178,178,178,32,91,101,115,40,40,139,189,208,183,183,183],"floor_reached":21,"playtime":1131,"items_purged":["Strike_G"],"score":179,"play_id":"bdf7505c-c914-4422-8c86-8d217150a718","local_time":"20190127060134","is_ascension_mode":false,"campfire_choices":[{"data":"Madness","floor":6,"key":"SMITH"},{"floor":8,"key":"REST"},{"floor":15,"key":"REST"}],"neow_cost":"NONE","seed_source_timestamp":835108079458823,"circlet_count":0,"master_deck":["Defend_G","Defend_G","Defend_G","Defend_G+1","Defend_G","Strike_G","Strike_G","Strike_G","Strike_G","Survivor","Neutralize+1","Madness+1","Envenom","Infinite Blades","Infinite Blades","After Image","Cloak And Dagger"],"relics":["Ring of the Snake","Kunai","Orichalcum","Pantograph","Blood Vial","Question Card","Tiny House"],"potions_floor_usage":[7,16,18,19,19],"damage_taken":[{"damage":0,"enemies":"Cultist","floor":1,"turns":5},{"damage":5,"enemies":"Jaw Worm","floor":2,"turns":7},{"damage":5,"enemies":"Small Slimes","floor":5,"turns":4},{"damage":54,"enemies":"3 Sentries","floor":7,"turns":16},{"damage":17,"enemies":"Gremlin Nob","floor":11,"turns":7},{"damage":7,"enemies":"Blue Slaver","floor":12,"turns":4},{"damage":10,"enemies":"Exordium Thugs","floor":13,"turns":6},{"damage":33,"enemies":"The Guardian","floor":16,"turns":11},{"damage":0,"enemies":"Chosen","floor":18,"turns":5},{"damage":16,"enemies":"2 Thieves","floor":19,"turns":5},{"damage":31,"enemies":"Colosseum Slavers","floor":20,"turns":8},{"damage":43,"enemies":"3 Cultists","floor":21,"turns":6}],"seed_played":"-4793293285067890470","potions_obtained":[{"floor":5,"key":"Regen Potion"},{"floor":12,"key":"SteroidPotion"},{"floor":16,"key":"GamblersBrew"},{"floor":17,"key":"SkillPotion"},{"floor":18,"key":"SkillPotion"}],"is_trial":false,"path_per_floor":["M","M","T","?","M","R","E","R","T","$","?","M","M","$","R","B",null,"M","M","?","M"],"character_chosen":"THE_SILENT","items_purchased":["Blood Vial"],"campfire_rested":2,"item_purchase_floors":[10],"current_hp_per_floor":[70,65,65,65,60,60,21,42,42,42,27,22,14,14,35,29,75,75,59,30,0],"gold":183,"neow_bonus":"RANDOM_COLORLESS","is_prod":false,"is_daily":false,"chose_seed":false,"campfire_upgraded":1,"win_rate":0,"timestamp":1548597694,"path_taken":["M","M","?","?","M","R","E","R","T","$","?","M","M","?","R","BOSS","M","M","?","M"],"build_version":"2019-01-23","purchased_purges":1,"victory":false,"max_hp_per_floor":[70,70,70,70,70,70,70,70,70,70,70,70,70,70,70,70,75,75,75,75,75],"card_choices":[{"not_picked":["Flying Knee","Prepared","Dagger Spray"],"picked":"SKIP","floor":1},{"not_picked":["Bane","All Out Attack","Underhanded Strike"],"picked":"SKIP","floor":2},{"not_picked":["Sucker Punch","Deflect","Predator"],"picked":"SKIP","floor":5},{"not_picked":["Acrobatics","Deadly Poison"],"picked":"Envenom","floor":7},{"not_picked":["Flying Knee","Backstab","Expertise"],"picked":"Infinite Blades","floor":12},{"not_picked":["Backflip","Poisoned Stab","Skewer"],"picked":"Infinite Blades","floor":13},{"not_picked":["Storm of Steel","Unload","Grand Finale"],"picked":"After Image","floor":16},{"not_picked":["Bouncing Flask","Deadly Poison","Quick Slash","Choke"],"picked":"SKIP","floor":18},{"not_picked":["Concentrate+1","All Out Attack+1","Skewer+1"],"picked":"Cloak And Dagger","floor":19}],"player_experience":192700,"relics_obtained":[{"floor":3,"key":"Kunai"},{"floor":7,"key":"Orichalcum"},{"floor":9,"key":"Pantograph"},{"floor":11,"key":"Question Card"}],"event_choices":[{"damage_healed":0,"gold_gain":0,"player_choice":"Grow","damage_taken":0,"max_hp_gain":0,"max_hp_loss":0,"event_name":"Living Wall","floor":4,"gold_loss":0,"cards_upgraded":["Neutralize"]},{"damage_healed":0,"gold_gain":30,"player_choice":"Searched \u00272\u0027 times","damage_taken":0,"max_hp_gain":0,"max_hp_loss":0,"event_name":"Dead Adventurer","floor":11,"gold_loss":0},{"damage_healed":0,"gold_gain":0,"player_choice":"Fight","damage_taken":0,"max_hp_gain":0,"max_hp_loss":0,"event_name":"Colosseum","floor":20,"gold_loss":0},{"damage_healed":0,"gold_gain":0,"player_choice":"Fled From Nobs","damage_taken":0,"max_hp_gain":0,"max_hp_loss":0,"event_name":"Colosseum","floor":20,"gold_loss":0}],"is_beta":false,"boss_relics":[{"not_picked":["Runic Pyramid","Busted Crown"],"picked":"Tiny House"}],"items_purged_floors":[14],"is_endless":false,"potions_floor_spawned":[5,12,16,18,20],"killed_by":"3 Cultists","ascension_level":0}