{"gold_per_floor":[110,110,130,142,92,92,118,118,202,202,229,242,262,262,262,359,359,374,387,302,302,73,73,73,73,73,90,40,73,83,116,116,219,219,233,253,273,130,145,172,172,199,199,2,2,34,34,65,65,65],"floor_reached":51,"playtime":2867,"items_purged":["Chaos"],"score":968,"play_id":"2df96997-08b1-4386-b66b-9c218c291003","local_time":"20190115153634","is_ascension_mode":true,"campfire_choices":[{"data":"Zap","floor":6,"key":"SMITH"},{"data":"Seek","floor":8,"key":"SMITH"},{"data":"Scrape","floor":10,"key":"SMITH"},{"data":"Hologram","floor":15,"key":"SMITH"},{"data":"Storm","floor":23,"key":"SMITH"},{"data":"Capacitor","floor":25,"key":"SMITH"},{"floor":32,"key":"REST"},{"data":"Defragment","floor":41,"key":"SMITH"},{"floor":45,"key":"DIG"},{"floor":49,"key":"DIG"}],"neow_cost":"NONE","seed_source_timestamp":49571053888742,"circlet_count":0,"master_deck":["Zap+1","Scrape+1","Gash","Steam","Seek+1","Hologram+1","Gash+1","Hologram","Beam Cell+1","Steam Power","Rebound","Electrodynamics","Capacitor+1","Leap","FTL","Consume","Go for the Eyes","Machine Learning","Storm+1","Skim+1","White Noise","Conserve Battery","Defragment+1","Echo Form","Tempest","Chill","Steam+1","Scrape+1","Self Repair+1","Scrape+1","Panache","Conserve Battery"],"relics":["Orrery","Bag of Preparation","Tiny Chest","Pantograph","Torii","Pandora\u0027s Box","Orichalcum","Vajra","Enchiridion","Whetstone","Dream Catcher","DataDisk","Inserter","Pen Nib","Turnip","Pocketwatch","Shovel","Shuriken","Juzu Bracelet","Omamori","Bottled Flame"],"potions_floor_usage":[7,16,16,31,50,50,50],"damage_taken":[{"damage":2,"enemies":"Jaw Worm","floor":1,"turns":4},{"damage":1,"enemies":"Cultist","floor":3,"turns":4},{"damage":0,"enemies":"2 Louse","floor":4,"turns":2},{"damage":16,"enemies":"Lagavulin","floor":7,"turns":6},{"damage":11,"enemies":"3 Sentries","floor":11,"turns":5},{"damage":0,"enemies":"2 Fungi Beasts","floor":12,"turns":3},{"damage":16,"enemies":"Large Slime","floor":13,"turns":2},{"damage":1,"enemies":"Hexaghost","floor":16,"turns":8},{"damage":23,"enemies":"2 Thieves","floor":18,"turns":3},{"damage":17,"enemies":"Shell Parasite","floor":19,"turns":3},{"damage":0,"enemies":"Cultist and Chosen","floor":27,"turns":3},{"damage":29,"enemies":"Slavers","floor":29,"turns":3},{"damage":10,"enemies":"Centurion and Healer","floor":30,"turns":4},{"damage":2,"enemies":"Book of Stabbing","floor":31,"turns":3},{"damage":25,"enemies":"Collector","floor":33,"turns":5},{"damage":1,"enemies":"3 Shapes","floor":35,"turns":2},{"damage":1,"enemies":"3 Darklings","floor":36,"turns":2},{"damage":1,"enemies":"4 Shapes","floor":37,"turns":4},{"damage":0,"enemies":"Transient","floor":39,"turns":5},{"damage":16,"enemies":"Giant Head","floor":40,"turns":6},{"damage":9,"enemies":"Nemesis","floor":42,"turns":5},{"damage":0,"enemies":"Reptomancer","floor":46,"turns":3},{"damage":21,"enemies":"Giant Head","floor":48,"turns":6},{"damage":48,"enemies":"Donu and Deca","floor":50,"turns":5}],"seed_played":"-7830438157950650398","potions_obtained":[{"floor":4,"key":"Swift Potion"},{"floor":7,"key":"Regen Potion"},{"floor":11,"key":"SpeedPotion"},{"floor":13,"key":"SkillPotion"},{"floor":19,"key":"GamblersBrew"},{"floor":29,"key":"EssenceOfSteel"},{"floor":31,"key":"Fire Potion"},{"floor":33,"key":"AttackPotion"},{"floor":46,"key":"EssenceOfSteel"}],"is_trial":false,"path_per_floor":["M","?","M","M","?","R","E","R","T","R","E","M","M","T","R","B",null,"M","M","?","?","$","R","?","R","T","M","?","E","M","E","R","B",null,"M","M","M","$","M","E","R","E","T","$","R","E","?","E","R","B",null],"character_chosen":"DEFECT","items_purchased":["Vajra","Pen Nib","Panache"],"campfire_rested":1,"item_purchase_floors":[22,38,44],"current_hp_per_floor":[73,73,72,72,72,72,56,56,56,56,45,45,29,29,29,68,75,52,35,35,60,60,60,44,44,44,44,44,15,5,3,25,25,75,74,73,72,72,72,56,56,57,57,57,57,57,57,46,46,43],"gold":65,"neow_bonus":"BOSS_RELIC","is_prod":false,"is_daily":false,"chose_seed":false,"campfire_upgraded":7,"win_rate":0,"timestamp":1547584594,"path_taken":["M","?","?","M","?","R","E","R","T","R","E","M","M","?","R","BOSS","M","M","?","?","$","R","?","R","T","M","?","E","M","E","R","BOSS","M","?","M","$","?","E","R","E","T","$","R","E","?","E","R","BOSS"],"build_version":"2019-01-14v2","purchased_purges":1,"victory":true,"max_hp_per_floor":[75,75,75,75,75,75,75,75,75,75,75,75,75,75,75,75,75,75,75,75,75,75,75,75,75,75,75,75,75,75,75,75,75,75,75,75,75,75,75,75,75,75,75,75,75,75,75,75,75,75],"card_choices":[{"not_picked":["Conserve Battery","Stack"],"picked":"Scrape","floor":0},{"not_picked":["Barrage","Steam"],"picked":"Gash","floor":0},{"not_picked":["Coolheaded","Conserve Battery"],"picked":"Steam","floor":0},{"not_picked":["Cold Snap","Conserve Battery"],"picked":"Seek","floor":0},{"not_picked":["Compile Driver","Leap"],"picked":"Hologram","floor":0},{"not_picked":["Leap","Ball Lightning"],"picked":"Cold Snap","floor":1},{"not_picked":["Doom and Gloom","Sweeping Beam"],"picked":"Gash","floor":3},{"not_picked":["Steam","Creative AI"],"picked":"Hologram","floor":4},{"not_picked":["Cold Snap","Compile Driver"],"picked":"Beam Cell","floor":7},{"not_picked":["Stack","Conserve Battery"],"picked":"Steam Power","floor":11},{"not_picked":["Darkness","Steam"],"picked":"Rebound","floor":12},{"not_picked":["Conserve Battery","Rebound","Auto Shields"],"picked":"SKIP","floor":13},{"not_picked":["Amplify","Multi-Cast"],"picked":"Electrodynamics","floor":16},{"not_picked":["Hologram","Undo"],"picked":"Storm","floor":18},{"not_picked":["Genetic Algorithm+1","Rebound"],"picked":"Skim+1","floor":19},{"not_picked":["Streamline+1","Tempest","Cold Snap"],"picked":"SKIP","floor":27},{"not_picked":["Barrage","Conserve Battery"],"picked":"White Noise","floor":29},{"not_picked":["Skim","Melter","Compile Driver+1"],"picked":"SKIP","floor":30},{"not_picked":["Go for the Eyes","Lockon"],"picked":"Conserve Battery","floor":31},{"not_picked":["White Noise","Loop"],"picked":"Defragment","floor":32},{"not_picked":["Machine Learning","Electrodynamics"],"picked":"Echo Form","floor":33},{"not_picked":["Ball Lightning","Redo+1"],"picked":"Tempest","floor":35},{"not_picked":["Ball Lightning+1","Stack"],"picked":"Chill","floor":36},{"not_picked":["Rebound+1","Coolheaded"],"picked":"Steam+1","floor":37},{"not_picked":["Undo+1","Self Repair+1"],"picked":"Scrape+1","floor":39},{"not_picked":["Hologram","BootSequence"],"picked":"Self Repair+1","floor":40},{"not_picked":["Ball Lightning","Reprogram"],"picked":"Scrape+1","floor":42},{"not_picked":["Go for the Eyes","Reinforced Body","Meteor Strike"],"picked":"SKIP","floor":46},{"not_picked":["Sweeping Beam","Auto Shields"],"picked":"Conserve Battery","floor":48}],"player_experience":204501,"relics_obtained":[{"floor":7,"key":"Bag of Preparation"},{"floor":9,"key":"Tiny Chest"},{"floor":11,"key":"Pantograph"},{"floor":14,"key":"Torii"},{"floor":24,"key":"Enchiridion"},{"floor":26,"key":"Whetstone"},{"floor":29,"key":"Dream Catcher"},{"floor":31,"key":"DataDisk"},{"floor":40,"key":"Turnip"},{"floor":42,"key":"Pocketwatch"},{"floor":43,"key":"Shovel"},{"floor":45,"key":"Shuriken"},{"floor":46,"key":"Juzu Bracelet"},{"floor":48,"key":"Omamori"},{"floor":49,"key":"Bottled Flame"}],"event_choices":[{"cards_removed":["Dualcast"],"damage_healed":0,"gold_gain":0,"player_choice":"Purged","damage_taken":0,"max_hp_gain":0,"max_hp_loss":0,"event_name":"Purifier","floor":2,"gold_loss":0},{"cards_removed":["Strike_B"],"damage_healed":0,"gold_gain":0,"player_choice":"Card Removal","damage_taken":0,"max_hp_gain":0,"max_hp_loss":0,"event_name":"The Cleric","floor":5,"gold_loss":50},{"damage_healed":0,"gold_gain":0,"player_choice":"Obtained Relic","damage_taken":0,"relics_obtained":["Orichalcum"],"max_hp_gain":0,"max_hp_loss":0,"event_name":"Addict","floor":20,"gold_loss":85},{"damage_healed":25,"gold_gain":0,"player_choice":"Heal","damage_taken":0,"max_hp_gain":0,"max_hp_loss":0,"event_name":"The Library","floor":21,"gold_loss":0},{"damage_healed":0,"gold_gain":0,"player_choice":"Obtained Book","damage_taken":16,"max_hp_gain":0,"max_hp_loss":0,"event_name":"Cursed Tome","floor":24,"gold_loss":0},{"damage_healed":0,"gold_gain":0,"player_choice":"Bet on Murderer","damage_taken":0,"max_hp_gain":0,"max_hp_loss":0,"event_name":"The Joust","floor":28,"gold_loss":50},{"cards_removed":["Cold Snap"],"damage_healed":0,"gold_gain":0,"player_choice":"Removed Attack","damage_taken":0,"max_hp_gain":0,"max_hp_loss":0,"event_name":"Falling","floor":47,"gold_loss":0}],"is_beta":true,"boss_relics":[{"not_picked":["Velvet Choker","Tiny House"],"picked":"Pandora\u0027s Box"},{"not_picked":["Busted Crown","Empty Cage"],"picked":"Inserter"}],"items_purged_floors":[22],"is_endless":false,"potions_floor_spawned":[4,7,11,13,19,29,31,33,37,40,42,46,48],"ascension_level":4}