{"gold_per_floor":[117,82,106,122,137,137,137,163,163,197,197,7,47,75,87,198,210,238,450,55,78,103,134,134,134],"floor_reached":25,"playtime":749,"items_purged":["Strike_B"],"score":578,"play_id":"696fa21b-c43f-4931-848a-29189483fe72","local_time":"20181112225611","is_ascension_mode":true,"campfire_choices":[{"data":"Go for the Eyes","floor":6.0,"key":"SMITH"},{"data":"Defragment","floor":15.0,"key":"SMITH"},{"floor":24,"key":"REST"}],"neow_cost":"NONE","seed_source_timestamp":827973851497745,"circlet_count":0,"master_deck":["AscendersBane","Strike_B","Strike_B","Defend_B","Defend_B","Defend_B","Defend_B","Zap","Dualcast","Purity","Sweeping Beam","Coolheaded","Go for the Eyes+1","Steam","Electrodynamics","Defragment+1","Self Repair","BootSequence","Biased Cognition","Sunder"],"special_seed":0,"relics":["Cracked Core","PreservedInsect","Mercury Hourglass","The Courier","Symbiotic Virus","Golden Idol","Membership Card","MawBank","Philosopher\u0027s Stone","Gremlin Horn","Matryoshka","Regal Pillow","Pantograph","Blue Candle"],"potions_floor_usage":[23],"damage_taken":[{"damage":10.0,"enemies":"2 Louse","floor":1.0,"turns":3.0},{"damage":9.0,"enemies":"Jaw Worm","floor":4.0,"turns":4.0},{"damage":1.0,"enemies":"Cultist","floor":5.0,"turns":3.0},{"damage":21.0,"enemies":"3 Sentries","floor":8.0,"turns":6.0},{"damage":5.0,"enemies":"Lagavulin","floor":10.0,"turns":5.0},{"damage":4.0,"enemies":"Gremlin Nob","floor":13.0,"turns":3.0},{"damage":3.0,"enemies":"Exordium Wildlife","floor":14.0,"turns":3.0},{"damage":0.0,"enemies":"Slime Boss","floor":16.0,"turns":5.0},{"damage":24.0,"enemies":"2 Thieves","floor":18.0,"turns":4.0},{"damage":0,"enemies":"Chosen","floor":21,"turns":4},{"damage":17,"enemies":"Snake Plant","floor":22,"turns":3},{"damage":13,"enemies":"Slavers","floor":23,"turns":2},{"damage":32,"enemies":"Book of Stabbing","floor":25,"turns":3}],"seed_played":"2371204434976228316","potions_obtained":[{"floor":4.0,"key":"PowerPotion"},{"floor":5.0,"key":"Fire Potion"}],"is_trial":false,"path_per_floor":["M","?","T","M","M","R","?","E","T","E","?","$","E","M","R","B",null,"M","?","$","M","M","E","R","E"],"character_chosen":"DEFECT","items_purchased":["Membership Card","Defragment","Gremlin Horn","Matryoshka","Regal Pillow","Pantograph"],"campfire_rested":1,"item_purchase_floors":[12,12,20,20,20,20],"current_hp_per_floor":[54,71,71,62,61,61,54,33,33,28,28,28,24,28,28,28,55,38,38,38,38,21,15,49,17],"gold":134,"neow_bonus":"RANDOM_COLORLESS","is_prod":false,"is_daily":false,"chose_seed":false,"campfire_upgraded":2,"win_rate":0,"timestamp":1542081371,"path_taken":["M","?","?","M","?","R","?","E","T","E","?","?","E","M","R","BOSS","M","?","$","M","?","E","R","E"],"build_version":"2018-11-08","purchased_purges":1,"victory":false,"max_hp_per_floor":[71,71,71,71,71,71,71,71,71,71,64,64,64,64,64,64,64,64,64,64,64,64,64,64,64],"card_choices":[{"not_picked":["Undo","Capacitor"],"picked":"Sweeping Beam","floor":1.0},{"not_picked":["Hello World","Heatsinks"],"picked":"Coolheaded","floor":4.0},{"not_picked":["Leap","Sweeping Beam"],"picked":"Go for the Eyes","floor":5.0},{"not_picked":["Self Repair","Skim"],"picked":"Steam","floor":8.0},{"not_picked":["Ball Lightning","Barrage"],"picked":"Electrodynamics","floor":10.0},{"not_picked":["Stack","Double Energy"],"picked":"Self Repair","floor":13.0},{"not_picked":["Leap","Beam Cell"],"picked":"BootSequence","floor":14.0},{"not_picked":["Multi-Cast","Seek"],"picked":"Biased Cognition","floor":16.0},{"not_picked":["Streamline","Gash","Go for the Eyes"],"picked":"SKIP","floor":18.0},{"not_picked":["White Noise","Gash","Tempest+1"],"picked":"SKIP","floor":21},{"not_picked":["Ball Lightning","Turbo"],"picked":"Sunder","floor":22},{"not_picked":["Go for the Eyes","Lockon","Gash"],"picked":"SKIP","floor":23}],"player_experience":869247,"relics_obtained":[{"floor":3.0,"key":"PreservedInsect"},{"floor":8.0,"key":"Mercury Hourglass"},{"floor":9.0,"key":"The Courier"},{"floor":10.0,"key":"Symbiotic Virus"},{"floor":13.0,"key":"MawBank"},{"floor":23,"key":"Blue Candle"}],"event_choices":[{"damage_healed":17.0,"max_hp_gain":0.0,"max_hp_loss":0.0,"gold_gain":0.0,"event_name":"The Cleric","player_choice":"Healed","floor":2.0,"gold_loss":35.0,"damage_taken":0.0},{"cards_removed":["Strike_B"],"damage_healed":0.0,"max_hp_gain":0.0,"max_hp_loss":0.0,"gold_gain":0.0,"event_name":"Golden Wing","player_choice":"Card Removal","floor":7.0,"gold_loss":0.0,"damage_taken":7.0},{"damage_healed":0.0,"max_hp_gain":0.0,"max_hp_loss":7.0,"gold_gain":0.0,"event_name":"Golden Idol","player_choice":"Lose Max HP","floor":11.0,"gold_loss":0.0,"damage_taken":0.0,"relics_obtained":["Golden Idol"]},{"damage_healed":0.0,"max_hp_gain":0.0,"max_hp_loss":0.0,"gold_gain":250.0,"event_name":"The Joust","player_choice":"Bet on Owner","floor":19.0,"gold_loss":50.0,"damage_taken":0.0}],"is_beta":true,"boss_relics":[{"not_picked":["Lizard Tail","Snecko Eye"],"picked":"Philosopher\u0027s Stone"}],"items_purged_floors":[20],"is_endless":false,"potions_floor_spawned":[4,5,13],"killed_by":"Book of Stabbing","ascension_level":20}