{"gold_per_floor":[118,130,150,150,167,167,182,182,252,277,294,294,138,156,156,260,260,276,25,36,46,64,64,64,91,162,162,162,162,190,206,206,311,311,325,325,344,361,361,361,62,62,134,44,76,94,94,109,109,109],"floor_reached":51,"playtime":3945,"items_purged":[],"score":972,"play_id":"966bced0-fc2f-4c6d-9eb9-3ccece4dd5e3","local_time":"20190327095252","is_ascension_mode":true,"campfire_choices":[{"data":"Defragment","floor":6,"key":"SMITH"},{"data":"Stack","floor":8,"key":"SMITH"},{"data":"Steam","floor":12,"key":"SMITH"},{"data":"Fission","floor":15,"key":"SMITH"},{"floor":23,"key":"REST"},{"floor":27,"key":"REST"},{"data":"Echo Form","floor":29,"key":"SMITH"},{"data":"Streamline","floor":32,"key":"SMITH"},{"floor":40,"key":"REST"},{"data":"Capacitor","floor":42,"key":"SMITH"},{"data":"Force Field","floor":47,"key":"SMITH"},{"data":"Force Field","floor":49,"key":"SMITH"}],"neow_cost":"NONE","seed_source_timestamp":209139221044500,"circlet_count":0,"master_deck":["Strike_B","Strike_B","Strike_B","Strike_B","Defend_B","Defend_B","Defend_B","Defend_B","Zap","Dualcast","Compile Driver","Cold Snap","Chill","Defragment+1","Stack+1","Undo","Steam+1","Streamline+1","Fission+1","Echo Form+1","Sweeping Beam","Reinforced Body","Coolheaded","RitualDagger","Cold Snap","Ball Lightning+1","Rainbow","Capacitor+1","FTL+1","Force Field+1","Force Field+1","Stack+1"],"special_seed":0,"relics":["Cracked Core","WingedGreaves","Sundial","Bag of Marbles","PreservedInsect","Busted Crown","Matryoshka","Bag of Preparation","Anchor","Dodecahedron","Strawberry","Nuclear Battery","Pocketwatch","Regal Pillow","Frozen Egg 2","Shuriken"],"potions_floor_usage":[16,16,20,25,33,38,48,50,50],"damage_taken":[{"damage":7.0,"enemies":"Jaw Worm","floor":1.0,"turns":3.0},{"damage":0.0,"enemies":"Cultist","floor":2.0,"turns":3.0},{"damage":4,"enemies":"Small Slimes","floor":3,"turns":4},{"damage":0,"enemies":"Looter","floor":5,"turns":3},{"damage":6,"enemies":"Blue Slaver","floor":7,"turns":3},{"damage":8,"enemies":"Lagavulin","floor":10,"turns":7},{"damage":4,"enemies":"Red Slaver","floor":11,"turns":4},{"damage":2,"enemies":"Looter","floor":14,"turns":3},{"damage":14,"enemies":"Slime Boss","floor":16,"turns":14},{"damage":1,"enemies":"2 Thieves","floor":18,"turns":5},{"damage":0,"enemies":"Chosen","floor":20,"turns":4},{"damage":5,"enemies":"Sentry and Sphere","floor":21,"turns":6},{"damage":0,"enemies":"3 Cultists","floor":22,"turns":7},{"damage":14,"enemies":"Book of Stabbing","floor":25,"turns":6},{"damage":5,"enemies":"Slavers","floor":30,"turns":4},{"damage":0,"enemies":"Centurion and Healer","floor":31,"turns":5},{"damage":7,"enemies":"Automaton","floor":33,"turns":10},{"damage":0,"enemies":"Orb Walker","floor":35,"turns":3},{"damage":0,"enemies":"3 Shapes","floor":37,"turns":5},{"damage":15,"enemies":"Transient","floor":38,"turns":5},{"damage":0,"enemies":"Giant Head","floor":45,"turns":7},{"damage":0,"enemies":"Maw","floor":46,"turns":6},{"damage":8,"enemies":"Spire Growth","floor":48,"turns":4},{"damage":40,"enemies":"Time Eater","floor":50,"turns":14}],"seed_played":"-6551396691937109757","potions_obtained":[{"floor":2.0,"key":"Swift Potion"},{"floor":7,"key":"Block Potion"},{"floor":10,"key":"Block Potion"},{"floor":11,"key":"EssenceOfSteel"},{"floor":16,"key":"Ancient Potion"},{"floor":22,"key":"EssenceOfSteel"},{"floor":30,"key":"Block Potion"},{"floor":31,"key":"SpeedPotion"},{"floor":46,"key":"Energy Potion"}],"is_trial":false,"path_per_floor":["M","M","M","?","M","R","M","R","T","E","M","R","$","M","R","B",null,"M","$","M","M","M","R","?","E","T","R","?","R","E","M","R","B",null,"M","?","M","M","?","R","$","R","T","$","E","M","R","M","R","B",null],"character_chosen":"DEFECT","items_purchased":["PreservedInsect","Matryoshka","Pocketwatch","Force Field","Strength Potion"],"campfire_rested":3,"item_purchase_floors":[13,19,41,44,44],"current_hp_per_floor":[61,61,57,57,57,57,51,51,51,43,39,39,39,37,37,23,62,61,61,61,56,56,75,69,55,55,75,75,75,77,77,77,70,79,79,79,79,64,64,78,78,78,78,78,78,78,78,70,70,30],"gold":109,"neow_bonus":"THREE_CARDS","is_prod":false,"is_daily":false,"chose_seed":false,"campfire_upgraded":9,"win_rate":0,"timestamp":1553676772,"path_taken":["M","M","M","?","M","R","M","R","T","E","M","R","$","M","R","BOSS","M","$","M","M","?","R","?","E","T","R","?","R","E","M","R","BOSS","M","?","M","M","?","R","$","R","T","?","E","?","R","M","R","BOSS"],"build_version":"2019-01-23","purchased_purges":0,"victory":true,"max_hp_per_floor":[75,75,75,75,75,75,75,75,75,75,75,75,75,75,75,75,75,75,75,75,75,75,75,75,75,75,75,75,75,82,82,82,82,82,82,82,82,82,78,78,78,78,78,78,78,78,78,78,78,78],"card_choices":[{"not_picked":["Heatsinks","Beam Cell"],"picked":"Compile Driver","floor":0.0},{"not_picked":["Hologram","Reinforced Body"],"picked":"Cold Snap","floor":1.0},{"not_picked":["Turbo","Coolheaded"],"picked":"Chill","floor":2.0},{"not_picked":["Coolheaded","Rebound"],"picked":"Defragment","floor":3},{"not_picked":["Beam Cell","Loop"],"picked":"Stack","floor":5},{"not_picked":["Gash","Ball Lightning"],"picked":"Undo","floor":7},{"not_picked":["Hello World","Redo"],"picked":"Steam","floor":10},{"not_picked":["Compile Driver","Beam Cell"],"picked":"Streamline","floor":11},{"not_picked":["Turbo","Streamline"],"picked":"Fission","floor":14},{"not_picked":["Seek","Electrodynamics"],"picked":"Echo Form","floor":16},{"not_picked":[],"picked":"Sweeping Beam","floor":18},{"not_picked":["Fusion"],"picked":"SKIP","floor":20},{"not_picked":[],"picked":"Reinforced Body","floor":21},{"not_picked":[],"picked":"Coolheaded","floor":22},{"not_picked":[],"picked":"Cold Snap","floor":25},{"not_picked":[],"picked":"Ball Lightning+1","floor":30},{"not_picked":["Barrage"],"picked":"SKIP","floor":31},{"not_picked":[],"picked":"Rainbow","floor":33},{"not_picked":[],"picked":"Capacitor","floor":35},{"not_picked":[],"picked":"FTL+1","floor":37},{"not_picked":["Chill"],"picked":"SKIP","floor":38},{"not_picked":[],"picked":"Force Field","floor":45},{"not_picked":["Hello World+1"],"picked":"SKIP","floor":46},{"not_picked":[],"picked":"Stack+1","floor":48}],"player_experience":602777,"relics_obtained":[{"floor":9,"key":"Sundial"},{"floor":10,"key":"Bag of Marbles"},{"floor":25,"key":"Bag of Preparation"},{"floor":26,"key":"Anchor"},{"floor":26,"key":"Dodecahedron"},{"floor":30,"key":"Strawberry"},{"floor":43,"key":"Regal Pillow"},{"floor":43,"key":"Frozen Egg 2"},{"floor":45,"key":"Shuriken"}],"event_choices":[{"damage_healed":0,"gold_gain":0,"player_choice":"Gave Potion","damage_taken":0,"relics_obtained":["WingedGreaves"],"max_hp_gain":0,"max_hp_loss":0,"event_name":"WeMeetAgain","floor":4,"gold_loss":0},{"damage_healed":0,"gold_gain":0,"player_choice":"Joined the Cult","damage_taken":6,"max_hp_gain":0,"max_hp_loss":0,"event_name":"Nest","floor":24,"gold_loss":0,"cards_obtained":["RitualDagger"]},{"damage_healed":0,"gold_gain":0,"player_choice":"Ignored","damage_taken":0,"max_hp_gain":0,"max_hp_loss":0,"event_name":"Cursed Tome","floor":28,"gold_loss":0},{"damage_healed":0,"gold_gain":0,"player_choice":"Ignored","damage_taken":0,"max_hp_gain":0,"max_hp_loss":0,"event_name":"Tomb of Lord Red Mask","floor":36,"gold_loss":0},{"damage_healed":0,"gold_gain":0,"player_choice":"Max HP","damage_taken":0,"max_hp_gain":0,"max_hp_loss":4,"event_name":"Winding Halls","floor":39,"gold_loss":0}],"is_beta":false,"boss_relics":[{"not_picked":["Runic Pyramid","Snecko Eye"],"picked":"Busted Crown"},{"not_picked":["Lizard Tail","Coffee Dripper"],"picked":"Nuclear Battery"}],"items_purged_floors":[],"is_endless":false,"potions_floor_spawned":[2,7,10,11,16,22,30,31,46],"ascension_level":8}