{"gold_per_floor":[118,138,156,174,120,150,166,166,166,196,207,282,294,294,294,367,367,385,397,397,415,415,440,440,440],"floor_reached":25,"playtime":1112,"items_purged":[],"score":470,"play_id":"b6d88b82-946e-4d06-9de8-bffb1009f807","local_time":"20190327213420","is_ascension_mode":true,"campfire_choices":[{"data":"True Grit","floor":8.0,"key":"SMITH"},{"data":"Clothesline","floor":15.0,"key":"SMITH"},{"data":"Ghostly","floor":24,"key":"SMITH"}],"neow_cost":"NONE","seed_source_timestamp":1270603988297461,"circlet_count":0,"master_deck":["AscendersBane","Strike_R","Strike_R","Strike_R","Strike_R","Defend_R","Defend_R","Defend_R","Defend_R","Bash","Spot Weakness","True Grit+1","Pummel","Feed","Sword Boomerang","Burning Pact","Clothesline+1","Disarm","Heavy Blade","Limit Break","Uppercut","Armaments+1","Writhe","Ghostly+1","Ghostly","Ghostly","Fiend Fire"],"special_seed":0,"relics":["Burning Blood","Boot","Sundial","Du-Vu Doll","Torii","Coffee Dripper","Unceasing Top","Self Forming Clay"],"potions_floor_usage":[23],"damage_taken":[{"damage":7.0,"enemies":"Cultist","floor":1.0,"turns":4.0},{"damage":12.0,"enemies":"Small Slimes","floor":2.0,"turns":4.0},{"damage":0.0,"enemies":"2 Louse","floor":3.0,"turns":4.0},{"damage":6.0,"enemies":"2 Fungi Beasts","floor":4.0,"turns":4.0},{"damage":8.0,"enemies":"Gremlin Nob","floor":6.0,"turns":3.0},{"damage":9.0,"enemies":"Red Slaver","floor":7.0,"turns":3.0},{"damage":43.0,"enemies":"Lagavulin","floor":10.0,"turns":8.0},{"damage":2.0,"enemies":"Looter","floor":11.0,"turns":3.0},{"damage":13.0,"enemies":"Blue Slaver","floor":13.0,"turns":2.0},{"damage":26.0,"enemies":"Slime Boss","floor":16.0,"turns":11.0},{"damage":9.0,"enemies":"Shell Parasite","floor":18.0,"turns":3.0},{"damage":23.0,"enemies":"2 Thieves","floor":19.0,"turns":4.0},{"damage":17.0,"enemies":"Snake Plant","floor":21.0,"turns":3.0},{"damage":33,"enemies":"Gremlin Leader","floor":23,"turns":6},{"damage":20,"enemies":"Book of Stabbing","floor":25,"turns":2}],"seed_played":"-6991764367765729016","potions_obtained":[{"floor":1.0,"key":"BloodPotion"},{"floor":7.0,"key":"Regen Potion"},{"floor":10.0,"key":"AttackPotion"},{"floor":11.0,"key":"SmokeBomb"},{"floor":13.0,"key":"Block Potion"},{"floor":19.0,"key":"Energy Potion"}],"is_trial":false,"path_per_floor":["M","M","M","M","$","E","M","R","T","E","M","?","M","?","R","B",null,"M","M","?","M","?","E","R","E"],"character_chosen":"IRONCLAD","items_purchased":["SteroidPotion"],"campfire_rested":0,"item_purchase_floors":[5],"current_hp_per_floor":[67,61,67,67,67,65,62,62,62,39,53,42,38,38,38,21,68,65,51,51,43,43,16,16,0],"gold":440,"neow_bonus":"RANDOM_COMMON_RELIC","is_prod":false,"is_daily":false,"chose_seed":false,"campfire_upgraded":3,"win_rate":0,"timestamp":1553736860,"path_taken":["M","M","M","?","$","E","M","R","T","E","?","?","M","?","R","BOSS","M","?","?","M","?","E","R","E"],"build_version":"2019-03-15","purchased_purges":0,"victory":false,"max_hp_per_floor":[75,75,75,75,75,75,75,75,75,75,78,78,81,81,81,84,84,84,87,87,90,45,45,45,45],"card_choices":[{"not_picked":["Flame Barrier","Havoc"],"picked":"Spot Weakness","floor":1.0},{"not_picked":["Headbutt","Sword Boomerang"],"picked":"True Grit","floor":2.0},{"not_picked":["Thunderclap","Warcry"],"picked":"Pummel","floor":3.0},{"not_picked":["Sentinel","Rampage"],"picked":"Feed","floor":4.0},{"not_picked":["Clash","Anger"],"picked":"Sword Boomerang","floor":6.0},{"not_picked":["Twin Strike","Heavy Blade"],"picked":"Burning Pact","floor":7.0},{"not_picked":["Flex","Blood for Blood"],"picked":"Clothesline","floor":10.0},{"not_picked":["Burning Pact","Perfected Strike","Rupture"],"picked":"SKIP","floor":11.0},{"not_picked":["Heavy Blade","Fire Breathing"],"picked":"Disarm","floor":13.0},{"not_picked":["Immolate","Reaper"],"picked":"Limit Break","floor":16.0},{"not_picked":["Twin Strike+1","Carnage"],"picked":"Uppercut","floor":18.0},{"not_picked":["Shrug It Off","Anger"],"picked":"Armaments+1","floor":19.0},{"not_picked":["Twin Strike","True Grit","Warcry"],"picked":"SKIP","floor":21.0},{"not_picked":["Twin Strike+1","Shockwave"],"picked":"Fiend Fire","floor":23}],"player_experience":1324418,"relics_obtained":[{"floor":6.0,"key":"Sundial"},{"floor":9.0,"key":"Du-Vu Doll"},{"floor":10.0,"key":"Torii"},{"floor":23,"key":"Self Forming Clay"}],"event_choices":[{"damage_healed":0.0,"max_hp_gain":0.0,"max_hp_loss":0.0,"gold_gain":75.0,"event_name":"World of Goop","player_choice":"Gather Gold","floor":12.0,"gold_loss":0.0,"damage_taken":11.0},{"damage_healed":0.0,"max_hp_gain":0.0,"max_hp_loss":0.0,"gold_gain":0.0,"cards_transformed":["Strike_R"],"event_name":"Transmorgrifier","player_choice":"Transformed","floor":14.0,"gold_loss":0.0,"damage_taken":0.0,"cards_obtained":["Heavy Blade"]},{"damage_healed":0.0,"max_hp_gain":0.0,"max_hp_loss":0.0,"gold_gain":0.0,"event_name":"The Mausoleum","player_choice":"Opened","floor":20.0,"gold_loss":0.0,"damage_taken":0.0,"relics_obtained":["Unceasing Top"],"cards_obtained":["Writhe"]},{"damage_healed":0.0,"max_hp_gain":0.0,"max_hp_loss":45.0,"gold_gain":0.0,"event_name":"Ghosts","player_choice":"Became a Ghost","floor":22.0,"gold_loss":0.0,"damage_taken":0.0,"cards_obtained":["Ghostly","Ghostly","Ghostly"]}],"is_beta":true,"boss_relics":[{"not_picked":["Tiny House","White Beast Statue"],"picked":"Coffee Dripper"}],"items_purged_floors":[],"is_endless":false,"potions_floor_spawned":[1,7,10,11,13,19],"killed_by":"Book of Stabbing","ascension_level":20}