{"gold_per_floor":[418,33,45,45,58,58,90,105,128,128,146,146,190,45,45,166,166,190,206,206,206,206,241,257,257,335,335,379,400,413,413],"floor_reached":31,"playtime":1940,"items_purged":["Doubt","Regret"],"score":382,"play_id":"2e72bb33-3d1d-48d6-81d6-16f667f7e8e7","local_time":"20190323234226","is_ascension_mode":true,"campfire_choices":[{"data":"Sunder","floor":6.0,"key":"SMITH"},{"floor":10.0,"key":"REST"},{"floor":15.0,"key":"REST"},{"floor":25.0,"key":"REST"},{"data":"Ghostly","floor":27.0,"key":"SMITH"}],"neow_cost":"CURSE","seed_source_timestamp":15170099240700,"circlet_count":0,"master_deck":["Strike_B","Strike_B","Strike_B","Strike_B","Defend_B","Defend_B","Defend_B","Defend_B","Zap","Dualcast","Go for the Eyes","Sunder+1","Capacitor","Coolheaded","Undo","Ball Lightning","Cold Snap","Hologram+1","Steam","Fission+1","Go for the Eyes+1","Ghostly+1","Ghostly","Ghostly","Ghostly","Ghostly+1","Leap+1","Double Energy","Blizzard+1","Capacitor","Coolheaded+1"],"special_seed":0,"relics":["Cracked Core","Old Coin","Bag of Marbles","Pen Nib","Omamori","Vajra","Golden Idol","Ginger","Velvet Choker","MutagenicStrength","War Paint","Mummified Hand","DataDisk"],"potions_floor_usage":[],"damage_taken":[{"damage":12.0,"enemies":"Small Slimes","floor":1.0,"turns":3.0},{"damage":12.0,"enemies":"Jaw Worm","floor":3.0,"turns":2.0},{"damage":3.0,"enemies":"2 Louse","floor":5.0,"turns":2.0},{"damage":30.0,"enemies":"Gremlin Nob","floor":7.0,"turns":4.0},{"damage":9.0,"enemies":"2 Fungi Beasts","floor":8.0,"turns":3.0},{"damage":16.0,"enemies":"Gremlin Gang","floor":11.0,"turns":4.0},{"damage":12.0,"enemies":"3 Sentries","floor":13.0,"turns":5.0},{"damage":5.0,"enemies":"The Guardian","floor":16.0,"turns":13.0},{"damage":7.0,"enemies":"3 Byrds","floor":18.0,"turns":6.0},{"damage":4.0,"enemies":"Spheric Guardian","floor":19.0,"turns":4.0},{"damage":15.0,"enemies":"Gremlin Leader","floor":23.0,"turns":10.0},{"damage":10.0,"enemies":"Chosen and Byrds","floor":24.0,"turns":7.0},{"damage":0.0,"enemies":"Slavers","floor":28.0,"turns":5.0},{"damage":0.0,"enemies":"Snake Plant","floor":29.0,"turns":2.0},{"damage":5.0,"enemies":"Snecko","floor":30.0,"turns":6.0},{"damage":14,"enemies":"Book of Stabbing","floor":31,"turns":3}],"seed_played":"7031472903321507824","potions_obtained":[{"floor":1.0,"key":"Poison Potion"},{"floor":7.0,"key":"Ancient Potion"},{"floor":11.0,"key":"EntropicBrew"},{"floor":16.0,"key":"FocusPotion"},{"floor":19.0,"key":"SkillPotion"},{"floor":24.0,"key":"Ancient Potion"}],"is_trial":false,"path_per_floor":["M","$","M","?","M","R","E","M","T","R","M","?","E","$","R","B",null,"M","M","?","?","?","E","M","R","T","R","E","M","M","E"],"character_chosen":"DEFECT","items_purchased":["Sunder","Capacitor","Bag of Marbles","Steam"],"campfire_rested":3,"item_purchase_floors":[2,2,2,14],"current_hp_per_floor":[63,63,51,51,48,48,18,9,9,31,15,15,3,3,23,18,69,62,58,58,34,34,19,9,19,19,19,19,19,14,0],"gold":413,"neow_bonus":"ONE_RARE_RELIC","is_prod":false,"is_daily":false,"chose_seed":false,"campfire_upgraded":2,"win_rate":0,"timestamp":1553364746,"path_taken":["M","$","M","?","M","R","E","M","T","R","M","?","E","?","R","BOSS","M","M","?","?","?","E","M","R","T","R","E","?","M","E"],"build_version":"2019-01-23","purchased_purges":2,"victory":false,"max_hp_per_floor":[75,75,75,75,75,75,75,75,75,75,75,69,69,69,69,69,69,69,69,69,34,34,34,34,34,34,34,34,34,34,34],"card_choices":[{"not_picked":["Compile Driver","Recycle"],"picked":"Go for the Eyes","floor":1.0},{"not_picked":["Sweeping Beam","Hologram"],"picked":"Coolheaded","floor":3.0},{"not_picked":["Chill","Leap"],"picked":"Undo","floor":5.0},{"not_picked":["Force Field","Redo","Steam Power"],"picked":"SKIP","floor":7.0},{"not_picked":["Turbo","Beam Cell"],"picked":"Ball Lightning","floor":8.0},{"not_picked":["Double Energy","Rainbow"],"picked":"Cold Snap","floor":11.0},{"not_picked":["Double Energy","Barrage"],"picked":"Hologram","floor":13.0},{"not_picked":["Core Surge","Amplify"],"picked":"Fission","floor":16.0},{"not_picked":["Barrage+1","Rip and Tear","Steam"],"picked":"SKIP","floor":18.0},{"not_picked":["Conserve Battery","Aggregate+1"],"picked":"Go for the Eyes+1","floor":19.0},{"not_picked":["Go for the Eyes","Coolheaded"],"picked":"Leap+1","floor":23.0},{"not_picked":["Scrape","Fusion"],"picked":"Double Energy","floor":24.0},{"not_picked":["Leap","Redo"],"picked":"Blizzard+1","floor":28.0},{"not_picked":["Sweeping Beam","Rebound"],"picked":"Capacitor","floor":29.0},{"not_picked":["Streamline","Sweeping Beam+1"],"picked":"Coolheaded+1","floor":30.0}],"player_experience":100398,"relics_obtained":[{"floor":7.0,"key":"Omamori"},{"floor":9.0,"key":"Vajra"},{"floor":13.0,"key":"Ginger"},{"floor":23.0,"key":"War Paint"},{"floor":26.0,"key":"Mummified Hand"},{"floor":28.0,"key":"DataDisk"}],"event_choices":[{"damage_healed":0.0,"max_hp_gain":0.0,"max_hp_loss":0.0,"gold_gain":0.0,"event_name":"Big Fish","player_choice":"Box","floor":4.0,"gold_loss":0.0,"damage_taken":0.0,"relics_obtained":["Pen Nib"],"cards_obtained":["Regret"]},{"damage_healed":0.0,"max_hp_gain":0.0,"max_hp_loss":6.0,"gold_gain":0.0,"event_name":"Golden Idol","player_choice":"Lose Max HP","floor":12.0,"gold_loss":0.0,"damage_taken":0.0,"relics_obtained":["Golden Idol"]},{"damage_healed":0.0,"max_hp_gain":0.0,"max_hp_loss":0.0,"gold_gain":0.0,"event_name":"Drug Dealer","player_choice":"Inject Mutagens","floor":20.0,"gold_loss":0.0,"damage_taken":0.0,"relics_obtained":["MutagenicStrength"]},{"damage_healed":0.0,"max_hp_gain":0.0,"max_hp_loss":35.0,"gold_gain":0.0,"event_name":"Ghosts","player_choice":"Became a Ghost","floor":21.0,"gold_loss":0.0,"damage_taken":0.0,"cards_obtained":["Ghostly","Ghostly","Ghostly","Ghostly","Ghostly"]},{"damage_healed":0.0,"max_hp_gain":0.0,"max_hp_loss":0.0,"gold_gain":0.0,"event_name":"Accursed Blacksmith","player_choice":"Forge","floor":22.0,"gold_loss":0.0,"damage_taken":0.0,"cards_upgraded":["Fission"]}],"is_beta":false,"boss_relics":[{"not_picked":["Black Star","Orrery"],"picked":"Velvet Choker"}],"items_purged_floors":[2,14],"is_endless":false,"potions_floor_spawned":[1,7,11,16,19,24,28,30],"killed_by":"Book of Stabbing","ascension_level":3}