{"gold_per_floor":[367,384,307,307,25,25,25,25,49,49,62,73,91,109,109,109],"floor_reached":16,"playtime":471,"items_purged":[],"score":184,"play_id":"831c3180-5df9-49f9-a0e2-26f0263a5a29","local_time":"20190320224457","is_ascension_mode":true,"campfire_choices":[{"floor":6.0,"key":"REST"},{"data":"Neutralize","floor":8.0,"key":"SMITH"},{"data":"Catalyst","floor":10.0,"key":"SMITH"},{"data":"Dagger Throw","floor":15,"key":"SMITH"}],"neow_cost":"PERCENT_DAMAGE","seed_source_timestamp":670822697726828,"circlet_count":0,"master_deck":["AscendersBane","Defend_G","Defend_G","Defend_G","Defend_G","Defend_G+1","Strike_G","Strike_G","Strike_G","Strike_G","Strike_G","Survivor","Neutralize+1","PiercingWail","Backstab+1","Catalyst+1","Dodge and Roll","PiercingWail","Acrobatics","Dagger Throw+1"],"special_seed":0,"relics":["Ring of the Snake","Gremlin Horn","Pen Nib"],"potions_floor_usage":[16],"damage_taken":[{"damage":2.0,"enemies":"2 Louse","floor":1.0,"turns":3.0},{"damage":0.0,"enemies":"Small Slimes","floor":2.0,"turns":5.0},{"damage":0.0,"enemies":"Cultist","floor":11.0,"turns":4.0},{"damage":7.0,"enemies":"Exordium Wildlife","floor":12.0,"turns":5.0},{"damage":0.0,"enemies":"Large Slime","floor":13.0,"turns":6.0},{"damage":1,"enemies":"Blue Slaver","floor":14,"turns":8},{"damage":37,"enemies":"The Guardian","floor":16,"turns":14}],"seed_played":"6336468044202459767","potions_obtained":[{"floor":2.0,"key":"SpeedPotion"},{"floor":11.0,"key":"EssenceOfSteel"}],"is_trial":false,"path_per_floor":["M","M","$","?","$","R","?","R","T","R","M","M","M","M","R","B"],"character_chosen":"THE_SILENT","items_purchased":["Catalyst","Gremlin Horn"],"campfire_rested":1,"item_purchase_floors":[3,5],"current_hp_per_floor":[42,42,42,22,22,41,41,41,41,41,41,34,34,33,33,0],"gold":109,"neow_bonus":"TWO_FIFTY_GOLD","is_prod":false,"is_daily":false,"chose_seed":false,"campfire_upgraded":3,"win_rate":0,"timestamp":1553136297,"path_taken":["M","M","$","?","$","R","?","R","T","R","M","M","M","M","R","BOSS"],"build_version":"2019-03-15","purchased_purges":0,"victory":false,"max_hp_per_floor":[66,66,66,66,66,66,66,66,66,66,66,66,66,66,66,66],"card_choices":[{"not_picked":["Prepared","Tactician"],"picked":"PiercingWail","floor":1.0},{"not_picked":["Flechettes","Cloak And Dagger"],"picked":"Backstab","floor":2.0},{"not_picked":["Concentrate","Dagger Spray"],"picked":"Dodge and Roll","floor":11.0},{"not_picked":["Eviscerate","Reflex"],"picked":"PiercingWail","floor":12.0},{"not_picked":["Setup","Reflex"],"picked":"Acrobatics","floor":13.0},{"not_picked":["Expertise","Prepared"],"picked":"Dagger Throw","floor":14}],"player_experience":1154586,"relics_obtained":[{"floor":9.0,"key":"Pen Nib"}],"event_choices":[{"damage_healed":0.0,"max_hp_gain":0.0,"max_hp_loss":0.0,"gold_gain":0.0,"event_name":"Shining Light","player_choice":"Entered Light","floor":4.0,"gold_loss":0.0,"damage_taken":20.0,"cards_upgraded":["Backstab","Defend_G"]},{"damage_healed":0.0,"max_hp_gain":0.0,"max_hp_loss":0.0,"gold_gain":0.0,"event_name":"The Cleric","player_choice":"Leave","floor":7.0,"gold_loss":0.0,"damage_taken":0.0}],"is_beta":true,"boss_relics":[],"items_purged_floors":[],"is_endless":false,"potions_floor_spawned":[2,11],"killed_by":"The Guardian","ascension_level":20}