{"gold_per_floor":[119,131,148,5,180,180,255,205,205,205,230,241,241,251,251,347,347,361,276,276,276,276,276,69,81,81,34,52,52,66,78,78,182,182,195,195,209,114,130,130,150,150,150,150,167,183,183,183,183,183,183,183,10,45,45],"floor_reached":55,"playtime":1549,"items_purged":[],"score":777,"play_id":"49216805-3919-491d-bc83-4ba31f7ed4f0","local_time":"20190224075750","is_ascension_mode":true,"campfire_choices":[{"data":"Limit Break","floor":6,"key":"SMITH"},{"data":"1","floor":10,"key":"LIFT"},{"data":"2","floor":15,"key":"LIFT"},{"data":"3","floor":23,"key":"LIFT"},{"data":"Bludgeon","floor":29,"key":"SMITH"},{"data":"Reaper","floor":32,"key":"SMITH"},{"floor":40,"key":"RECALL"},{"data":"Madness","floor":47,"key":"SMITH"},{"data":"Madness","floor":49,"key":"SMITH"},{"data":"Heavy Blade","floor":52,"key":"SMITH"}],"neow_cost":"NONE","seed_source_timestamp":316024350413547,"circlet_count":0,"master_deck":["Strike_R+1","Strike_R+1","Strike_R+1","Strike_R+1","Strike_R+1","Defend_R+1","Defend_R+1","Defend_R+1","Defend_R+1","Bash","Limit Break+1","Flex","Twin Strike+1","Carnage","Thunderclap","Havoc","Reaper+1","Shockwave","Heavy Blade+1","Bludgeon+1","Spot Weakness","Necronomicurse","Perfected Strike","Wild Strike+1","Twin Strike","Perfected Strike","Madness+1","Madness+1","Inflame+1","Perfected Strike"],"relics":["Black Blood","Anchor","Girya","Red Skull","Orrery","Blood Vial","Necronomicon","Vajra","Boot","Du-Vu Doll","Letter Opener","Kunai","Bag of Preparation","Art of War"],"potions_floor_usage":[3,18,28,37,39,41,46,50,50,55],"damage_taken":[{"damage":10,"enemies":"Cultist","floor":1,"turns":4},{"damage":6,"enemies":"Jaw Worm","floor":2,"turns":3},{"damage":0,"enemies":"Small Slimes","floor":3,"turns":1},{"damage":48,"enemies":"Gremlin Nob","floor":11,"turns":5},{"damage":0,"enemies":"Exordium Wildlife","floor":12,"turns":3},{"damage":0,"enemies":"Looter","floor":14,"turns":2},{"damage":0,"enemies":"Slime Boss","floor":16,"turns":6},{"damage":29,"enemies":"Spheric Guardian","floor":18,"turns":5},{"damage":0,"enemies":"Shell Parasite","floor":25,"turns":2},{"damage":0,"enemies":"Cultist and Chosen","floor":28,"turns":3},{"damage":0,"enemies":"Snake Plant","floor":30,"turns":1},{"damage":14,"enemies":"3 Cultists","floor":31,"turns":4},{"damage":57,"enemies":"Champ","floor":33,"turns":7},{"damage":6,"enemies":"3 Shapes","floor":35,"turns":2},{"damage":23,"enemies":"3 Darklings","floor":37,"turns":6},{"damage":14,"enemies":"Jaw Worm Horde","floor":39,"turns":2},{"damage":2,"enemies":"Sphere and 2 Shapes","floor":41,"turns":4},{"damage":17,"enemies":"Maw","floor":45,"turns":5},{"damage":31,"enemies":"Jaw Worm Horde","floor":46,"turns":4},{"damage":135,"enemies":"Awakened One","floor":50,"turns":7},{"damage":46,"enemies":"Shield and Spear","floor":54,"turns":3},{"damage":71,"enemies":"The Heart","floor":55,"turns":3}],"seed_played":"7381658200785189888","potions_obtained":[{"floor":2,"key":"Fire Potion"},{"floor":14,"key":"FairyPotion"},{"floor":16,"key":"Fire Potion"},{"floor":25,"key":"Fire Potion"},{"floor":30,"key":"Swift Potion"},{"floor":33,"key":"Block Potion"},{"floor":37,"key":"AttackPotion"},{"floor":39,"key":"Regen Potion"},{"floor":48,"key":"Fruit Juice"},{"floor":48,"key":"BloodPotion"},{"floor":54,"key":"EssenceOfSteel"}],"is_trial":false,"path_per_floor":["M","M","M","$","?","R","?","?","T","R","E","M","?","M","R","B",null,"M","?","?","T","?","R","$","M","T","$","M","R","M","M","R","B",null,"M","?","M","?","M","R","M","T","T","?","M","M","R","?","R","B",null,"R","$","E","B"],"character_chosen":"IRONCLAD","items_purchased":["Anchor","Vajra","Perfected Strike","Twin Strike","Bag of Preparation","Perfected Strike"],"campfire_rested":0,"item_purchase_floors":[4,24,24,27,53,53],"current_hp_per_floor":[76,76,80,80,80,80,69,69,69,69,27,33,33,39,39,45,80,57,57,57,57,41,41,41,49,49,49,57,57,65,80,80,34,80,80,90,77,77,75,75,90,90,90,79,88,69,69,69,69,43,95,95,95,59,0],"gold":45,"neow_bonus":"ONE_RANDOM_RARE_CARD","is_prod":false,"is_daily":false,"chose_seed":false,"campfire_upgraded":6,"win_rate":0,"timestamp":1551023870,"path_taken":["M","?","M","$","?","R","?","?","T","R","E","?","?","M","R","BOSS","M","?","?","?","?","R","$","M","T","$","M","R","M","M","R","BOSS","M","?","?","?","?","R","M","?","T","?","M","M","R","?","R","BOSS","R","$","E","BOSS"],"build_version":"2019-01-23","purchased_purges":0,"victory":false,"max_hp_per_floor":[80,80,80,80,80,80,80,80,80,80,80,80,80,80,80,80,80,80,80,80,80,80,80,80,80,80,80,80,80,80,80,80,80,80,80,90,90,90,90,90,90,90,90,90,90,90,90,90,90,95,95,95,95,95,95],"card_choices":[{"not_picked":["Shrug It Off","Pommel Strike"],"picked":"Flex","floor":1},{"not_picked":["Sword Boomerang","Infernal Blade"],"picked":"Twin Strike","floor":2},{"not_picked":["Body Slam","Power Through"],"picked":"Carnage","floor":3},{"not_picked":["Ghostly Armor","Disarm","Pummel"],"picked":"SKIP","floor":11},{"not_picked":["Iron Wave","Uppercut"],"picked":"Thunderclap","floor":12},{"not_picked":["Wild Strike","Combust"],"picked":"Havoc","floor":14},{"not_picked":["Dark Embrace","Exhume"],"picked":"Reaper","floor":16},{"not_picked":["Thunderclap","Warcry"],"picked":"Shockwave","floor":17},{"not_picked":["Wild Strike","Havoc"],"picked":"Heavy Blade","floor":17},{"not_picked":["Inflame","Heavy Blade"],"picked":"Bludgeon","floor":17},{"not_picked":["Battle Trance","Headbutt"],"picked":"Spot Weakness","floor":18},{"not_picked":["Shockwave","Clothesline"],"picked":"Wild Strike+1","floor":25},{"not_picked":["Body Slam+1","Shrug It Off","Reckless Charge"],"picked":"SKIP","floor":28},{"not_picked":["Sword Boomerang+1","True Grit","Havoc"],"picked":"SKIP","floor":30},{"not_picked":["Body Slam","Shrug It Off","Bludgeon"],"picked":"SKIP","floor":31},{"not_picked":["Immolate","Brutality"],"picked":"Limit Break","floor":33},{"not_picked":["Rampage","Clash","Headbutt"],"picked":"SKIP","floor":35},{"not_picked":["Havoc","Hemokinesis+1","Shrug It Off+1"],"picked":"SKIP","floor":37},{"not_picked":["Power Through","Clash+1","Twin Strike"],"picked":"SKIP","floor":39},{"not_picked":["Havoc+1","True Grit+1"],"picked":"Perfected Strike","floor":41},{"not_picked":["Bludgeon","True Grit"],"picked":"Inflame+1","floor":45},{"not_picked":["Thunderclap","Clothesline","Anger"],"picked":"SKIP","floor":46},{"not_picked":["Clothesline+1","Pommel Strike+1","Shockwave"],"picked":"SKIP","floor":54}],"player_experience":280191,"relics_obtained":[{"floor":9,"key":"Girya"},{"floor":11,"key":"Red Skull"},{"floor":22,"key":"Necronomicon"},{"floor":26,"key":"Boot"},{"floor":42,"key":"Letter Opener"},{"floor":43,"key":"Kunai"},{"floor":54,"key":"Art of War"}],"event_choices":[{"damage_healed":0,"gold_gain":175,"player_choice":"AGREE","damage_taken":0,"max_hp_gain":0,"max_hp_loss":0,"event_name":"Liars Game","floor":5,"gold_loss":0,"cards_obtained":["Doubt"]},{"damage_healed":0,"gold_gain":75,"player_choice":"Gather Gold","damage_taken":11,"max_hp_gain":0,"max_hp_loss":0,"event_name":"World of Goop","floor":7,"gold_loss":0},{"cards_removed":["Doubt"],"damage_healed":0,"gold_gain":0,"player_choice":"Card Removal","damage_taken":0,"max_hp_gain":0,"max_hp_loss":0,"event_name":"The Cleric","floor":8,"gold_loss":50},{"damage_healed":0,"gold_gain":0,"player_choice":"Grow","damage_taken":0,"max_hp_gain":0,"max_hp_loss":0,"event_name":"Living Wall","floor":13,"gold_loss":0,"cards_upgraded":["Twin Strike"]},{"damage_healed":0,"gold_gain":0,"player_choice":"Obtained Relic","damage_taken":0,"relics_obtained":["Blood Vial"],"max_hp_gain":0,"max_hp_loss":0,"event_name":"Addict","floor":19,"gold_loss":85},{"damage_healed":0,"gold_gain":0,"player_choice":"Simplicity","damage_taken":0,"max_hp_gain":0,"max_hp_loss":0,"event_name":"Back to Basics","floor":20,"gold_loss":0,"cards_upgraded":["Strike_R","Strike_R","Strike_R","Strike_R","Strike_R","Defend_R","Defend_R","Defend_R","Defend_R"]},{"damage_healed":0,"gold_gain":0,"player_choice":"Obtained Book","damage_taken":16,"max_hp_gain":0,"max_hp_loss":0,"event_name":"Cursed Tome","floor":22,"gold_loss":0},{"cards_removed":["Limit Break"],"damage_healed":0,"gold_gain":0,"player_choice":"Offered Rare","damage_taken":0,"max_hp_gain":10,"max_hp_loss":0,"event_name":"Bonfire Elementals","floor":36,"gold_loss":0},{"damage_healed":0,"gold_gain":0,"player_choice":"Paid Gold","damage_taken":0,"relics_obtained":["Du-Vu Doll"],"max_hp_gain":0,"max_hp_loss":0,"event_name":"WeMeetAgain","floor":38,"gold_loss":95},{"damage_healed":0,"gold_gain":0,"player_choice":"Embrace Madness","damage_taken":11,"max_hp_gain":0,"max_hp_loss":0,"event_name":"Winding Halls","floor":44,"gold_loss":0,"cards_obtained":["Madness","Madness"]},{"damage_healed":0,"gold_gain":0,"player_choice":"Got Potions","damage_taken":0,"max_hp_gain":0,"max_hp_loss":0,"event_name":"Lab","floor":48,"gold_loss":0}],"is_beta":false,"boss_relics":[{"not_picked":["Runic Dome","Cursed Key"],"picked":"Orrery"},{"not_picked":["Mark of Pain","Velvet Choker"],"picked":"Black Blood"}],"items_purged_floors":[],"is_endless":false,"potions_floor_spawned":[2,14,16,25,30,33,37,39,54],"killed_by":"The Heart","ascension_level":1}