{"path_per_floor":["M","M","?","T","M","?","M","M","T","M","$","M","M","M","R","B",null,"M","M","M","M","M","R","M","M","T","$","?","M","M","?","R","B",null,"M","M"],"character_chosen":"DEFECT","items_purchased":["War Paint"],"gold_per_floor":[119,135,135,206,217,187,207,217,270,286,65,82,92,106,106,207,207,218,231,231,245,265,265,276,290,290,190,290,302,314,314,314,415,415,429,443,443],"floor_reached":37,"campfire_rested":2,"playtime":1896,"item_purchase_floors":[11],"current_hp_per_floor":[68,67,75,75,75,75,71,67,67,46,46,38,36,35,57,46,75,57,48,48,58,61,61,46,31,31,31,31,24,31,31,53,21,75,75,25,0],"items_purged":["Strike_B","Defend_B"],"gold":443,"score":400,"play_id":"07c954ba-4807-4799-9a52-69898f63b31c","local_time":"20180609065401","is_prod":false,"is_daily":false,"chose_seed":false,"is_ascension_mode":false,"campfire_upgraded":1,"win_rate":0.0,"timestamp":1528552441,"campfire_choices":[{"floor":15,"key":"REST"},{"data":"Defragment","floor":23,"key":"SMITH"},{"floor":32,"key":"REST"}],"path_taken":["M","M","?","?","?","?","M","M","T","M","$","M","M","M","R","BOSS","M","M","M","M","M","R","M","M","T","$","?","M","M","?","R","BOSS","M","M","M"],"build_version":"2018-06-07v3","seed_source_timestamp":1491668050975124,"purchased_purges":2,"victory":false,"master_deck":["Zap","Dualcast+1","Defragment+1","Defragment","Go for the Eyes","Beam Cell","Glacier","Self Repair","FTL","Self Repair","Electrodynamics","Defragment","Defragment","Redo","Beam Cell","Redo","Rebound","Sweeping Beam","Turbo","Fusion","White Noise"],"max_hp_per_floor":[75,75,75,75,75,75,75,75,75,75,75,75,75,75,75,75,75,75,75,75,75,75,75,75,75,75,75,75,75,75,75,75,75,75,75,75,75],"relics":["Cracked Core","Gremlin Horn","Dream Catcher","War Paint","Lizard Tail","Bottled Tornado","Pandora\u0027s Box"],"card_choices":[{"not_picked":["Rip and Tear","Conserve Battery"],"picked":"Defragment","floor":0},{"not_picked":["Hologram","Auto Shields"],"picked":"Capacitor","floor":1},{"not_picked":["Sweeping Beam","Melter"],"picked":"Defragment","floor":2},{"not_picked":["Leap","Heatsinks","Undo"],"picked":"SKIP","floor":5},{"not_picked":["Sweeping Beam","Rebound"],"picked":"Go for the Eyes","floor":7},{"not_picked":["Coolheaded","Streamline"],"picked":"Beam Cell","floor":8},{"not_picked":["Auto Shields","Lockon"],"picked":"Glacier","floor":10},{"not_picked":["Gash","Steam"],"picked":"Self Repair","floor":12},{"not_picked":["Turbo","Auto Shields","Leap"],"picked":"SKIP","floor":13},{"not_picked":["Reprogram","Scrape"],"picked":"FTL","floor":14},{"not_picked":["Steam","Loop"],"picked":"Self Repair","floor":15},{"not_picked":["Biased Cognition","Creative AI"],"picked":"Electrodynamics","floor":16},{"not_picked":["Steam Power","Auto Shields"],"picked":"Defragment","floor":18},{"not_picked":["Darkness","Go for the Eyes","Sweeping Beam"],"picked":"SKIP","floor":19},{"not_picked":["Compile Driver","Hologram","Consume"],"picked":"SKIP","floor":21},{"not_picked":["Rebound","Stack","Conserve Battery"],"picked":"SKIP","floor":22},{"not_picked":["Lockon+1","Rebound","Hello World"],"picked":"SKIP","floor":24},{"not_picked":["Ball Lightning+1","Conserve Battery"],"picked":"Defragment","floor":25},{"not_picked":["Gash","Consume+1","Leap"],"picked":"SKIP","floor":29},{"not_picked":["Darkness+1","Sweeping Beam"],"picked":"Redo","floor":30},{"not_picked":["Genetic Algorithm+1","Force Field","Leap"],"picked":"SKIP","floor":35},{"not_picked":["Rebound","Stack+1"],"picked":"White Noise","floor":36}],"player_experience":169014,"potions_floor_usage":[8,16,19,19,20,21,30,30,33,33,33],"damage_taken":[{"damage":7,"enemies":"Small Slimes","floor":1,"turns":3},{"damage":1,"enemies":"Cultist","floor":2,"turns":3},{"damage":0,"enemies":"2 Louse","floor":5,"turns":2},{"damage":4,"enemies":"Exordium Wildlife","floor":7,"turns":3},{"damage":4,"enemies":"Exordium Thugs","floor":8,"turns":4},{"damage":21,"enemies":"3 Louse","floor":10,"turns":3},{"damage":8,"enemies":"Large Slime","floor":12,"turns":5},{"damage":9,"enemies":"Exordium Thugs","floor":13,"turns":7},{"damage":8,"enemies":"3 Louse","floor":14,"turns":4},{"damage":25,"enemies":"Slime Boss","floor":16,"turns":18},{"damage":32,"enemies":"Spheric Guardian","floor":18,"turns":5},{"damage":35,"enemies":"2 Thieves","floor":19,"turns":4},{"damage":0,"enemies":"Snake Plant","floor":20,"turns":1},{"damage":4,"enemies":"3 Cultists","floor":21,"turns":3},{"damage":11,"enemies":"Snecko","floor":22,"turns":8},{"damage":22,"enemies":"Sentry and Sphere","floor":24,"turns":4},{"damage":29,"enemies":"Snake Plant","floor":25,"turns":5},{"damage":21,"enemies":"Chosen and Byrds","floor":29,"turns":9},{"damage":7,"enemies":"Snecko","floor":30,"turns":9},{"damage":99,"enemies":"Champ","floor":33,"turns":14},{"damage":7,"enemies":"3 Shapes","floor":35,"turns":3},{"damage":64,"enemies":"3 Darklings","floor":36,"turns":4},{"damage":26,"enemies":"Maw","floor":37,"turns":4}],"relics_obtained":[{"floor":4,"key":"Gremlin Horn"},{"floor":9,"key":"Dream Catcher"},{"floor":26,"key":"Bottled Tornado"}],"event_choices":[{"event_name":"Bonfire Elementals","player_choice":"UNCOMMON","floor":3,"damage_taken":0},{"event_name":"The Woman in Blue","player_choice":"Bought 2 Potions","floor":6,"damage_taken":0},{"event_name":"Golden Shrine","player_choice":"Pray","floor":28,"damage_taken":0},{"event_name":"The Lab","player_choice":"Got Potions","floor":31,"damage_taken":0}],"boss_relics":[{"not_picked":["White Beast Statue","Orrery"],"picked":"Lizard Tail"},{"not_picked":["Eternal Feather","Runic Pyramid"],"picked":"Pandora\u0027s Box"}],"items_purged_floors":[11,27],"potions_floor_spawned":[1,7,8,10,16,18,19,25,29],"seed_played":"-368496380259532289","killed_by":"Maw","ascension_level":0,"potions_obtained":[{"floor":1,"key":"Fire Potion"},{"floor":6,"key":"AttackPotion"},{"floor":6,"key":"SmokeBomb"},{"floor":8,"key":"Swift Potion"},{"floor":10,"key":"Poison Potion"},{"floor":16,"key":"Explosive Potion"},{"floor":18,"key":"Regen Potion"},{"floor":19,"key":"EssenceOfSteel"},{"floor":25,"key":"Ancient Potion"},{"floor":29,"key":"EssenceOfSteel"},{"floor":31,"key":"FocusPotion"},{"floor":31,"key":"EssenceOfSteel"},{"floor":31,"key":"AttackPotion"}],"is_trial":false}