{"gold_per_floor":[119,25,42,61,61,95,95,95,150,150,163,163,186,202,202,333,333,348,368,37,37,78,78,118,137,161,176,189,189,222,252,264,404,416,441,786,816,839,870,882,894,926,963,975,987,401,623,637,637,637],"floor_reached":50,"playtime":2598,"items_purged":["Strike_R"],"score":782,"play_id":"b8cd193b-dd5f-4966-8e71-f8cb54f2fda6","local_time":"20190201001527","is_ascension_mode":true,"campfire_choices":[{"data":"Pommel Strike","floor":8,"key":"SMITH"},{"data":"Clash","floor":10,"key":"SMITH"},{"data":"Inflame","floor":12,"key":"SMITH"},{"data":"Disarm","floor":15,"key":"SMITH"},{"data":"Iron Wave","floor":23,"key":"SMITH"},{"floor":29,"key":"REST"},{"data":"Metallicize","floor":32,"key":"SMITH"},{"floor":40,"key":"REST"},{"data":"True Grit","floor":49,"key":"SMITH"}],"neow_cost":"NONE","seed_source_timestamp":21352725209765,"circlet_count":0,"master_deck":["AscendersBane","Strike_R","Strike_R","Defend_R","Defend_R","Defend_R","Defend_R","Bash","Twin Strike","Clash+1","Iron Wave+1","Pommel Strike+1","Disarm+1","Inflame+1","Inflame","Sword Boomerang","Feed","Bandage Up","Metallicize+1","Whirlwind+1","Exhume","Shockwave+1","Iron Wave","Spot Weakness","Madness","Madness","Pommel Strike","Demon Form","True Grit+1"],"relics":["Burning Blood","Art of War","Blood Vial","Busted Crown","Strange Spoon","Enchiridion","Red Mask","Turnip","Centennial Puzzle","MawBank","Orrery","Bronze Scales","Potion Belt"],"potions_floor_usage":[11,16,16,22,22,31,33,38,38,39,44,48,50,50],"damage_taken":[{"damage":1,"enemies":"Cultist","floor":1,"turns":4},{"damage":2,"enemies":"Jaw Worm","floor":3,"turns":3},{"damage":0,"enemies":"2 Louse","floor":4,"turns":3},{"damage":15,"enemies":"3 Sentries","floor":6,"turns":7},{"damage":8,"enemies":"Exordium Thugs","floor":11,"turns":4},{"damage":1,"enemies":"Looter","floor":13,"turns":2},{"damage":5,"enemies":"2 Fungi Beasts","floor":14,"turns":3},{"damage":27,"enemies":"The Guardian","floor":16,"turns":6},{"damage":8,"enemies":"3 Byrds","floor":18,"turns":4},{"damage":2,"enemies":"Chosen","floor":19,"turns":3},{"damage":4,"enemies":"Masked Bandits","floor":22,"turns":3},{"damage":56,"enemies":"Slavers","floor":24,"turns":7},{"damage":28,"enemies":"Centurion and Healer","floor":25,"turns":6},{"damage":4,"enemies":"Cultist and Chosen","floor":27,"turns":4},{"damage":4,"enemies":"Snake Plant","floor":28,"turns":5},{"damage":10,"enemies":"Gremlin Leader","floor":30,"turns":5},{"damage":0,"enemies":"Sentry and Sphere","floor":31,"turns":2},{"damage":64,"enemies":"Champ","floor":33,"turns":11},{"damage":8,"enemies":"3 Shapes","floor":35,"turns":8},{"damage":5,"enemies":"Orb Walker","floor":37,"turns":3},{"damage":44,"enemies":"Writhing Mass","floor":38,"turns":6},{"damage":38,"enemies":"Spire Growth","floor":39,"turns":6},{"damage":45,"enemies":"4 Shapes","floor":42,"turns":6},{"damage":1,"enemies":"Transient","floor":44,"turns":2},{"damage":22,"enemies":"Maw","floor":48,"turns":7},{"damage":43,"enemies":"Awakened One","floor":50,"turns":3}],"seed_played":"-7552488419093875880","potions_obtained":[{"floor":6,"key":"Weak Potion"},{"floor":11,"key":"FearPotion"},{"floor":13,"key":"FearPotion"},{"floor":14,"key":"Strength Potion"},{"floor":16,"key":"SkillPotion"},{"floor":25,"key":"Energy Potion"},{"floor":28,"key":"Ancient Potion"},{"floor":30,"key":"Weak Potion"},{"floor":33,"key":"SteroidPotion"},{"floor":38,"key":"Weak Potion"},{"floor":42,"key":"SmokeBomb"}],"is_trial":false,"path_per_floor":["M","$","M","M","?","E","?","R","T","R","M","R","M","M","R","B",null,"M","M","$","?","?","R","E","M","T","M","M","R","E","M","R","B",null,"M","?","M","M","M","R","?","M","T","M","?","$","?","M","R","B"],"character_chosen":"IRONCLAD","items_purchased":["Clash","Iron Wave","Strange Spoon","Bandage Up","Metallicize","Potion Belt","Energy Potion","Weak Potion","Swift Potion","Pommel Strike","Demon Form","True Grit"],"campfire_rested":2,"item_purchase_floors":[2,2,20,20,20,46,46,46,46,46,46,46],"current_hp_per_floor":[77,77,80,80,60,51,51,51,51,51,51,51,58,61,61,42,71,74,80,80,64,72,72,31,15,15,26,37,64,69,81,81,32,82,97,97,101,67,45,75,75,45,45,52,39,39,39,37,37,0],"gold":637,"neow_bonus":"REMOVE_CARD","is_prod":false,"is_daily":false,"chose_seed":false,"campfire_upgraded":7,"win_rate":0,"timestamp":1548998127,"path_taken":["M","$","M","?","?","E","?","R","T","R","M","R","M","M","R","BOSS","M","M","$","?","?","R","E","M","T","M","M","R","E","M","R","BOSS","M","?","M","M","M","R","?","M","T","M","?","$","?","?","R","BOSS"],"build_version":"2019-01-23","purchased_purges":1,"victory":false,"max_hp_per_floor":[80,80,80,80,80,80,80,80,80,80,80,80,80,80,80,80,80,83,83,83,83,83,83,86,86,86,89,92,92,95,95,95,98,98,101,101,101,101,101,101,101,104,104,104,104,104,104,104,104,104],"card_choices":[{"not_picked":["Sword Boomerang","Power Through"],"picked":"Twin Strike","floor":1},{"not_picked":["Clash","Blood for Blood"],"picked":"Pommel Strike","floor":3},{"not_picked":["Twin Strike","Reaper"],"picked":"Cleave","floor":4},{"not_picked":["True Grit","Thunderclap"],"picked":"Disarm","floor":6},{"not_picked":["Wild Strike","Shrug It Off"],"picked":"Inflame","floor":11},{"not_picked":["Warcry","Heavy Blade"],"picked":"Inflame","floor":13},{"not_picked":["Sentinel","Headbutt"],"picked":"Sword Boomerang","floor":14},{"not_picked":["Bludgeon","Double Tap"],"picked":"Feed","floor":16},{"not_picked":["Body Slam"],"picked":"SKIP","floor":18},{"not_picked":["Searing Blow+1"],"picked":"SKIP","floor":19},{"not_picked":[],"picked":"Whirlwind+1","floor":24},{"not_picked":["Armaments"],"picked":"SKIP","floor":25},{"not_picked":["Carnage"],"picked":"SKIP","floor":27},{"not_picked":["Whirlwind+1"],"picked":"SKIP","floor":28},{"not_picked":["Pommel Strike"],"picked":"SKIP","floor":30},{"not_picked":["Wild Strike"],"picked":"SKIP","floor":31},{"not_picked":[],"picked":"Exhume","floor":33},{"not_picked":[],"picked":"Shockwave+1","floor":34},{"not_picked":[],"picked":"Iron Wave","floor":34},{"not_picked":["Twin Strike"],"picked":"SKIP","floor":35},{"not_picked":["True Grit+1"],"picked":"SKIP","floor":37},{"not_picked":["Sword Boomerang"],"picked":"SKIP","floor":38},{"not_picked":["Evolve+1"],"picked":"SKIP","floor":39},{"not_picked":[],"picked":"Spot Weakness","floor":42},{"not_picked":["Burning Pact"],"picked":"SKIP","floor":48}],"player_experience":313251,"relics_obtained":[{"floor":6,"key":"Art of War"},{"floor":9,"key":"Blood Vial"},{"floor":21,"key":"Enchiridion"},{"floor":22,"key":"Red Mask"},{"floor":24,"key":"Turnip"},{"floor":26,"key":"Centennial Puzzle"},{"floor":30,"key":"MawBank"},{"floor":43,"key":"Bronze Scales"}],"event_choices":[{"damage_healed":0,"gold_gain":0,"player_choice":"Take Damage","damage_taken":20,"relics_obtained":["Golden Idol"],"max_hp_gain":0,"max_hp_loss":0,"event_name":"Golden Idol","floor":5,"gold_loss":0},{"cards_removed":["Strike_R"],"damage_healed":0,"gold_gain":0,"player_choice":"Purged","damage_taken":0,"max_hp_gain":0,"max_hp_loss":0,"event_name":"Purifier","floor":7,"gold_loss":0},{"damage_healed":0,"gold_gain":0,"player_choice":"Obtained Book","damage_taken":16,"max_hp_gain":0,"max_hp_loss":0,"event_name":"Cursed Tome","floor":21,"gold_loss":0},{"damage_healed":0,"gold_gain":0,"player_choice":"Fought Bandits","damage_taken":0,"max_hp_gain":0,"max_hp_loss":0,"event_name":"Masked Bandits","floor":22,"gold_loss":0},{"damage_healed":0,"gold_gain":333,"player_choice":"Gave Idol","damage_taken":0,"max_hp_gain":0,"max_hp_loss":0,"event_name":"The Moai Head","floor":36,"relics_lost":["Golden Idol"],"gold_loss":0},{"cards_removed":["Cleave"],"damage_healed":0,"gold_gain":0,"player_choice":"Removed Attack","damage_taken":0,"max_hp_gain":0,"max_hp_loss":0,"event_name":"Falling","floor":41,"gold_loss":0},{"damage_healed":0,"gold_gain":0,"player_choice":"Embrace Madness","damage_taken":13,"max_hp_gain":0,"max_hp_loss":0,"event_name":"Winding Halls","floor":45,"gold_loss":0,"cards_obtained":["Madness","Madness"]},{"damage_healed":0,"gold_gain":222,"player_choice":"Wore Mask","damage_taken":0,"max_hp_gain":0,"max_hp_loss":0,"event_name":"Tomb of Lord Red Mask","floor":47,"gold_loss":0}],"is_beta":true,"boss_relics":[{"not_picked":["Runic Cube","Black Blood"],"picked":"Busted Crown"},{"not_picked":["Pandora\u0027s Box","Fusion Hammer"],"picked":"Orrery"}],"items_purged_floors":[46],"is_endless":false,"potions_floor_spawned":[6,11,13,14,16,25,28,30,33,38,42,44],"killed_by":"Awakened One","ascension_level":10}