{"gold_per_floor":[115,115,265,281,281,281,177,191,191,222,234,262,274,297,309,395,407,430,17,31,31],"floor_reached":21,"playtime":792,"items_purged":["Pain"],"score":358,"play_id":"b13465ba-ddc6-453f-b1f1-cd7425a71e2f","local_time":"20180920215323","is_ascension_mode":true,"campfire_choices":[{"data":"Dualcast","floor":6,"key":"SMITH"},{"data":"Hologram","floor":11,"key":"SMITH"},{"data":"Conserve Battery","floor":15,"key":"SMITH"}],"neow_cost":"PERCENT_DAMAGE","seed_source_timestamp":651425377296182,"circlet_count":0,"master_deck":["Strike_B","Strike_B","Defend_B","Defend_B","Defend_B","Defend_B","Zap","Dualcast+1","AscendersBane","Sweeping Beam","Doubt","Go for the Eyes","Sweeping Beam","Ball Lightning","Hologram+1","Steam","Streamline","Conserve Battery+1","Buffer","Echo Form","Rebound","Go for the Eyes","Stack","Compile Driver+1","Consume","Self Repair","Ball Lightning"],"relics":["Cracked Core","WarpedTongs","Sundial","MawBank","Orrery","Runic Capacitor"],"potions_floor_usage":[14,16],"damage_taken":[{"damage":0,"enemies":"2 Louse","floor":1,"turns":2},{"damage":0,"enemies":"Cultist","floor":4,"turns":3},{"damage":4,"enemies":"Jaw Worm","floor":8,"turns":3},{"damage":27,"enemies":"3 Sentries","floor":10,"turns":6},{"damage":0,"enemies":"Large Slime","floor":12,"turns":3},{"damage":1,"enemies":"Exordium Wildlife","floor":14,"turns":5},{"damage":8,"enemies":"The Guardian","floor":16,"turns":8},{"damage":22,"enemies":"3 Byrds","floor":18,"turns":4},{"damage":15,"enemies":"Shell Parasite","floor":20,"turns":7},{"damage":59,"enemies":"3 Cultists","floor":21,"turns":5}],"seed_played":"4470482843596431543","potions_obtained":[{"floor":1,"key":"Block Potion"},{"floor":10,"key":"Poison Potion"}],"is_trial":false,"path_per_floor":["M","?","?","M","?","R","$","M","T","E","R","M","?","M","R","B",null,"M","$","M"],"character_chosen":"DEFECT","items_purchased":["Sweeping Beam","Runic Capacitor","Consume","Self Repair","Ball Lightning"],"campfire_rested":0,"item_purchase_floors":[7,19,19,19,19],"current_hp_per_floor":[57,57,57,57,57,57,57,53,53,26,26,26,26,25,25,17,68,46,46,51,0],"gold":31,"neow_bonus":"TWENTY_PERCENT_HP_BONUS","is_prod":false,"is_daily":false,"chose_seed":false,"campfire_upgraded":3,"win_rate":0,"timestamp":1537494803,"path_taken":["M","?","?","M","?","R","$","M","T","E","R","?","?","M","R","BOSS","M","$","M","M"],"build_version":"2018-09-20","purchased_purges":1,"victory":false,"max_hp_per_floor":[85,85,85,85,85,85,85,85,85,85,85,85,85,85,85,85,85,85,85,85,85],"card_choices":[{"not_picked":["Blizzard","Barrage"],"picked":"Sweeping Beam","floor":1},{"not_picked":["Gash","Static Discharge"],"picked":"Go for the Eyes","floor":4},{"not_picked":["Stack","Hyperbeam"],"picked":"Ball Lightning","floor":8},{"not_picked":["Rebound","Doom and Gloom"],"picked":"Hologram","floor":10},{"not_picked":["Hologram","Chill"],"picked":"Steam","floor":12},{"not_picked":["Melter","Coolheaded"],"picked":"Conserve Battery","floor":14},{"not_picked":["All For One","Multi-Cast"],"picked":"Buffer","floor":16},{"not_picked":["Scrape","Barrage"],"picked":"Echo Form","floor":17},{"not_picked":["Compile Driver","Loop"],"picked":"Rebound","floor":17},{"not_picked":["Hologram","Fusion"],"picked":"Go for the Eyes","floor":17},{"not_picked":["Sunder","Go for the Eyes"],"picked":"Stack","floor":17},{"not_picked":["Turbo","Streamline"],"picked":"Compile Driver+1","floor":18},{"not_picked":["Hello World","Scrape","Tempest"],"picked":"SKIP","floor":20}],"player_experience":860440,"relics_obtained":[{"floor":9,"key":"Sundial"},{"floor":10,"key":"MawBank"}],"event_choices":[{"event_name":"Purifier","player_choice":"One Purge","floor":2,"damage_taken":0},{"event_name":"Liars Game","player_choice":"agreed","floor":3,"damage_taken":0},{"event_name":"Accursed Blacksmith","player_choice":"Rummage","floor":5,"damage_taken":0},{"event_name":"Transmorgrifier","player_choice":"Transform","floor":13,"damage_taken":0}],"is_beta":false,"boss_relics":[{"not_picked":["Snecko Eye","Lizard Tail"],"picked":"Orrery"}],"items_purged_floors":[7],"is_endless":false,"potions_floor_spawned":[1,10],"killed_by":"3 Cultists","ascension_level":20}