{"gold_per_floor":[110,260,273,198,198,198,208,208,208,208,237,257,272,62,62,62],"floor_reached":16,"playtime":381,"items_purged":[],"score":200,"play_id":"7d737185-caeb-4fc7-a044-1e080ba7f5ca","local_time":"20190218131141","is_ascension_mode":true,"campfire_choices":[{"data":"Perfected Strike","floor":6,"key":"SMITH"},{"data":"Bash","floor":10,"key":"SMITH"},{"data":"Disarm","floor":15,"key":"SMITH"}],"neow_cost":"NONE","seed_source_timestamp":416016500459548,"circlet_count":0,"master_deck":["AscendersBane","Strike_R","Strike_R","Strike_R","Strike_R","Strike_R","Defend_R","Defend_R","Defend_R","Defend_R","Bash+1","Barricade","Perfected Strike+1","Power Through","Evolve","Disarm+1","Feel No Pain","Body Slam"],"relics":["Burning Blood","Nunchaku","Magic Flower","Incense Burner","Membership Card"],"potions_floor_usage":[7,16],"damage_taken":[{"damage":7,"enemies":"Cultist","floor":1,"turns":4},{"damage":18,"enemies":"Small Slimes","floor":3,"turns":4},{"damage":4,"enemies":"Jaw Worm","floor":7,"turns":3},{"damage":40,"enemies":"3 Sentries","floor":11,"turns":11},{"damage":13,"enemies":"Blue Slaver","floor":12,"turns":4},{"damage":9,"enemies":"Looter","floor":13,"turns":3},{"damage":16,"enemies":"The Guardian","floor":16,"turns":2}],"seed_played":"-2386585651390927497","potions_obtained":[{"floor":1,"key":"Energy Potion"},{"floor":12,"key":"Weak Potion"}],"is_trial":false,"path_per_floor":["M","?","M","?","?","R","M","?","T","R","E","M","M","$","R","B"],"character_chosen":"IRONCLAD","items_purchased":["Membership Card"],"campfire_rested":0,"item_purchase_floors":[14],"current_hp_per_floor":[67,67,55,55,55,55,57,50,50,50,19,15,15,15,15,0],"gold":62,"neow_bonus":"ONE_RANDOM_RARE_CARD","is_prod":false,"is_daily":false,"chose_seed":false,"campfire_upgraded":3,"win_rate":0,"timestamp":1550513501,"path_taken":["M","?","M","?","?","R","M","?","T","R","E","M","?","$","R","BOSS"],"build_version":"2019-02-06","purchased_purges":0,"victory":false,"max_hp_per_floor":[75,75,75,75,75,75,75,75,75,75,75,75,75,75,75,75],"card_choices":[{"not_picked":["Sentinel","Thunderclap"],"picked":"Perfected Strike","floor":1},{"not_picked":["Wild Strike","Sentinel"],"picked":"Power Through","floor":3},{"not_picked":["Twin Strike","Body Slam"],"picked":"Evolve","floor":7},{"not_picked":["Entrench","Rampage"],"picked":"Disarm","floor":11},{"not_picked":["Rampage","Havoc"],"picked":"Feel No Pain","floor":12},{"not_picked":["Anger","Iron Wave"],"picked":"Body Slam","floor":13}],"player_experience":940195,"relics_obtained":[{"floor":9,"key":"Magic Flower"},{"floor":11,"key":"Incense Burner"}],"event_choices":[{"damage_healed":0,"gold_gain":150,"player_choice":"AGREE","damage_taken":0,"max_hp_gain":0,"max_hp_loss":0,"event_name":"Liars Game","floor":2,"gold_loss":0,"cards_obtained":["Doubt"]},{"cards_removed":["Doubt"],"damage_healed":0,"gold_gain":0,"player_choice":"Card Removal","damage_taken":0,"max_hp_gain":0,"max_hp_loss":0,"event_name":"The Cleric","floor":4,"gold_loss":75},{"damage_healed":0,"gold_gain":0,"player_choice":"Box","damage_taken":0,"relics_obtained":["Nunchaku"],"max_hp_gain":0,"max_hp_loss":0,"event_name":"Big Fish","floor":5,"gold_loss":0,"cards_obtained":["Regret"]},{"cards_removed":["Regret"],"damage_healed":0,"gold_gain":0,"player_choice":"Card Removal","damage_taken":7,"max_hp_gain":0,"max_hp_loss":0,"event_name":"Golden Wing","floor":8,"gold_loss":0}],"is_beta":true,"boss_relics":[],"items_purged_floors":[],"is_endless":false,"potions_floor_spawned":[1,12],"killed_by":"The Guardian","ascension_level":20}