{"gold_per_floor":[114,289,15,15,32,58,32,51,51,69,69,69,30,70,70,199,199,213,36,36,36,36,36,36,36,36,52,4,4,29,29],"floor_reached":31,"playtime":1088,"items_purged":["Doubt"],"score":386,"play_id":"466e6801-46f3-414a-a667-c4df18a8965a","local_time":"20190202013517","is_ascension_mode":true,"campfire_choices":[{"data":"Zap","floor":12,"key":"SMITH"},{"data":"Streamline","floor":15,"key":"SMITH"},{"floor":23,"key":"REST"},{"floor":25,"key":"REST"}],"neow_cost":"NONE","seed_source_timestamp":114052040439949,"circlet_count":0,"master_deck":["Strike_B","Strike_B","Strike_B","Strike_B","Defend_B","Defend_B","Defend_B","Defend_B","Zap+1","Dualcast","Sweeping Beam","Loop","Go for the Eyes","Mind Blast+1","Heatsinks","Compile Driver","Stack","All For One","Streamline+1","Compile Driver","Echo Form+1","Stack","Flash of Steel","Heatsinks+1","Steam Power+1","Streamline+1","Coolheaded","Coolheaded"],"relics":["Cracked Core","NeowsBlessing","Mango","Frozen Egg 2","Golden Idol","PreservedInsect","Inserter","Kunai","Omamori","WarpedTongs"],"potions_floor_usage":[14,14,16,18,31],"damage_taken":[{"damage":0,"enemies":"Small Slimes","floor":1,"turns":1},{"damage":0,"enemies":"2 Louse","floor":5,"turns":1},{"damage":0,"enemies":"Lagavulin","floor":6,"turns":1},{"damage":12,"enemies":"Jaw Worm","floor":8,"turns":2},{"damage":13,"enemies":"Exordium Thugs","floor":10,"turns":4},{"damage":1,"enemies":"3 Sentries","floor":14,"turns":4},{"damage":32,"enemies":"The Guardian","floor":16,"turns":9},{"damage":41,"enemies":"Shell Parasite","floor":18,"turns":6},{"damage":27,"enemies":"2 Thieves","floor":20,"turns":4},{"damage":27,"enemies":"Snake Plant","floor":27,"turns":5},{"damage":19,"enemies":"Chosen and Byrds","floor":30,"turns":6},{"damage":11,"enemies":"Sentry and Sphere","floor":31,"turns":4}],"seed_played":"-161709986601317189","potions_obtained":[{"floor":5,"key":"Strength Potion"},{"floor":8,"key":"SkillPotion"},{"floor":10,"key":"AttackPotion"},{"floor":16,"key":"Fruit Juice"},{"floor":27,"key":"Energy Potion"}],"is_trial":false,"path_per_floor":["M","?","$","?","M","E","$","M","T","M","?","R","?","E","R","B",null,"M","$","M","?","?","R","?","R","T","M","$","?","M","M"],"character_chosen":"DEFECT","items_purchased":["Loop","Go for the Eyes","Mind Blast","Stack","Stack","Flash of Steel","Heatsinks+1","Coolheaded"],"campfire_rested":2,"item_purchase_floors":[3,3,3,7,19,19,19,28],"current_hp_per_floor":[68,68,68,68,68,82,82,70,70,57,57,57,57,56,56,24,68,32,32,5,5,5,31,31,57,57,30,30,30,11,0],"gold":29,"neow_bonus":"THREE_ENEMY_KILL","is_prod":false,"is_daily":false,"chose_seed":false,"campfire_upgraded":2,"win_rate":0,"timestamp":1549089317,"path_taken":["M","?","$","?","M","E","?","?","T","M","?","R","?","E","R","BOSS","M","$","M","?","?","R","?","R","T","M","$","?","?","M"],"build_version":"2019-01-23","purchased_purges":1,"victory":false,"max_hp_per_floor":[75,75,75,75,75,89,89,89,89,89,82,82,82,82,82,82,82,87,87,87,87,87,87,87,87,87,87,87,87,87,87],"card_choices":[{"not_picked":["Stack","Blizzard"],"picked":"Sweeping Beam","floor":1},{"not_picked":["Ball Lightning","Coolheaded"],"picked":"Heatsinks","floor":5},{"not_picked":["Rebound","Rip and Tear"],"picked":"Compile Driver","floor":6},{"not_picked":["Sunder","Lockon"],"picked":"All For One","floor":8},{"not_picked":["Compile Driver","Ball Lightning"],"picked":"Streamline","floor":10},{"not_picked":["Rebound","Sweeping Beam"],"picked":"Compile Driver","floor":14},{"not_picked":["Core Surge","Electrodynamics+1"],"picked":"Echo Form+1","floor":16},{"not_picked":["Redo","Blizzard","Rebound"],"picked":"SKIP","floor":18},{"not_picked":["Double Energy","Conserve Battery"],"picked":"Steam Power+1","floor":20},{"not_picked":["Go for the Eyes","Barrage+1"],"picked":"Streamline+1","floor":27},{"not_picked":["Steam","Fusion"],"picked":"Coolheaded","floor":30}],"player_experience":326368,"relics_obtained":[{"floor":6,"key":"Mango"},{"floor":9,"key":"Frozen Egg 2"},{"floor":14,"key":"PreservedInsect"},{"floor":26,"key":"Omamori"}],"event_choices":[{"damage_healed":0,"gold_gain":175,"player_choice":"AGREE","damage_taken":0,"max_hp_gain":0,"max_hp_loss":0,"event_name":"Liars Game","floor":2,"gold_loss":0,"cards_obtained":["Doubt"]},{"damage_healed":0,"gold_gain":0,"player_choice":"Grow","damage_taken":0,"max_hp_gain":0,"max_hp_loss":0,"event_name":"Living Wall","floor":4,"gold_loss":0,"cards_upgraded":["Mind Blast"]},{"damage_healed":0,"gold_gain":0,"player_choice":"Lose Max HP","damage_taken":0,"relics_obtained":["Golden Idol"],"max_hp_gain":0,"max_hp_loss":7,"event_name":"Golden Idol","floor":11,"gold_loss":0},{"damage_healed":0,"gold_gain":0,"player_choice":"Left Gold","damage_taken":0,"max_hp_gain":0,"max_hp_loss":0,"event_name":"World of Goop","floor":13,"gold_loss":39},{"damage_healed":0,"gold_gain":0,"player_choice":"Ignored","damage_taken":0,"max_hp_gain":0,"max_hp_loss":0,"event_name":"Beggar","floor":21,"gold_loss":0},{"damage_healed":0,"gold_gain":0,"player_choice":"Ignored","damage_taken":0,"max_hp_gain":0,"max_hp_loss":0,"event_name":"Cursed Tome","floor":22,"gold_loss":0},{"damage_healed":0,"gold_gain":0,"player_choice":"Opened","damage_taken":0,"relics_obtained":["Kunai"],"max_hp_gain":0,"max_hp_loss":0,"event_name":"The Mausoleum","floor":24,"gold_loss":0},{"damage_healed":0,"gold_gain":0,"player_choice":"Rummage","damage_taken":0,"relics_obtained":["WarpedTongs"],"max_hp_gain":0,"max_hp_loss":0,"event_name":"Accursed Blacksmith","floor":29,"gold_loss":0,"cards_obtained":["Pain"]}],"is_beta":true,"boss_relics":[{"not_picked":["Astrolabe","Runic Dome"],"picked":"Inserter"}],"items_purged_floors":[3],"is_endless":false,"potions_floor_spawned":[5,8,10,16,27],"killed_by":"Sentry and Sphere","ascension_level":9}