{"gold_per_floor":[114,129,142,153,163,163,193,193,193,193,143,26,38,38,38,134,134,153,153,166,166,166,197,197,207,231,231,28,28,60,78,78,178,178,189,199,1,11,27,54,54,54,54,82,96,121,198,233,233,233,233,233,38,38],"floor_reached":54,"playtime":2647,"items_purged":[],"score":1316,"play_id":"0b13ecd6-9614-477b-ab5c-a64a090f6355","local_time":"20190129190951","is_ascension_mode":true,"campfire_choices":[{"data":"Genetic Algorithm","floor":6,"key":"SMITH"},{"floor":8,"key":"REST"},{"data":"Zap","floor":10,"key":"SMITH"},{"data":"Loop","floor":15,"key":"SMITH"},{"data":"Self Repair","floor":24,"key":"SMITH"},{"data":"Electrodynamics","floor":29,"key":"SMITH"},{"data":"Storm","floor":32,"key":"SMITH"},{"data":"Fission","floor":42,"key":"SMITH"},{"floor":49,"key":"RECALL"},{"data":"Capacitor","floor":52,"key":"SMITH"}],"neow_cost":"TEN_PERCENT_HP_LOSS","seed_source_timestamp":7492691990443,"circlet_count":0,"master_deck":["Defend_B+1","Defend_B+1","Defend_B+1","Defend_B+1","Zap+1","Dualcast+1","Skim","Loop+1","BootSequence+1","Auto Shields","Genetic Algorithm+1","Streamline","Capacitor+1","White Noise+1","Self Repair+1","Electrodynamics+1","Melter+1","Chaos+1","Barrage+1","Lockon","Writhe","Chill","Sunder+1","Pain","Fission+1","Storm+1","Core Surge","Pain","Parasite","Shame","Loop","Hologram+1","Double Energy+1","Self Repair","Chill","Hologram+1","Cold Snap","Cold Snap"],"relics":["Cracked Core","Calipers","War Paint","Du-Vu Doll","Astrolabe","Matryoshka","PreservedInsect","Symbiotic Virus","Blue Candle","Ancient Tea Set","Blood Vial","WarpedTongs","Runic Capacitor","Singing Bowl","Calling Bell","Meat on the Bone","Anchor","Ginger","Strange Spoon","Ornamental Fan","Gremlin Horn","Bronze Scales","The Courier","Frozen Egg 2","DataDisk"],"potions_floor_usage":[7,7,16,20,33,36,44,50,54],"damage_taken":[{"damage":1,"enemies":"Cultist","floor":1,"turns":3},{"damage":0,"enemies":"Small Slimes","floor":2,"turns":3},{"damage":4,"enemies":"Jaw Worm","floor":3,"turns":5},{"damage":11,"enemies":"Blue Slaver","floor":4,"turns":5},{"damage":0,"enemies":"2 Fungi Beasts","floor":5,"turns":3},{"damage":40,"enemies":"Gremlin Nob","floor":7,"turns":5},{"damage":5,"enemies":"Exordium Thugs","floor":13,"turns":5},{"damage":17,"enemies":"Hexaghost","floor":16,"turns":9},{"damage":15,"enemies":"3 Byrds","floor":18,"turns":3},{"damage":6,"enemies":"2 Thieves","floor":20,"turns":3},{"damage":13,"enemies":"Book of Stabbing","floor":23,"turns":5},{"damage":8,"enemies":"3 Cultists","floor":25,"turns":6},{"damage":2,"enemies":"Slavers","floor":30,"turns":4},{"damage":2,"enemies":"Snecko","floor":31,"turns":4},{"damage":4,"enemies":"Automaton","floor":33,"turns":7},{"damage":16,"enemies":"3 Shapes","floor":35,"turns":3},{"damage":37,"enemies":"3 Darklings","floor":36,"turns":4},{"damage":8,"enemies":"Maw","floor":38,"turns":6},{"damage":1,"enemies":"Jaw Worm Horde","floor":39,"turns":3},{"damage":41,"enemies":"Giant Head","floor":40,"turns":6},{"damage":20,"enemies":"Reptomancer","floor":44,"turns":4},{"damage":22,"enemies":"3 Darklings","floor":45,"turns":3},{"damage":1,"enemies":"Nemesis","floor":46,"turns":3},{"damage":6,"enemies":"Giant Head","floor":48,"turns":6},{"damage":6,"enemies":"Awakened One","floor":50,"turns":7},{"damage":82,"enemies":"Shield and Spear","floor":54,"turns":5}],"seed_played":"2889117363407091219","potions_obtained":[{"floor":2,"key":"SkillPotion"},{"floor":3,"key":"Explosive Potion"},{"floor":13,"key":"EssenceOfSteel"},{"floor":16,"key":"Swift Potion"},{"floor":20,"key":"Dexterity Potion"},{"floor":25,"key":"Explosive Potion"},{"floor":30,"key":"FearPotion"},{"floor":33,"key":"Block Potion"},{"floor":35,"key":"FocusPotion"},{"floor":38,"key":"Swift Potion"},{"floor":46,"key":"FearPotion"}],"is_trial":false,"path_per_floor":["M","M","M","M","M","R","E","R","T","R","?","$","M","?","R","B",null,"M","?","M","?","T","E","R","M","T","?","$","R","E","M","R","B",null,"M","M","$","M","M","E","?","R","T","E","M","E","T","E","R","B",null,"R","$","E"],"character_chosen":"DEFECT","items_purchased":["Capacitor","White Noise","Runic Capacitor","Strange Spoon","DataDisk","Cold Snap","Cold Snap"],"campfire_rested":1,"item_purchase_floors":[12,12,28,37,53,53,53],"current_hp_per_floor":[67,67,63,52,52,52,12,32,32,32,32,32,27,27,27,17,55,40,40,41,41,41,28,28,30,30,30,30,30,40,50,50,58,66,54,43,43,47,58,41,82,82,82,62,52,63,63,79,79,82,82,82,82,0],"gold":38,"neow_bonus":"ONE_RARE_RELIC","is_prod":false,"is_daily":false,"chose_seed":false,"campfire_upgraded":8,"win_rate":0,"timestamp":1548806991,"path_taken":["M","M","M","?","M","R","E","R","T","R","?","$","M","?","R","BOSS","M","?","M","?","?","E","R","M","T","?","$","R","E","?","R","BOSS","M","M","$","M","M","E","?","R","T","E","?","E","?","E","R","BOSS","R","$","E"],"build_version":"2019-01-23","purchased_purges":0,"victory":false,"max_hp_per_floor":[68,68,68,68,68,68,68,68,68,68,68,68,68,68,68,68,68,68,68,68,68,68,68,68,68,68,68,68,68,68,68,68,68,68,70,72,72,72,72,72,82,82,82,82,82,82,82,82,82,82,82,82,82,82],"card_choices":[{"not_picked":["Turbo","Rebound"],"picked":"Skim","floor":1},{"not_picked":["Cold Snap","Stack"],"picked":"Loop","floor":2},{"not_picked":["Melter","Scrape"],"picked":"BootSequence","floor":3},{"not_picked":["Rebound","Reprogram"],"picked":"Auto Shields","floor":4},{"not_picked":["Skim","Consume"],"picked":"Genetic Algorithm","floor":5},{"not_picked":["Steam Power","Compile Driver"],"picked":"Streamline","floor":7},{"not_picked":["Rebound","Skim"],"picked":"Self Repair","floor":13},{"not_picked":["Core Surge","Fission"],"picked":"Electrodynamics","floor":16},{"not_picked":["Stack","Streamline","Aggregate"],"picked":"SKIP","floor":18},{"not_picked":["Redo","Rebound+1"],"picked":"Lockon","floor":20},{"not_picked":["Rebound+1","Coolheaded"],"picked":"Chill","floor":23},{"not_picked":["Coolheaded","Turbo+1"],"picked":"Sunder+1","floor":25},{"not_picked":["Rip and Tear+1","Leap+1"],"picked":"Fission","floor":30},{"not_picked":["Conserve Battery","Streamline+1"],"picked":"Storm","floor":31},{"not_picked":["Multi-Cast","All For One"],"picked":"Core Surge","floor":33},{"not_picked":["Blizzard","Steam+1","Streamline"],"picked":"Singing Bowl","floor":35},{"not_picked":["Melter+1","Rip and Tear","Gash"],"picked":"Singing Bowl","floor":36},{"not_picked":["Heatsinks","Tempest+1"],"picked":"Loop","floor":38},{"not_picked":["Force Field+1","Redo+1"],"picked":"All For One","floor":39},{"not_picked":["Chill+1","Sunder+1"],"picked":"Hologram+1","floor":40},{"not_picked":["Gash+1","Lockon"],"picked":"Double Energy+1","floor":44},{"not_picked":["Barrage","Recycle+1"],"picked":"Self Repair","floor":45},{"not_picked":["Ball Lightning+1","Beam Cell+1"],"picked":"Chill","floor":46},{"not_picked":["Recycle","Undo"],"picked":"Hologram+1","floor":48}],"player_experience":294263,"relics_obtained":[{"floor":7,"key":"War Paint"},{"floor":9,"key":"Du-Vu Doll"},{"floor":22,"key":"PreservedInsect"},{"floor":22,"key":"Symbiotic Virus"},{"floor":23,"key":"Blue Candle"},{"floor":26,"key":"Ancient Tea Set"},{"floor":26,"key":"Blood Vial"},{"floor":30,"key":"Singing Bowl"},{"floor":34,"key":"Meat on the Bone"},{"floor":34,"key":"Anchor"},{"floor":34,"key":"Ginger"},{"floor":40,"key":"Ornamental Fan"},{"floor":44,"key":"Gremlin Horn"},{"floor":46,"key":"Bronze Scales"},{"floor":47,"key":"The Courier"},{"floor":48,"key":"Frozen Egg 2"}],"event_choices":[{"cards_removed":["Strike_B"],"damage_healed":0,"gold_gain":0,"player_choice":"Card Removal","damage_taken":0,"max_hp_gain":0,"max_hp_loss":0,"event_name":"The Cleric","floor":11,"gold_loss":50},{"damage_healed":0,"gold_gain":0,"player_choice":"Grow","damage_taken":0,"max_hp_gain":0,"max_hp_loss":0,"event_name":"Living Wall","floor":14,"gold_loss":0,"cards_upgraded":["White Noise"]},{"damage_healed":0,"gold_gain":0,"player_choice":"Simplicity","damage_taken":0,"max_hp_gain":0,"max_hp_loss":0,"event_name":"Back to Basics","floor":19,"gold_loss":0,"cards_upgraded":["Defend_B","Defend_B","Defend_B","Defend_B"]},{"damage_healed":0,"gold_gain":0,"player_choice":"Opened","damage_taken":0,"relics_obtained":["Matryoshka"],"max_hp_gain":0,"max_hp_loss":0,"event_name":"The Mausoleum","floor":21,"gold_loss":0,"cards_obtained":["Writhe"]},{"damage_healed":0,"gold_gain":0,"player_choice":"Rummage","damage_taken":0,"relics_obtained":["WarpedTongs"],"max_hp_gain":0,"max_hp_loss":0,"event_name":"Accursed Blacksmith","floor":27,"gold_loss":0,"cards_obtained":["Pain"]},{"cards_removed":["All For One"],"damage_healed":31,"gold_gain":0,"player_choice":"Offered Rare","damage_taken":0,"max_hp_gain":10,"max_hp_loss":0,"event_name":"Bonfire Elementals","floor":41,"gold_loss":0}],"is_beta":true,"boss_relics":[{"not_picked":["Orrery","Lizard Tail"],"picked":"Astrolabe"},{"not_picked":["Nuclear Battery","Eternal Feather"],"picked":"Calling Bell"}],"items_purged_floors":[],"is_endless":false,"potions_floor_spawned":[2,3,13,16,20,25,30,33,35,38,46],"killed_by":"Shield and Spear","ascension_level":7}