{"path_per_floor":["M","?","$","?","$","R","M","?","T","R","?","E","R","M","R","B",null,"M","M","?","$","?","R","E","$","T","$","R","M","M","?","R"],"character_chosen":"THE_SILENT","items_purchased":["War Paint","Infinite Blades","Blood Vial","Regen Potion"],"gold_per_floor":[215,215,30,85,10,10,29,29,59,59,59,85,85,99,99,197,197,180,190,190,44,44,44,70,18,42,42,42,52,62,62,62,62],"floor_reached":33,"campfire_rested":3,"playtime":1252,"current_hp_per_floor":[65,54,54,54,54,54,54,54,54,54,59,40,64,64,64,5,82,82,82,82,82,82,82,32,32,32,32,71,58,49,49,82,0],"items_purged":["Strike_G"],"gold":62,"score":259,"play_id":"bf58e629-2594-467d-a801-ba8900cf24fa","local_time":"20180403000150","is_prod":false,"is_daily":false,"is_ascension_mode":false,"campfire_upgraded":4,"timestamp":1522738910,"path_taken":["M","?","$","?","$","R","M","?","T","R","?","E","R","M","R","BOSS","M","M","?","$","?","R","E","?","T","$","R","?","M","?","R","BOSS"],"build_version":"2018-03-29v2","purchased_purges":1,"victory":false,"master_deck":["Defend_G","Defend_G","Defend_G","Defend_G+1","Defend_G","Strike_G","Strike_G","Strike_G","Strike_G","Survivor+1","Neutralize+1","Dash+1","Infinite Blades+1","Cloak And Dagger+1","Cloak And Dagger+1","Flying Knee+1"],"max_hp_per_floor":[70,77,77,77,77,77,77,77,77,77,82,82,82,82,82,82,82,82,82,82,82,82,82,82,82,82,82,82,82,82,82,82,82],"relics":["Ring of the Snake","Strawberry","War Paint","Tiny Chest","Mummified Hand","White Beast Statue","Blood Vial","Regal Pillow","Pen Nib"],"card_choices":[{"not_picked":["Endless Agony","Blur"],"picked":"Dash","floor":1},{"not_picked":["Leg Sweep","Bane"],"picked":"Cloak And Dagger","floor":7},{"not_picked":["Bouncing Flask","Heel Hook"],"picked":"Cloak And Dagger","floor":14},{"not_picked":["Backflip","Sucker Punch"],"picked":"Flying Knee","floor":24}],"player_experience":115667,"potions_floor_usage":[16,16,24,24,33,33,33],"damage_taken":[{"damage":5,"enemies":"Jaw Worm","floor":1,"turns":7},{"damage":0,"enemies":"Small Slimes","floor":7,"turns":4},{"damage":19,"enemies":"3 Sentries","floor":12,"turns":9},{"damage":0,"enemies":"2 Louse","floor":14,"turns":3},{"damage":59,"enemies":"Slime Boss","floor":16,"turns":17},{"damage":0,"enemies":"2 Thieves","floor":18,"turns":4},{"damage":0,"enemies":"Shell Parasite","floor":19,"turns":7},{"damage":65,"enemies":"Slavers","floor":24,"turns":11},{"damage":15,"enemies":"Cultist and Chosen","floor":29,"turns":7},{"damage":11,"enemies":"Snecko","floor":30,"turns":6},{"damage":100,"enemies":"Collector","floor":33,"turns":7}],"event_choices":[{"event_name":"Scrap Ooze","player_choice":"success","floor":2,"damage_taken":18},{"event_name":"Golden Wing","player_choice":"Gained Gold","floor":4,"damage_taken":0},{"event_name":"Living Wall","player_choice":"Grow","floor":8,"damage_taken":0},{"event_name":"Big Fish","player_choice":"Donut","floor":11,"damage_taken":0},{"event_name":"Drug Dealer","player_choice":"Ignored","floor":20,"damage_taken":0},{"event_name":"Ghosts","player_choice":"Ignored","floor":22,"damage_taken":0},{"event_name":"Addict","player_choice":"Ignored","floor":31,"damage_taken":0}],"boss_relics":[{"not_picked":["Tiny House","Pandora\u0027s Box"],"picked":"White Beast Statue"}],"potions_floor_spawned":[1,12,18,19,24,29,30],"seed_played":"4558736152114897434","killed_by":"Collector","ascension_level":0,"is_trial":false}