{"gold_per_floor":[116,191,67,87,87,87,114,171,250,261,261,278,278],"floor_reached":13,"playtime":374,"items_purged":[],"score":87,"play_id":"be06b2f7-bd83-4715-9b10-222a708b9239","local_time":"20190228025654","is_ascension_mode":true,"campfire_choices":[{"data":"Noxious Fumes","floor":6,"key":"SMITH"},{"floor":11,"key":"RECALL"}],"neow_cost":"NONE","seed_source_timestamp":644772919059002,"circlet_count":0,"master_deck":["Defend_G","Defend_G","Defend_G","Defend_G","Defend_G","Strike_G","Strike_G","Strike_G","Strike_G","Survivor","Neutralize","Flying Knee","Noxious Fumes+1","Sucker Punch","Dagger Spray","Backstab","Dash"],"relics":["Ring of the Snake","Boot","Oddly Smooth Stone"],"potions_floor_usage":[12,13],"damage_taken":[{"damage":0,"enemies":"2 Louse","floor":1,"turns":4},{"damage":0,"enemies":"Jaw Worm","floor":4,"turns":4},{"damage":40,"enemies":"Gremlin Nob","floor":7,"turns":5},{"damage":18,"enemies":"Gremlin Nob","floor":8,"turns":5},{"damage":0,"enemies":"Small Slimes","floor":10,"turns":2},{"damage":0,"enemies":"Gremlin Gang","floor":12,"turns":3},{"damage":3,"enemies":"3 Sentries","floor":13,"turns":2}],"seed_played":"5477117810642131570","potions_obtained":[{"floor":10,"key":"AttackPotion"},{"floor":12,"key":"PowerPotion"}],"is_trial":false,"path_per_floor":["M","?","$","M","?","R","E","?","T","M","R","M","E"],"character_chosen":"THE_SILENT","items_purchased":["Noxious Fumes","Sucker Punch"],"campfire_rested":0,"item_purchase_floors":[3,3],"current_hp_per_floor":[77,66,66,66,59,59,19,1,1,1,1,1,0],"gold":278,"neow_bonus":"TEN_PERCENT_HP_BONUS","is_prod":false,"is_daily":false,"chose_seed":false,"campfire_upgraded":1,"win_rate":0,"timestamp":1551351414,"path_taken":["M","?","$","M","?","R","E","?","T","M","R","M","E"],"build_version":"2019-01-23","purchased_purges":0,"victory":false,"max_hp_per_floor":[77,77,77,77,77,77,77,77,77,77,77,77,77],"card_choices":[{"not_picked":["Underhanded Strike","Riddle With Holes"],"picked":"Flying Knee","floor":1},{"not_picked":["Endless Agony","Flying Knee"],"picked":"Dagger Spray","floor":4},{"not_picked":["Predator","Setup"],"picked":"Backstab","floor":7},{"not_picked":["Dagger Throw","Dodge and Roll"],"picked":"Dash","floor":10},{"not_picked":["Adrenaline","Calculated Gamble","Dagger Spray"],"picked":"SKIP","floor":12}],"player_experience":283069,"relics_obtained":[{"floor":7,"key":"Boot"}],"event_choices":[{"damage_healed":0,"gold_gain":75,"player_choice":"Gather Gold","damage_taken":11,"max_hp_gain":0,"max_hp_loss":0,"event_name":"World of Goop","floor":2,"gold_loss":0},{"cards_removed":["Strike_G"],"damage_healed":0,"gold_gain":0,"player_choice":"Card Removal","damage_taken":7,"max_hp_gain":0,"max_hp_loss":0,"event_name":"Golden Wing","floor":5,"gold_loss":0},{"damage_healed":0,"gold_gain":0,"player_choice":"Searched \u00272\u0027 times","damage_taken":0,"relics_obtained":["Oddly Smooth Stone"],"max_hp_gain":0,"max_hp_loss":0,"event_name":"Dead Adventurer","floor":8,"gold_loss":0}],"is_beta":false,"boss_relics":[],"items_purged_floors":[],"is_endless":false,"potions_floor_spawned":[10,12],"killed_by":"3 Sentries","ascension_level":1}