{"path_per_floor":["M","M","?","M","M","R","E","R","T","R","$","M","R","M","R","B",null,"M","?","$","M","$"],"character_chosen":"DEFECT","items_purchased":["Loop","Defragment","Static Discharge"],"gold_per_floor":[116,131,81,98,114,114,144,144,144,144,57,77,77,95,95,193,193,211,211,88,103,25,25],"floor_reached":23,"campfire_rested":0,"playtime":935,"item_purchase_floors":[11,20,22],"current_hp_per_floor":[75,75,75,75,75,75,75,75,75,75,75,74,74,68,68,40,75,50,50,50,50,50,0],"items_purged":["Defend_B","Defend_B"],"gold":25,"score":216,"play_id":"1508cf86-67c4-43c0-9a46-400e90784c27","local_time":"20180610051327","is_prod":false,"is_daily":false,"chose_seed":false,"is_ascension_mode":false,"campfire_upgraded":5,"win_rate":0.0,"timestamp":1528632807,"campfire_choices":[{"data":"Buffer","floor":6,"key":"SMITH"},{"data":"Hologram","floor":8,"key":"SMITH"},{"data":"Hologram","floor":10,"key":"SMITH"},{"data":"Loop","floor":13,"key":"SMITH"},{"data":"Heatsinks","floor":15,"key":"SMITH"}],"path_taken":["M","M","?","M","M","R","E","R","T","R","$","M","R","M","R","BOSS","M","?","$","M","$","E"],"build_version":"2018-06-07v3","seed_source_timestamp":1573002915039756,"purchased_purges":2,"victory":false,"master_deck":["Strike_B","Strike_B","Strike_B","Defend_B","Zap","Dualcast","Leap","Melter","Hologram+1","Hologram+1","Buffer+1","Heatsinks+1","Loop+1","Biased Cognition","Defragment","Static Discharge"],"max_hp_per_floor":[75,75,75,75,75,75,75,75,75,75,75,75,75,75,75,75,75,75,75,75,75,75,75],"relics":["Cracked Core","Gremlin Horn","Smiling Mask","Busted Crown"],"card_choices":[{"not_picked":["Conserve Battery","Undo"],"picked":"Melter","floor":1},{"not_picked":["Lockon","Recycle"],"picked":"Hologram","floor":2},{"not_picked":["Fusion","Ball Lightning"],"picked":"Hologram","floor":4},{"not_picked":["Rebound","Chill"],"picked":"Buffer","floor":5},{"not_picked":["Cold Snap","Turbo"],"picked":"Heatsinks","floor":7},{"not_picked":["Leap","Turbo","Sweeping Beam"],"picked":"SKIP","floor":12},{"not_picked":["Sweeping Beam","Gash","Compile Driver"],"picked":"SKIP","floor":14},{"not_picked":["Rainbow","All For One"],"picked":"Biased Cognition","floor":16},{"not_picked":["Rip and Tear"],"picked":"SKIP","floor":18},{"not_picked":["Barrage"],"picked":"SKIP","floor":21}],"player_experience":171782,"potions_floor_usage":[7,16],"damage_taken":[{"damage":0,"enemies":"Cultist","floor":1,"turns":5},{"damage":0,"enemies":"Jaw Worm","floor":2,"turns":4},{"damage":0,"enemies":"2 Louse","floor":4,"turns":2},{"damage":0,"enemies":"Blue Slaver","floor":5,"turns":4},{"damage":0,"enemies":"Gremlin Nob","floor":7,"turns":4},{"damage":1,"enemies":"3 Louse","floor":12,"turns":3},{"damage":6,"enemies":"Exordium Thugs","floor":14,"turns":6},{"damage":28,"enemies":"The Guardian","floor":16,"turns":13},{"damage":25,"enemies":"3 Byrds","floor":18,"turns":5},{"damage":0,"enemies":"Spheric Guardian","floor":21,"turns":1},{"damage":57,"enemies":"Gremlin Leader","floor":23,"turns":4}],"relics_obtained":[{"floor":7,"key":"Gremlin Horn"},{"floor":9,"key":"Smiling Mask"}],"event_choices":[{"event_name":"The Cleric","player_choice":"Card Removal","floor":3,"damage_taken":0},{"event_name":"Vampires","player_choice":"Ignored","floor":19,"damage_taken":0}],"boss_relics":[{"not_picked":["Runic Pyramid","Calling Bell"],"picked":"Busted Crown"}],"items_purged_floors":[11,20],"potions_floor_spawned":[4,14,18],"seed_played":"-2761133874623470593","killed_by":"Gremlin Leader","ascension_level":0,"potions_obtained":[{"floor":4,"key":"PowerPotion"},{"floor":14,"key":"Weak Potion"},{"floor":18,"key":"SkillPotion"}],"is_trial":false}