{"path_per_floor":["M","M","?","M","M","R","M","M","T","M","M","$","M","?","R","B",null,"M","M","?","M","M","R","$","R","T","T","R","M","R","M","R","B",null,"M","M","$","M","M","R","?","R","T","M","M","$"],"character_chosen":"DEFECT","items_purchased":["Singing Bowl","Gash","Bottled Lightning","Ball Lightning"],"gold_per_floor":[110,129,129,142,155,155,178,201,224,239,258,27,43,143,143,264,264,280,293,218,239,262,262,140,140,167,167,167,191,191,209,209,338,338,358,381,71,86,102,102,102,102,153,166,179,54,54],"floor_reached":47,"campfire_rested":3,"playtime":1672,"item_purchase_floors":[12,24,37,37],"current_hp_per_floor":[74,73,55,55,47,47,40,31,31,27,19,19,19,19,42,29,77,74,71,71,54,34,58,58,58,58,58,58,57,57,53,77,6,83,54,51,51,51,45,45,78,78,78,68,22,22,0],"items_purged":["Strike_B","Strike_B","Defend_B"],"gold":54,"score":452,"play_id":"18491b7d-6be8-409b-980a-976995d47fe7","local_time":"20180608083737","is_prod":false,"is_daily":false,"chose_seed":false,"is_ascension_mode":false,"campfire_upgraded":6,"win_rate":0.0,"timestamp":1528472257,"campfire_choices":[{"data":"Zap","floor":6,"key":"SMITH"},{"floor":15,"key":"REST"},{"floor":23,"key":"REST"},{"data":"Ball Lightning","floor":25,"key":"SMITH"},{"data":"Electrodynamics","floor":28,"key":"SMITH"},{"data":"Dualcast","floor":30,"key":"SMITH"},{"floor":32,"key":"REST"},{"data":"Redo","floor":40,"key":"SMITH"},{"data":"Sunder","floor":42,"key":"SMITH"}],"path_taken":["M","?","?","?","M","R","M","M","T","M","M","$","M","?","R","BOSS","M","M","?","?","M","R","$","R","T","?","R","?","R","M","R","BOSS","M","M","$","M","?","R","?","R","T","M","M","$","M"],"build_version":"2018-06-07","seed_source_timestamp":1411702744894695,"purchased_purges":3,"victory":false,"master_deck":["Strike_B","Strike_B","Defend_B+1","Defend_B+1","Zap+1","Dualcast+1","Gash","Cold Snap","Gash","Ball Lightning+1","Sweeping Beam","Beam Cell","Electrodynamics+1","FTL+1","Gash","Gash","Injury","Decay","Sunder+1","Biased Cognition","Ball Lightning","Redo+1","Decay","Tempest","Loop+1"],"max_hp_per_floor":[75,75,75,75,75,75,75,75,75,75,75,75,77,77,77,77,77,79,81,81,81,81,81,81,81,81,81,81,83,83,83,83,83,83,85,87,87,87,89,89,78,78,78,78,78,78,78],"relics":["Cracked Core","Golden Idol","Happy Flower","Singing Bowl","Cursed Key","Lantern","Kunai","Lizard Tail","Bottled Lightning","War Paint"],"card_choices":[{"not_picked":["Conserve Battery","Hello World"],"picked":"Gash","floor":0},{"not_picked":["Streamline","Blizzard"],"picked":"Cold Snap","floor":1},{"not_picked":["Ball Lightning","Static Discharge"],"picked":"Gash","floor":2},{"not_picked":["Leap","Aggregate"],"picked":"Ball Lightning","floor":4},{"not_picked":["Rebound","Blizzard"],"picked":"Sweeping Beam","floor":5},{"not_picked":["Barrage","Undo","Glacier"],"picked":"SKIP","floor":7},{"not_picked":["Capacitor","Force Field","Consume"],"picked":"SKIP","floor":8},{"not_picked":["Creative AI","Reinforced Body","Lockon"],"picked":"SKIP","floor":10},{"not_picked":["Conserve Battery","Turbo"],"picked":"Beam Cell","floor":11},{"not_picked":["Scrape","Rip and Tear","Coolheaded"],"picked":"Singing Bowl","floor":13},{"not_picked":["Reboot","Hyperbeam"],"picked":"Electrodynamics","floor":16},{"not_picked":["Turbo+1","Heatsinks","Reprogram+1"],"picked":"Singing Bowl","floor":18},{"not_picked":["Barrage+1","Rebound","Rip and Tear+1"],"picked":"Singing Bowl","floor":19},{"not_picked":["Rebound","Compile Driver"],"picked":"FTL+1","floor":21},{"not_picked":["Compile Driver+1","Core Surge"],"picked":"Gash","floor":22},{"not_picked":["Hologram","Steam","Doom and Gloom"],"picked":"Singing Bowl","floor":29},{"not_picked":["Compile Driver+1","Lockon"],"picked":"Sunder","floor":31},{"not_picked":["Amplify","Multi-Cast"],"picked":"Biased Cognition","floor":33},{"not_picked":["FTL+1","Cold Snap+1","Gash"],"picked":"Singing Bowl","floor":35},{"not_picked":["Ball Lightning","Loop","Go for the Eyes+1"],"picked":"Singing Bowl","floor":36},{"not_picked":["Conserve Battery+1","Chill"],"picked":"Redo","floor":38},{"not_picked":["Leap+1","Go for the Eyes+1","Fusion"],"picked":"Singing Bowl","floor":39},{"not_picked":["Sweeping Beam","Cold Snap+1"],"picked":"Tempest","floor":44},{"not_picked":["Melter","Hologram"],"picked":"Loop+1","floor":45}],"player_experience":157641,"potions_floor_usage":[13,16,16,16,21,29,33,33,38,39],"damage_taken":[{"damage":1,"enemies":"Cultist","floor":1,"turns":3},{"damage":1,"enemies":"Jaw Worm","floor":2,"turns":3},{"damage":0,"enemies":"2 Louse","floor":4,"turns":3},{"damage":8,"enemies":"Lots of Slimes","floor":5,"turns":3},{"damage":7,"enemies":"Gremlin Gang","floor":7,"turns":3},{"damage":9,"enemies":"Blue Slaver","floor":8,"turns":3},{"damage":4,"enemies":"Exordium Thugs","floor":10,"turns":4},{"damage":8,"enemies":"Red Slaver","floor":11,"turns":2},{"damage":2,"enemies":"2 Fungi Beasts","floor":13,"turns":3},{"damage":13,"enemies":"Slime Boss","floor":16,"turns":9},{"damage":5,"enemies":"Spheric Guardian","floor":18,"turns":3},{"damage":5,"enemies":"Chosen","floor":19,"turns":3},{"damage":17,"enemies":"Centurion and Healer","floor":21,"turns":3},{"damage":20,"enemies":"Snecko","floor":22,"turns":5},{"damage":3,"enemies":"Chosen and Byrds","floor":29,"turns":3},{"damage":4,"enemies":"Cultist and Chosen","floor":31,"turns":3},{"damage":71,"enemies":"Collector","floor":33,"turns":7},{"damage":31,"enemies":"3 Darklings","floor":35,"turns":4},{"damage":5,"enemies":"Orb Walker","floor":36,"turns":2},{"damage":0,"enemies":"3 Darklings","floor":38,"turns":2},{"damage":60,"enemies":"Maw","floor":39,"turns":7},{"damage":10,"enemies":"4 Shapes","floor":44,"turns":4},{"damage":46,"enemies":"Sphere and 2 Shapes","floor":45,"turns":4},{"damage":28,"enemies":"Maw","floor":47,"turns":4}],"relics_obtained":[{"floor":9,"key":"Happy Flower"},{"floor":26,"key":"Lantern"},{"floor":27,"key":"Kunai"},{"floor":43,"key":"War Paint"}],"event_choices":[{"event_name":"Golden Idol","player_choice":"Take Damage","floor":3,"damage_taken":0},{"event_name":"Golden Shrine","player_choice":"Pray","floor":14,"damage_taken":0},{"event_name":"Beggar","player_choice":"Gave Gold","floor":20,"damage_taken":0},{"event_name":"The Moai Head","player_choice":"Heal","floor":41,"damage_taken":0}],"boss_relics":[{"not_picked":["Pandora\u0027s Box","White Beast Statue"],"picked":"Cursed Key"},{"not_picked":["Philosopher\u0027s Stone","Orrery"],"picked":"Lizard Tail"}],"items_purged_floors":[12,24,46],"potions_floor_spawned":[2,4,11,13,18,22,29,31,35,36,44],"seed_played":"-3664005559330065596","killed_by":"Maw","ascension_level":0,"potions_obtained":[{"floor":2,"key":"EssenceOfSteel"},{"floor":4,"key":"Block Potion"},{"floor":11,"key":"PowerPotion"},{"floor":13,"key":"FearPotion"},{"floor":18,"key":"Fire Potion"},{"floor":22,"key":"SkillPotion"},{"floor":29,"key":"Ancient Potion"},{"floor":31,"key":"PowerPotion"},{"floor":35,"key":"AttackPotion"},{"floor":36,"key":"SpeedPotion"},{"floor":44,"key":"Strength Potion"}],"is_trial":false}