{"gold_per_floor":[117,43,62,75,92,92,92,125,152,152,152,177,177,177,177,177],"floor_reached":16,"playtime":465,"items_purged":[],"score":127,"play_id":"a68a8de3-f2b0-47da-b022-44c7ee16f8b0","local_time":"20190129052635","is_ascension_mode":false,"campfire_choices":[{"data":"Feed","floor":6,"key":"SMITH"},{"data":"Armaments","floor":10,"key":"SMITH"},{"floor":13,"key":"REST"},{"data":"Bash","floor":15,"key":"SMITH"}],"neow_cost":"NONE","seed_source_timestamp":167405137861673,"circlet_count":0,"master_deck":["Strike_R","Strike_R","Strike_R","Strike_R","Strike_R","Defend_R","Defend_R","Defend_R","Defend_R","Bash+1","Armaments+1","Feed+1","Injury","Flex"],"relics":["Burning Blood","Calipers","Regal Pillow","Golden Idol","Bronze Scales"],"potions_floor_usage":[1,5,7,8],"damage_taken":[{"damage":6,"enemies":"Cultist","floor":1,"turns":4},{"damage":11,"enemies":"Jaw Worm","floor":3,"turns":2},{"damage":8,"enemies":"Small Slimes","floor":4,"turns":4},{"damage":6,"enemies":"Exordium Wildlife","floor":5,"turns":5},{"damage":0,"enemies":"Large Slime","floor":7,"turns":1},{"damage":48,"enemies":"3 Sentries","floor":8,"turns":11},{"damage":21,"enemies":"2 Fungi Beasts","floor":12,"turns":4},{"damage":91,"enemies":"Hexaghost","floor":16,"turns":9}],"seed_played":"-7116529768567398494","potions_obtained":[{"floor":0,"key":"Fruit Juice"},{"floor":0,"key":"BloodPotion"},{"floor":0,"key":"SmokeBomb"},{"floor":1,"key":"FearPotion"},{"floor":4,"key":"AttackPotion"},{"floor":12,"key":"Dexterity Potion"}],"is_trial":false,"path_per_floor":["M","$","M","M","M","R","M","E","T","R","?","M","R","?","R","B"],"character_chosen":"IRONCLAD","items_purchased":["Feed"],"campfire_rested":1,"item_purchase_floors":[2],"current_hp_per_floor":[85,85,83,84,84,84,90,61,61,61,61,50,94,91,91,0],"gold":177,"neow_bonus":"THREE_SMALL_POTIONS","is_prod":false,"is_daily":false,"chose_seed":false,"campfire_upgraded":3,"win_rate":0,"timestamp":1548768395,"path_taken":["M","$","M","M","M","R","M","E","T","R","?","M","R","?","R","BOSS"],"build_version":"2019-01-23","purchased_purges":0,"victory":false,"max_hp_per_floor":[85,85,88,91,91,91,91,95,95,95,95,99,99,99,99,99],"card_choices":[{"not_picked":["Sever Soul","Havoc"],"picked":"Armaments","floor":1},{"not_picked":["Pommel Strike","Clothesline","Warcry"],"picked":"SKIP","floor":3},{"not_picked":["Feel No Pain","Corruption","Sword Boomerang"],"picked":"SKIP","floor":4},{"not_picked":["Hemokinesis","Entrench","Iron Wave"],"picked":"SKIP","floor":5},{"not_picked":["Berserk","Warcry","Havoc"],"picked":"SKIP","floor":8},{"not_picked":["Uppercut","Clash"],"picked":"Flex","floor":12}],"player_experience":220175,"relics_obtained":[{"floor":8,"key":"Calipers"},{"floor":9,"key":"Regal Pillow"}],"event_choices":[{"damage_healed":0,"gold_gain":0,"player_choice":"Take Wound","damage_taken":0,"relics_obtained":["Golden Idol"],"max_hp_gain":0,"max_hp_loss":0,"event_name":"Golden Idol","floor":11,"gold_loss":0,"cards_obtained":["Injury"]},{"damage_healed":0,"gold_gain":0,"player_choice":"Success","damage_taken":3,"relics_obtained":["Bronze Scales"],"max_hp_gain":0,"max_hp_loss":0,"event_name":"Scrap Ooze","floor":14,"gold_loss":0}],"is_beta":false,"boss_relics":[],"items_purged_floors":[],"is_endless":false,"potions_floor_spawned":[1,4,7,12],"killed_by":"Hexaghost","ascension_level":0}