{"gold_per_floor":[110,125,136,150,161,161,188,188,215,227,254,279,291,72,72,72],"floor_reached":16,"playtime":793,"items_purged":["Strike_R"],"score":156,"play_id":"e7af58db-607b-44d6-852d-925764601347","local_time":"20190201164108","is_ascension_mode":true,"campfire_choices":[{"data":"Flame Barrier","floor":6,"key":"SMITH"},{"data":"Seeing Red","floor":8,"key":"SMITH"},{"data":"Bash","floor":10,"key":"SMITH"},{"data":"Bludgeon","floor":15,"key":"SMITH"}],"neow_cost":"NONE","seed_source_timestamp":82298846100747,"circlet_count":0,"master_deck":["AscendersBane","Strike_R","Strike_R","Strike_R","Defend_R","Defend_R","Defend_R","Bash+1","Bludgeon+1","Flame Barrier+1","Flex","Rage","Seeing Red+1","Flame Barrier"],"relics":["Burning Blood","Dream Catcher","MawBank","Art of War"],"potions_floor_usage":[4,16,16],"damage_taken":[{"damage":0,"enemies":"Cultist","floor":1,"turns":3},{"damage":7,"enemies":"Jaw Worm","floor":2,"turns":2},{"damage":4,"enemies":"Small Slimes","floor":3,"turns":2},{"damage":7,"enemies":"Exordium Thugs","floor":4,"turns":4},{"damage":5,"enemies":"Large Slime","floor":5,"turns":6},{"damage":20,"enemies":"3 Sentries","floor":7,"turns":10},{"damage":2,"enemies":"3 Louse","floor":11,"turns":3},{"damage":0,"enemies":"Looter","floor":12,"turns":4},{"damage":80,"enemies":"Hexaghost","floor":16,"turns":11}],"seed_played":"754433048888677007","potions_obtained":[{"floor":1,"key":"Strength Potion"},{"floor":2,"key":"Fire Potion"},{"floor":7,"key":"FearPotion"},{"floor":12,"key":"SteroidPotion"}],"is_trial":false,"path_per_floor":["M","M","M","M","M","R","E","R","T","R","M","M","?","$","R","B"],"character_chosen":"IRONCLAD","items_purchased":["Art of War"],"campfire_rested":0,"item_purchase_floors":[14],"current_hp_per_floor":[78,77,79,78,79,79,65,65,65,65,69,75,75,75,75,0],"gold":72,"neow_bonus":"TRANSFORM_CARD","is_prod":false,"is_daily":false,"chose_seed":false,"campfire_upgraded":4,"win_rate":0,"timestamp":1549057268,"path_taken":["M","M","M","M","M","R","E","R","T","R","M","M","?","$","R","BOSS"],"build_version":"2019-01-23","purchased_purges":1,"victory":false,"max_hp_per_floor":[80,80,80,80,80,80,80,80,80,80,80,80,80,80,80,80],"card_choices":[{"not_picked":["Anger","Rage"],"picked":"Flame Barrier","floor":1},{"not_picked":["Twin Strike","Warcry"],"picked":"Flex","floor":2},{"not_picked":["Clash","Rampage"],"picked":"Rage","floor":3},{"not_picked":["Sword Boomerang","Reckless Charge","Corruption"],"picked":"SKIP","floor":4},{"not_picked":["Double Tap","Second Wind"],"picked":"Seeing Red","floor":5},{"not_picked":["Body Slam","Bloodletting"],"picked":"Flame Barrier","floor":7},{"not_picked":["Bloodletting","Sever Soul","Heavy Blade"],"picked":"SKIP","floor":11},{"not_picked":["Heavy Blade","Fire Breathing","Evolve"],"picked":"SKIP","floor":12}],"player_experience":315849,"relics_obtained":[{"floor":7,"key":"Dream Catcher"},{"floor":9,"key":"MawBank"}],"event_choices":[{"cards_removed":["Defend_R"],"damage_healed":0,"gold_gain":0,"player_choice":"Offered Basic","damage_taken":0,"max_hp_gain":0,"max_hp_loss":0,"event_name":"Bonfire Elementals","floor":13,"gold_loss":0}],"is_beta":true,"boss_relics":[],"items_purged_floors":[14],"is_endless":false,"potions_floor_spawned":[1,2,7,12],"killed_by":"Hexaghost","ascension_level":10}