{"path_per_floor":["M","M","M","M","?","E","R","$","T","M","R","M","E","M","R","B",null,"M","M","M","M","$","R","M","E","T","M","E","M","E","M","R","B",null,"M","?","M","M","M","R","M","M","T"],"character_chosen":"THE_SILENT","items_purchased":["Noxious Fumes","Happy Flower","Footwork"],"gold_per_floor":[115,131,145,164,164,197,197,40,40,60,60,78,103,116,116,216,216,228,244,260,275,51,51,70,102,102,118,144,161,189,201,201,301,301,314,314,331,346,363,363,383,395,395,395],"floor_reached":44,"campfire_rested":1,"playtime":2743,"current_hp_per_floor":[70,70,70,68,68,66,66,66,66,60,60,54,49,47,47,30,70,67,67,60,60,60,60,59,56,56,47,47,44,26,26,62,69,70,70,70,59,55,55,69,47,13,13,0],"items_purged":["Strike_G"],"gold":395,"score":617,"play_id":"853ac343-61a5-4068-9d52-764d32146270","local_time":"20180427033127","is_prod":false,"is_daily":false,"chose_seed":false,"is_ascension_mode":false,"campfire_upgraded":5,"timestamp":1524814287,"path_taken":["M","M","M","M","?","E","R","$","T","M","R","M","E","?","R","BOSS","M","M","M","M","$","R","M","E","T","M","E","M","E","M","R","BOSS","M","?","M","M","M","R","M","M","T","E"],"build_version":"2018-04-26v2","seed_source_timestamp":66061360637775,"purchased_purges":1,"victory":false,"master_deck":["Defend_G","Defend_G","Defend_G","Defend_G","Defend_G","Strike_G","Strike_G","Survivor","Neutralize","Dash","Noxious Fumes+1","Backflip","Cloak And Dagger","Footwork","Backflip","Noxious Fumes+1","Backflip","Adrenaline+1","Flechettes","Deadly Poison","Wraith Form v2+1","Blur","Backflip","Catalyst+1","Catalyst","Footwork","Dagger Spray+1","PiercingWail","Catalyst+1","Prepared","Catalyst","Deadly Poison+1","After Image","Noxious Fumes","Deadly Poison+1","Prepared+1","Prepared","Predator+1","Backflip+1"],"max_hp_per_floor":[70,70,70,70,70,70,70,70,70,70,70,70,70,70,70,70,70,70,70,70,70,70,70,70,70,70,70,70,70,70,70,70,70,70,70,70,70,70,70,70,70,70,70,70],"relics":["Ring of the Snake","Omamori","Regal Pillow","Bottled Lightning","Runic Dome","Happy Flower","Gremlin Horn","Darkstone Periapt","Question Card","Dodecahedron","Eternal Feather","Thread and Needle"],"card_choices":[{"not_picked":["Crippling Poison","Dagger Spray"],"picked":"Noxious Fumes","floor":1},{"not_picked":["Acrobatics","Dagger Throw"],"picked":"Backflip","floor":2},{"not_picked":["Prepared","Underhanded Strike"],"picked":"Cloak And Dagger","floor":3},{"not_picked":["Acrobatics","Dagger Throw"],"picked":"Footwork","floor":4},{"not_picked":["Poisoned Stab","Calculated Gamble"],"picked":"Backflip","floor":6},{"not_picked":["Poisoned Stab","Cloak And Dagger"],"picked":"Backflip","floor":10},{"not_picked":["Crippling Poison","Caltrops"],"picked":"Adrenaline","floor":12},{"not_picked":["Bane","All Out Attack"],"picked":"Flechettes","floor":13},{"not_picked":["Heel Hook","Malaise"],"picked":"Deadly Poison","floor":14},{"not_picked":["Grand Finale","Corpse Explosion"],"picked":"Wraith Form v2","floor":16},{"not_picked":["Expertise","Backflip"],"picked":"Blur","floor":18},{"not_picked":["Dagger Throw","Expertise"],"picked":"Backflip","floor":19},{"not_picked":["Quick Slash","Leg Sweep"],"picked":"Catalyst","floor":20},{"not_picked":["Underhanded Strike","Malaise"],"picked":"Catalyst","floor":21},{"not_picked":["Bane","Outmaneuver"],"picked":"Dagger Spray","floor":24},{"not_picked":["Underhanded Strike","Eviscerate"],"picked":"PiercingWail","floor":27},{"not_picked":["All Out Attack","Infinite Blades"],"picked":"Catalyst","floor":28},{"not_picked":["Heel Hook","Flying Knee","Dagger Throw"],"picked":"Prepared","floor":29},{"not_picked":["Flechettes","Slice","Bane"],"picked":"Catalyst","floor":30},{"not_picked":["Catalyst","Underhanded Strike","Flechettes"],"picked":"Deadly Poison","floor":31},{"not_picked":["Venomology","A Thousand Cuts","Phantasmal Killer"],"picked":"After Image","floor":33},{"not_picked":["Calculated Gamble","Bane","Deadly Poison"],"picked":"Noxious Fumes","floor":35},{"not_picked":["Prepared","Calculated Gamble","Underhanded Strike"],"picked":"Deadly Poison","floor":37},{"not_picked":["Bane","Cloak And Dagger","Dagger Throw"],"picked":"Prepared","floor":38},{"not_picked":["Riddle With Holes","Poisoned Stab","Bane"],"picked":"Prepared","floor":39},{"not_picked":["Outmaneuver","Slice","Dagger Spray"],"picked":"Predator","floor":41},{"not_picked":["All Out Attack","Blade Dance","Accuracy"],"picked":"Backflip","floor":42}],"player_experience":73433,"potions_floor_usage":[6,10,16,30,33,33,41,42],"damage_taken":[{"damage":0,"enemies":"Cultist","floor":1,"turns":4},{"damage":0,"enemies":"2 Louse","floor":2,"turns":3},{"damage":0,"enemies":"Small Slimes","floor":3,"turns":4},{"damage":2,"enemies":"Blue Slaver","floor":4,"turns":6},{"damage":2,"enemies":"Lagavulin","floor":6,"turns":7},{"damage":6,"enemies":"Lots of Slimes","floor":10,"turns":2},{"damage":6,"enemies":"Exordium Wildlife","floor":12,"turns":4},{"damage":5,"enemies":"3 Sentries","floor":13,"turns":6},{"damage":2,"enemies":"Looter","floor":14,"turns":3},{"damage":17,"enemies":"The Guardian","floor":16,"turns":8},{"damage":3,"enemies":"Chosen","floor":18,"turns":6},{"damage":0,"enemies":"Spheric Guardian","floor":19,"turns":4},{"damage":7,"enemies":"Centurion and Healer","floor":20,"turns":7},{"damage":0,"enemies":"3 Cultists","floor":21,"turns":5},{"damage":1,"enemies":"Snecko","floor":24,"turns":5},{"damage":3,"enemies":"Book of Stabbing","floor":25,"turns":6},{"damage":9,"enemies":"Chosen and Byrds","floor":27,"turns":6},{"damage":0,"enemies":"Gremlin Leader","floor":28,"turns":5},{"damage":3,"enemies":"Centurion and Healer","floor":29,"turns":6},{"damage":18,"enemies":"Slavers","floor":30,"turns":5},{"damage":0,"enemies":"3 Cultists","floor":31,"turns":5},{"damage":2,"enemies":"Champ","floor":33,"turns":6},{"damage":0,"enemies":"Orb Walker","floor":35,"turns":4},{"damage":11,"enemies":"3 Darklings","floor":37,"turns":4},{"damage":4,"enemies":"Flame Bruiser 2 Orb","floor":38,"turns":5},{"damage":0,"enemies":"Sphere and 2 Shapes","floor":39,"turns":5},{"damage":22,"enemies":"3 Darklings","floor":41,"turns":5},{"damage":34,"enemies":"Flame Bruiser 2 Orb","floor":42,"turns":4},{"damage":16,"enemies":"2 Orb Walkers","floor":44,"turns":2}],"event_choices":[{"event_name":"Living Wall","player_choice":"Forget","floor":5,"damage_taken":0},{"event_name":"Tomb of Lord Red Mask","player_choice":"Ignored","floor":36,"damage_taken":0}],"boss_relics":[{"not_picked":["Orrery","White Beast Statue"],"picked":"Runic Dome"},{"not_picked":["Tiny House","Velvet Choker"],"picked":"Eternal Feather"}],"potions_floor_spawned":[1,2,4,14,20,25,28,30,31,37,38],"seed_played":"5386526657782209795","killed_by":"2 Orb Walkers","ascension_level":0,"is_trial":false}