{"path_per_floor":["M","?","?","M","$","R","M","E","T","?","M","T","R","E","R","B",null,"M","M","M","?","?","R","?","?","T"],"character_chosen":"THE_SILENT","items_purchased":["Poisoned Stab"],"gold_per_floor":[115,115,190,210,160,160,172,207,207,207,226,226,226,260,260,364,364,383,402,420,420,420,420,420,420,420,420],"floor_reached":27,"campfire_rested":2,"playtime":937,"current_hp_per_floor":[67,67,56,54,54,54,53,46,46,46,46,46,46,36,57,29,70,47,30,1,1,1,22,6,6,6,0],"items_purged":[],"gold":420,"score":219,"play_id":"6c257e15-5b96-442c-8d58-5ba04eca145f","local_time":"20180401054004","is_prod":false,"is_daily":false,"is_ascension_mode":false,"campfire_upgraded":2,"timestamp":1522586404,"path_taken":["M","?","?","M","$","R","?","E","T","?","M","?","R","E","R","BOSS","M","M","M","?","?","R","?","?","T","M"],"build_version":"2018-03-29v2","purchased_purges":0,"victory":false,"master_deck":["Defend_G","Defend_G","Defend_G","Defend_G","Defend_G","Strike_G","Strike_G","Strike_G","Strike_G","Strike_G","Survivor","Neutralize+1","Deadly Poison","Blade Dance+1","Poisoned Stab","Storm of Steel","Footwork+1","Poisoned Stab","Deadly Poison","Envenom","Blade Dance","Bane+1","Pain"],"max_hp_per_floor":[70,70,70,70,70,70,70,70,70,70,70,70,70,70,70,70,70,70,70,70,70,70,70,70,70,70,70],"relics":["White Beast Statue","Mummified Hand","Peace Pipe","Shuriken","Bottled Tornado","Cursed Key","Enchiridion","Gremlin Horn"],"card_choices":[{"not_picked":["Terror","Flying Knee"],"picked":"Deadly Poison","floor":1},{"not_picked":["Concentrate","Caltrops"],"picked":"Blade Dance","floor":4},{"not_picked":["Outmaneuver","Predator"],"picked":"Storm of Steel","floor":7},{"not_picked":["Quick Slash","Distraction"],"picked":"Footwork","floor":8},{"not_picked":["Underhanded Strike","Flying Knee"],"picked":"Poisoned Stab","floor":11},{"not_picked":["Flying Knee","Bane"],"picked":"Deadly Poison","floor":14},{"not_picked":["Phantasmal Killer","Die Die Die"],"picked":"Envenom","floor":16},{"not_picked":["Heel Hook","Deadly Poison"],"picked":"Blade Dance","floor":19},{"not_picked":["Outmaneuver","Glass Knife"],"picked":"Bane","floor":20}],"player_experience":85745,"potions_floor_usage":[8,8,8,14,14,16,19,20,27,27],"damage_taken":[{"damage":3,"enemies":"2 Louse","floor":1,"turns":4},{"damage":2,"enemies":"Small Slimes","floor":4,"turns":4},{"damage":1,"enemies":"Cultist","floor":7,"turns":4},{"damage":7,"enemies":"Gremlin Nob","floor":8,"turns":4},{"damage":0,"enemies":"Large Slime","floor":11,"turns":6},{"damage":10,"enemies":"Lagavulin","floor":14,"turns":4},{"damage":28,"enemies":"Hexaghost","floor":16,"turns":8},{"damage":23,"enemies":"Spheric Guardian","floor":18,"turns":5},{"damage":17,"enemies":"3 Byrds","floor":19,"turns":5},{"damage":29,"enemies":"Centurion and Healer","floor":20,"turns":5},{"damage":8,"enemies":"Snake Plant","floor":27,"turns":1}],"event_choices":[{"event_name":"The Cleric","player_choice":"Leave","floor":2,"damage_taken":0},{"event_name":"World of Goop","player_choice":"Gather Gold","floor":3,"damage_taken":0},{"event_name":"Accursed Blacksmith","player_choice":"Forge","floor":10,"damage_taken":0},{"event_name":"Drug Dealer","player_choice":"Ignored","floor":21,"damage_taken":0},{"event_name":"Ghosts","player_choice":"Ignored","floor":22,"damage_taken":0},{"event_name":"Cursed Tome","player_choice":"Obtained Book","floor":24,"damage_taken":0},{"event_name":"Beggar","player_choice":"Ignored","floor":25,"damage_taken":0}],"boss_relics":[{"not_picked":["Pandora\u0027s Box","Runic Dome"],"picked":"Cursed Key"}],"potions_floor_spawned":[1,4,7,8,11,14,16,18,19,20],"seed_played":"9067880148805128110","killed_by":"Snake Plant","ascension_level":0,"is_trial":false}