{"gold_per_floor":[111,124,124,136,152,185,185,185,185,185,110,123,167,183,183,308,308,324,338,238,238,238],"floor_reached":22,"playtime":604,"items_purged":["Strike_R","Strike_R"],"score":196,"play_id":"4fea2902-a625-48b6-8fa5-207c3f1daa76","local_time":"20190316124408","is_ascension_mode":false,"campfire_choices":[{"data":"Bash","floor":7,"key":"SMITH"},{"data":"Anger","floor":10,"key":"SMITH"},{"data":"Shrug It Off","floor":15,"key":"SMITH"}],"neow_cost":"TEN_PERCENT_HP_LOSS","seed_source_timestamp":289097571617294,"circlet_count":0,"master_deck":["Strike_R","Defend_R","Defend_R","Defend_R","Defend_R","Bash+1","Anger+1","Shrug It Off+1","Offering","Cleave+1","True Grit+1","Berserk","Pummel"],"relics":["Burning Blood","Nunchaku","Happy Flower","Dodecahedron","Golden Idol","Omamori","PreservedInsect","Sozu"],"potions_floor_usage":[13,13,13,16,16],"damage_taken":[{"damage":6,"enemies":"Cultist","floor":1,"turns":3},{"damage":2,"enemies":"2 Louse","floor":2,"turns":3},{"damage":11,"enemies":"Jaw Worm","floor":4,"turns":2},{"damage":2,"enemies":"3 Louse","floor":5,"turns":4},{"damage":27,"enemies":"Gremlin Nob","floor":6,"turns":4},{"damage":8,"enemies":"Red Slaver","floor":12,"turns":3},{"damage":10,"enemies":"3 Sentries","floor":13,"turns":8},{"damage":11,"enemies":"Large Slime","floor":14,"turns":5},{"damage":25,"enemies":"The Guardian","floor":16,"turns":11},{"damage":8,"enemies":"Shell Parasite","floor":18,"turns":4},{"damage":6,"enemies":"3 Byrds","floor":19,"turns":5},{"damage":0,"enemies":"Centurion and Healer","floor":22,"turns":1}],"seed_played":"-1445142995900422504","potions_obtained":[{"floor":1,"key":"AttackPotion"},{"floor":5,"key":"SkillPotion"},{"floor":6,"key":"EntropicBrew"},{"floor":13,"key":"Poison Potion"}],"is_trial":false,"path_per_floor":["M","M","?","M","M","E","R","?","T","R","$","M","E","M","R","B",null,"M","M","$","?","M"],"character_chosen":"IRONCLAD","items_purchased":[],"campfire_rested":0,"item_purchase_floors":[],"current_hp_per_floor":[72,72,72,67,71,50,50,50,50,50,50,48,44,39,39,20,67,65,65,65,65,65],"gold":238,"neow_bonus":"ONE_RARE_RELIC","is_prod":false,"is_daily":false,"chose_seed":false,"campfire_upgraded":3,"win_rate":0,"timestamp":1552754648,"path_taken":["M","?","?","?","M","E","R","?","T","R","$","M","E","M","R","BOSS","M","M","$","?","M"],"build_version":"2019-03-15","purchased_purges":2,"victory":false,"max_hp_per_floor":[72,72,72,72,72,72,72,67,67,67,67,67,67,67,67,67,67,67,67,67,67,67],"card_choices":[{"not_picked":["Hemokinesis","Heavy Blade","Flex"],"picked":"SKIP","floor":1},{"not_picked":["Perfected Strike","Cleave","Wild Strike"],"picked":"SKIP","floor":2},{"not_picked":["Ghostly Armor","Flex"],"picked":"Anger","floor":4},{"not_picked":["Wild Strike","True Grit","Havoc"],"picked":"SKIP","floor":5},{"not_picked":["Wild Strike","True Grit","Havoc"],"picked":"SKIP","floor":5},{"not_picked":["Armaments","Anger","Double Tap"],"picked":"SKIP","floor":6},{"not_picked":["Havoc","Sever Soul"],"picked":"Shrug It Off","floor":12},{"not_picked":["Ghostly Armor","Battle Trance","Exhume"],"picked":"SKIP","floor":13},{"not_picked":["Twin Strike","Heavy Blade","True Grit"],"picked":"SKIP","floor":14},{"not_picked":["Demon Form","Juggernaut"],"picked":"Offering","floor":16},{"not_picked":["Carnage","Iron Wave+1"],"picked":"Cleave+1","floor":18},{"not_picked":["Shrug It Off+1","Cleave"],"picked":"True Grit+1","floor":19}],"player_experience":1108644,"relics_obtained":[{"floor":6,"key":"Dodecahedron"},{"floor":9,"key":"Omamori"},{"floor":13,"key":"PreservedInsect"}],"event_choices":[{"damage_healed":0,"gold_gain":0,"player_choice":"Gave Potion","damage_taken":0,"relics_obtained":["Happy Flower"],"max_hp_gain":0,"max_hp_loss":0,"event_name":"WeMeetAgain","floor":3,"gold_loss":0},{"damage_healed":0,"gold_gain":0,"player_choice":"Lose Max HP","damage_taken":0,"relics_obtained":["Golden Idol"],"max_hp_gain":0,"max_hp_loss":5,"event_name":"Golden Idol","floor":8,"gold_loss":0},{"damage_healed":0,"gold_gain":0,"cards_transformed":["Strike_R","Strike_R"],"player_choice":"Became Test Subject","damage_taken":0,"max_hp_gain":0,"max_hp_loss":0,"event_name":"Drug Dealer","floor":21,"gold_loss":0,"cards_obtained":["Berserk","Pummel"]}],"is_beta":true,"boss_relics":[{"not_picked":["Ectoplasm","Lizard Tail"],"picked":"Sozu"}],"items_purged_floors":[11,20],"is_endless":false,"potions_floor_spawned":[1,5,6,13,14,19],"killed_by":"Centurion and Healer","ascension_level":0}