{"gold_per_floor":[212,212,157,98,45,45,65,94,117,129,129,144,144,171,183,267,279,304,241,241,255,268,302,319,319,319,319],"floor_reached":27,"playtime":981,"items_purged":["Strike_B"],"score":532,"play_id":"f3ef1df7-1670-4190-a012-3f3105832c94","local_time":"20181117165942","is_ascension_mode":true,"campfire_choices":[{"data":"Zap","floor":6.0,"key":"SMITH"},{"data":"Dualcast","floor":11.0,"key":"SMITH"},{"data":"Melter","floor":13.0,"key":"SMITH"},{"data":"Melter","floor":15.0,"key":"SMITH"},{"floor":25,"key":"REST"}],"neow_cost":"NONE","seed_source_timestamp":248048516535581,"circlet_count":0,"master_deck":["AscendersBane","Strike_B","Strike_B","Defend_B","Defend_B","Defend_B","Defend_B","Zap+1","Dualcast+1","Glacier","Melter+1","Melter+1","Coolheaded","Auto Shields","Rainbow","Coolheaded","Sweeping Beam","Defragment","Sweeping Beam","Chill","Cold Snap","Conserve Battery","Chill"],"special_seed":0,"relics":["Cracked Core","DataDisk","Mercury Hourglass","Bronze Scales","MawBank","Runic Pyramid","Dream Catcher"],"potions_floor_usage":[23,27],"damage_taken":[{"damage":1.0,"enemies":"2 Louse","floor":1.0,"turns":4.0},{"damage":0.0,"enemies":"Cultist","floor":7.0,"turns":4.0},{"damage":9.0,"enemies":"3 Sentries","floor":8.0,"turns":7.0},{"damage":0.0,"enemies":"Small Slimes","floor":10.0,"turns":2.0},{"damage":26.0,"enemies":"Exordium Thugs","floor":12.0,"turns":2.0},{"damage":0.0,"enemies":"Lagavulin","floor":14.0,"turns":5.0},{"damage":10.0,"enemies":"Hexaghost","floor":16.0,"turns":9.0},{"damage":9.0,"enemies":"2 Thieves","floor":18.0,"turns":4.0},{"damage":8,"enemies":"Shell Parasite","floor":21,"turns":4},{"damage":0,"enemies":"Sentry and Sphere","floor":22,"turns":2},{"damage":24,"enemies":"Gremlin Leader","floor":23,"turns":5},{"damage":2,"enemies":"Snecko","floor":24,"turns":5},{"damage":53,"enemies":"Book of Stabbing","floor":27,"turns":5}],"seed_played":"-2522012817727413957","potions_obtained":[{"floor":12.0,"key":"Explosive Potion"},{"floor":16.0,"key":"Regen Potion"},{"floor":21,"key":"Ancient Potion"},{"floor":24,"key":"Explosive Potion"}],"is_trial":false,"path_per_floor":["M","?","$","?","$","R","M","E","T","M","R","M","R","E","R","B",null,"M","$","?","M","M","E","M","R","T","E"],"character_chosen":"DEFECT","items_purchased":["Fire Potion","Block Potion"],"campfire_rested":1,"item_purchase_floors":[3,5],"current_hp_per_floor":[63,63,63,63,63,63,63,54,54,54,54,28,28,28,28,18,58,61,61,61,53,53,29,27,48,48,0],"gold":319,"neow_bonus":"HUNDRED_GOLD","is_prod":false,"is_daily":false,"chose_seed":false,"campfire_upgraded":4,"win_rate":0,"timestamp":1542491982,"path_taken":["M","?","?","?","$","R","M","E","T","?","R","M","R","E","R","BOSS","M","$","?","M","?","E","M","R","T","E"],"build_version":"2018-11-15","purchased_purges":1,"victory":false,"max_hp_per_floor":[71,71,71,71,71,71,71,71,71,71,71,71,71,71,71,71,71,71,71,71,71,71,71,71,71,71,71],"card_choices":[{"not_picked":["Redo","Consume"],"picked":"Glacier","floor":1.0},{"not_picked":["Cold Snap","Gash"],"picked":"Melter","floor":7.0},{"not_picked":["Fusion","Compile Driver"],"picked":"Melter","floor":8.0},{"not_picked":["Conserve Battery","White Noise"],"picked":"Coolheaded","floor":10.0},{"not_picked":["Barrage","Turbo","Gash"],"picked":"SKIP","floor":12.0},{"not_picked":["Scrape","Hello World"],"picked":"Auto Shields","floor":14.0},{"not_picked":["Machine Learning","Hyperbeam"],"picked":"Rainbow","floor":16.0},{"not_picked":["Turbo","Streamline+1"],"picked":"Coolheaded","floor":18.0},{"not_picked":["Compile Driver","Static Discharge"],"picked":"Sweeping Beam","floor":21},{"not_picked":["Turbo","Rebound"],"picked":"Chill","floor":22},{"not_picked":["Steam","Leap"],"picked":"Cold Snap","floor":23},{"not_picked":["Leap","Turbo"],"picked":"Conserve Battery","floor":24},{"not_picked":["Heatsinks","Gash"],"picked":"Chill","floor":25}],"player_experience":878735,"relics_obtained":[{"floor":8.0,"key":"Mercury Hourglass"},{"floor":9.0,"key":"Bronze Scales"},{"floor":14.0,"key":"MawBank"},{"floor":23,"key":"Dream Catcher"}],"event_choices":[{"cards_removed":["Strike_B"],"damage_healed":0.0,"max_hp_gain":0.0,"max_hp_loss":0.0,"gold_gain":0.0,"event_name":"Wheel of Change","player_choice":"Card Removal","floor":2.0,"gold_loss":0.0,"damage_taken":0.0},{"damage_healed":0.0,"max_hp_gain":0.0,"max_hp_loss":0.0,"gold_gain":0.0,"event_name":"WeMeetAgain","player_choice":"Paid Gold","floor":4.0,"gold_loss":59.0,"damage_taken":0.0,"relics_obtained":["DataDisk"]},{"damage_healed":0,"gold_gain":0,"player_choice":"2 cards matched","damage_taken":0,"max_hp_gain":0,"max_hp_loss":0,"event_name":"Match and Keep!","floor":20,"gold_loss":0,"cards_obtained":["Sweeping Beam","Defragment"]}],"is_beta":true,"boss_relics":[{"not_picked":["FrozenCore","Empty Cage"],"picked":"Runic Pyramid"}],"items_purged_floors":[19],"is_endless":false,"potions_floor_spawned":[7,12,16,21,24],"killed_by":"Book of Stabbing","ascension_level":20}