{"path_per_floor":["M","M","$","M","M","R","M","?","T","R","$","M","R","T","R","B",null,"M","M","?","?","?","R"],"character_chosen":"THE_SILENT","items_purchased":[],"gold_per_floor":[114,134,59,76,89,89,100,100,100,100,0,11,11,11,11,112,112,100,118,18,18,18,18],"floor_reached":24,"campfire_rested":1,"playtime":1681,"current_hp_per_floor":[63,63,63,63,59,59,53,41,41,41,41,39,39,39,39,6,63,45,25,25,25,25,38],"items_purged":["Strike_G","Survivor"],"gold":18,"play_id":"2edf4290-42f1-4561-8f13-ac7ba1ea10cf","is_prod":false,"is_daily":false,"campfire_rituals":0,"campfire_upgraded":3,"is_hardmode":false,"path_taken":["M","M","$","M","M","R","M","?","T","R","$","M","R","?","R","BOSS","M","M","?","?","?","R","E"],"build_version":"2018-01-11-PROD2","purchased_purges":2,"victory":false,"master_deck":["Defend_G","Defend_G","Defend_G","Defend_G","Defend_G","Neutralize","Underhanded Strike","Infinite Blades","Infinite Blades","Prepared","Backstab","Doppelganger","Underhanded Strike","J.A.X.","Bite_G","Bite_G","Bite_G","Bite_G","Bite_G"],"max_hp_per_floor":[63,63,63,63,63,63,63,63,63,63,63,63,63,63,63,63,63,63,63,63,44,44,44],"relics":["Ring of the Snake","Tingsha","Peace Pipe","Black Star"],"campfire_meditates":0,"card_choices":[{"not_picked":["Dagger Spray","Slice"],"picked":"Underhanded Strike"},{"not_picked":["Outmaneuver","Dagger Spray"],"picked":"Infinite Blades"},{"not_picked":["Terror","Crippling Poison"],"picked":"Infinite Blades"},{"not_picked":["Quick Slash","Deadly Poison"],"picked":"Prepared"},{"not_picked":["Dagger Spray","Bouncing Flask"],"picked":"Backstab"},{"not_picked":["Phantasmal Killer","Corpse Explosion"],"picked":"Doppelganger"},{"not_picked":["Deflect","Doppelganger"],"picked":"Underhanded Strike"}],"player_experience":52557,"potions_floor_usage":[16],"damage_taken":[{"damage":0,"enemies":"Small Slimes","floor":1,"turns":4},{"damage":0,"enemies":"Cultist","floor":2,"turns":3},{"damage":0,"enemies":"2 Louse","floor":4,"turns":4},{"damage":4,"enemies":"Red Slaver","floor":5,"turns":5},{"damage":6,"enemies":"3 Louse","floor":7,"turns":3},{"damage":2,"enemies":"Looter","floor":12,"turns":3},{"damage":33,"enemies":"Slime Boss","floor":16,"turns":13},{"damage":18,"enemies":"2 Thieves","floor":18,"turns":4},{"damage":20,"enemies":"Spheric Guardian","floor":19,"turns":4},{"damage":70,"enemies":"Gremlin Leader","floor":24,"turns":9}],"event_choices":[{"event_name":"Shining Light","player_choice":"Entered Light","floor":8,"damage_taken":0},{"event_name":"Drug Dealer","player_choice":"Got JAXXED","floor":20,"damage_taken":0},{"event_name":"Vampires","player_choice":"Became a vampire","floor":21,"damage_taken":0},{"event_name":"The Mausoleum","player_choice":"No","floor":22,"damage_taken":0}],"boss_relics":[{"not_picked":["Eternal Feather","Philosopher\u0027s Stone"],"picked":"Black Star"}],"potions_floor_spawned":[7,19],"seed_played":"7663203979077765061","killed_by":"Gremlin Leader","is_trial":false}