{"gold_per_floor":[114,130,40,40,54,54,88,88,88,115,115,190,210,221,221,295,295,265,281,281,281,164,164,164],"floor_reached":24,"playtime":896,"items_purged":["Writhe"],"score":408,"play_id":"3a115490-4e0d-4d55-9779-c7b5a2a09718","local_time":"20190307091345","is_ascension_mode":true,"campfire_choices":[{"data":"Neutralize","floor":6,"key":"SMITH"},{"data":"Footwork","floor":8,"key":"SMITH"},{"floor":11,"key":"REST"},{"data":"Poisoned Stab","floor":15,"key":"SMITH"},{"floor":23,"key":"REST"}],"neow_cost":"NONE","seed_source_timestamp":23620792219528,"circlet_count":0,"master_deck":["AscendersBane","Defend_G","Defend_G","Defend_G","Defend_G","Defend_G","Strike_G","Strike_G","Strike_G","Survivor","Neutralize+1","Dagger Spray","Quick Slash","Footwork+1","Poisoned Stab+1","Die Die Die","Adrenaline","Blur","Infinite Blades","A Thousand Cuts","Cloak And Dagger","Footwork"],"relics":["Empty Cage","Gremlin Horn","Pantograph","Sozu","Orichalcum","Enchiridion"],"potions_floor_usage":[16,16],"damage_taken":[{"damage":4,"enemies":"Jaw Worm","floor":1,"turns":10},{"damage":2,"enemies":"2 Louse","floor":2,"turns":5},{"damage":2,"enemies":"Small Slimes","floor":5,"turns":4},{"damage":31,"enemies":"3 Sentries","floor":7,"turns":15},{"damage":13,"enemies":"Lagavulin","floor":10,"turns":9},{"damage":0,"enemies":"2 Fungi Beasts","floor":13,"turns":2},{"damage":3,"enemies":"Looter","floor":14,"turns":3},{"damage":35,"enemies":"Slime Boss","floor":16,"turns":17},{"damage":12,"enemies":"2 Thieves","floor":18,"turns":4},{"damage":17,"enemies":"Shell Parasite","floor":19,"turns":7},{"damage":33,"enemies":"Slavers","floor":24,"turns":3}],"seed_played":"-5886200300732413513","potions_obtained":[{"floor":5,"key":"GhostInAJar"},{"floor":7,"key":"Block Potion"},{"floor":10,"key":"Explosive Potion"}],"is_trial":false,"path_per_floor":["M","M","$","?","M","R","E","R","T","E","R","?","M","M","R","B",null,"M","M","?","?","$","R","E"],"character_chosen":"THE_SILENT","items_purchased":["Footwork","Footwork"],"campfire_rested":2,"item_purchase_floors":[3,22],"current_hp_per_floor":[55,53,53,58,56,56,25,25,25,12,33,22,22,19,19,9,56,44,27,27,6,6,27,0],"gold":164,"neow_bonus":"BOSS_RELIC","is_prod":false,"is_daily":false,"chose_seed":false,"campfire_upgraded":3,"win_rate":0,"timestamp":1551968025,"path_taken":["M","M","$","?","M","R","E","R","T","E","R","?","M","M","R","BOSS","M","M","?","?","$","R","E"],"build_version":"2019-02-06","purchased_purges":1,"victory":false,"max_hp_per_floor":[66,66,66,71,71,71,71,71,71,71,71,71,71,71,71,71,71,71,71,71,71,71,71,71],"card_choices":[{"not_picked":["Endless Agony","Deadly Poison"],"picked":"Dagger Spray","floor":1},{"not_picked":["Underhanded Strike","Quick Slash","Finisher"],"picked":"SKIP","floor":2},{"not_picked":["Underhanded Strike","Finisher"],"picked":"Quick Slash","floor":2},{"not_picked":["Dodge and Roll","Cloak And Dagger"],"picked":"Poisoned Stab","floor":5},{"not_picked":["Flying Knee","Outmaneuver"],"picked":"Die Die Die","floor":7},{"not_picked":["Terror","Deflect"],"picked":"Adrenaline","floor":10},{"not_picked":["Deflect","Concentrate"],"picked":"Blur","floor":13},{"not_picked":["Accuracy","Masterful Stab"],"picked":"Infinite Blades","floor":14},{"not_picked":["Tools of the Trade","Phantasmal Killer"],"picked":"A Thousand Cuts","floor":16},{"not_picked":["Distraction","Dodge and Roll"],"picked":"Cloak And Dagger","floor":18},{"not_picked":["Choke","Slice","Flying Knee"],"picked":"SKIP","floor":19}],"player_experience":1059504,"relics_obtained":[{"floor":7,"key":"Gremlin Horn"},{"floor":10,"key":"Pantograph"},{"floor":21,"key":"Enchiridion"}],"event_choices":[{"damage_healed":0,"gold_gain":0,"player_choice":"Donut","damage_taken":0,"max_hp_gain":5,"max_hp_loss":0,"event_name":"Big Fish","floor":4,"gold_loss":0},{"damage_healed":0,"gold_gain":75,"player_choice":"Gather Gold","damage_taken":11,"max_hp_gain":0,"max_hp_loss":0,"event_name":"World of Goop","floor":12,"gold_loss":0},{"damage_healed":0,"gold_gain":0,"player_choice":"Opened","damage_taken":0,"relics_obtained":["Orichalcum"],"max_hp_gain":0,"max_hp_loss":0,"event_name":"The Mausoleum","floor":20,"gold_loss":0,"cards_obtained":["Writhe"]},{"damage_healed":0,"gold_gain":0,"player_choice":"Obtained Book","damage_taken":21,"max_hp_gain":0,"max_hp_loss":0,"event_name":"Cursed Tome","floor":21,"gold_loss":0}],"is_beta":true,"boss_relics":[{"not_picked":["Ectoplasm","Eternal Feather"],"picked":"Sozu"}],"items_purged_floors":[22],"is_endless":false,"potions_floor_spawned":[5,7,10,13,14,18],"killed_by":"Slavers","ascension_level":20}