{"gold_per_floor":[112,92,110,120,120,120,120,120,145,172,190,221,221,240,240,312,312,326,345,360,410,410,410,435,435,459,459,13,13,13,43,43,118,118,128,128,147,161,0,0,11,40,40,40,56,56,74,103,103,103],"floor_reached":51,"playtime":3539,"items_purged":["Strike_G"],"score":1560,"play_id":"554b57e3-6743-435e-8eb7-26e545cbed8b","local_time":"20190312045324","is_ascension_mode":true,"campfire_choices":[{"data":"1","floor":6,"key":"LIFT"},{"data":"2","floor":8,"key":"LIFT"},{"data":"3","floor":13,"key":"LIFT"},{"floor":15,"key":"REST"},{"data":"After Image","floor":23,"key":"SMITH"},{"data":"Ghostly","floor":25,"key":"SMITH"},{"data":"Ghostly","floor":27,"key":"SMITH"},{"data":"Ghostly","floor":32,"key":"SMITH"},{"data":"Burst","floor":40,"key":"SMITH"},{"floor":44,"key":"REST"},{"data":"Infinite Blades","floor":49,"key":"SMITH"}],"neow_cost":"PERCENT_DAMAGE","seed_source_timestamp":247970337972045,"circlet_count":0,"master_deck":["AscendersBane","Defend_G","Defend_G","Defend_G+1","Defend_G","Defend_G","Strike_G+1","Strike_G+1","Survivor+1","Neutralize+1","Blade Dance","Slice","Terror","Poisoned Stab+1","Venomology","After Image+1","Backstab+1","Adrenaline","Well Laid Plans","Dagger Throw+1","PiercingWail+1","Ghostly+1","Ghostly+1","Ghostly+1","Infinite Blades+1","Dramatic Entrance+1","Riddle With Holes+1","Bane+1","Envenom","Burst+1","Well Laid Plans","Footwork+1","PiercingWail"],"relics":["Ring of the Serpent","Girya","Molten Egg 2","Whetstone","Vajra","Bronze Scales","Black Star","War Paint","Ancient Tea Set","Regal Pillow","Mummified Hand","Shuriken","Meat on the Bone","Red Mask","Singing Bowl","Blue Candle","Gremlin Horn","Darkstone Periapt","Bag of Marbles"],"potions_floor_usage":[3,10,16,16,16,16,24,24,33,33,37,38,41,42,50,50],"damage_taken":[{"damage":3,"enemies":"Jaw Worm","floor":1,"turns":5},{"damage":0,"enemies":"Cultist","floor":3,"turns":4},{"damage":5,"enemies":"2 Louse","floor":4,"turns":3},{"damage":12,"enemies":"Lagavulin","floor":10,"turns":5},{"damage":0,"enemies":"Large Slime","floor":11,"turns":3},{"damage":16,"enemies":"Gremlin Nob","floor":12,"turns":3},{"damage":4,"enemies":"Exordium Wildlife","floor":14,"turns":4},{"damage":0,"enemies":"Slime Boss","floor":16,"turns":4},{"damage":0,"enemies":"Spheric Guardian","floor":18,"turns":3},{"damage":12,"enemies":"Chosen","floor":19,"turns":2},{"damage":31,"enemies":"Shelled Parasite and Fungi","floor":20,"turns":4},{"damage":25,"enemies":"Slavers","floor":24,"turns":8},{"damage":2,"enemies":"Gremlin Leader","floor":31,"turns":5},{"damage":0,"enemies":"Collector","floor":33,"turns":6},{"damage":0,"enemies":"3 Shapes","floor":35,"turns":4},{"damage":0,"enemies":"3 Darklings","floor":37,"turns":5},{"damage":12,"enemies":"Spire Growth","floor":38,"turns":5},{"damage":0,"enemies":"Jaw Worm Horde","floor":41,"turns":4},{"damage":0,"enemies":"Giant Head","floor":42,"turns":7},{"damage":5,"enemies":"Maw","floor":45,"turns":5},{"damage":3,"enemies":"4 Shapes","floor":47,"turns":5},{"damage":0,"enemies":"Reptomancer","floor":48,"turns":5},{"damage":7,"enemies":"Donu and Deca","floor":50,"turns":7}],"seed_played":"-5541733984959494078","potions_obtained":[{"floor":2,"key":"Fruit Juice"},{"floor":3,"key":"Regen Potion"},{"floor":14,"key":"Fire Potion"},{"floor":20,"key":"Regen Potion"},{"floor":31,"key":"SkillPotion"},{"floor":33,"key":"SpeedPotion"}],"is_trial":false,"path_per_floor":["M","?","M","M","?","R","T","R","T","E","M","E","R","M","R","B",null,"M","M","M","?","?","R","E","R","T","R","$","?","?","E","R","B",null,"M","$","M","M","?","R","M","E","T","R","M","?","M","E","R","B",null],"character_chosen":"THE_SILENT","items_purchased":["Mummified Hand","Dramatic Entrance+1"],"campfire_rested":2,"item_purchase_floors":[28,28],"current_hp_per_floor":[41,41,46,41,41,41,41,41,41,43,43,27,27,23,44,44,64,64,52,21,21,21,21,35,35,35,35,35,35,35,33,33,33,35,35,35,35,23,23,23,23,25,25,37,34,34,33,35,35,28],"gold":103,"neow_bonus":"ONE_RARE_RELIC","is_prod":false,"is_daily":false,"chose_seed":false,"campfire_upgraded":6,"win_rate":0,"timestamp":1552380804,"path_taken":["M","?","M","?","?","R","?","R","T","E","M","E","R","?","R","BOSS","M","M","M","?","?","R","E","R","T","R","$","?","?","E","R","BOSS","M","$","M","M","?","R","M","E","T","R","M","?","M","E","R","BOSS"],"build_version":"2019-02-06","purchased_purges":1,"victory":true,"max_hp_per_floor":[66,66,71,71,71,71,71,71,71,71,71,71,71,71,71,71,71,71,71,71,71,35,35,35,35,35,35,35,35,35,35,35,35,35,35,35,35,35,35,35,35,37,37,37,39,37,39,41,41,41],"card_choices":[{"not_picked":["Backflip","Choke"],"picked":"Blade Dance","floor":1},{"not_picked":["Sucker Punch","PiercingWail"],"picked":"Slice","floor":3},{"not_picked":["Bane","Slice"],"picked":"Terror","floor":4},{"not_picked":["Outmaneuver","Distraction"],"picked":"Poisoned Stab+1","floor":10},{"not_picked":["Slice+1","Underhanded Strike+1"],"picked":"Venomology","floor":11},{"not_picked":["Riddle With Holes+1","Backflip"],"picked":"After Image","floor":12},{"not_picked":["Cloak And Dagger","Leg Sweep"],"picked":"Backstab+1","floor":14},{"not_picked":["Storm of Steel","Phantasmal Killer"],"picked":"Adrenaline","floor":16},{"not_picked":["Heel Hook+1","Quick Slash+1"],"picked":"Well Laid Plans","floor":18},{"not_picked":["Dodge and Roll","Poisoned Stab+1"],"picked":"Dagger Throw+1","floor":19},{"not_picked":["Choke+1","Finisher+1"],"picked":"PiercingWail+1","floor":20},{"not_picked":["Caltrops+1","Concentrate"],"picked":"Infinite Blades","floor":24},{"not_picked":["Glass Knife+1","Slice+1","Expertise"],"picked":"SKIP","floor":31},{"not_picked":["Venomology","Wraith Form v2"],"picked":"Burst","floor":33},{"not_picked":["Infinite Blades","Poisoned Stab+1"],"picked":"Well Laid Plans","floor":35},{"not_picked":["Deadly Poison","Blade Dance","Well Laid Plans"],"picked":"SKIP","floor":37},{"not_picked":["Prepared","Underhanded Strike+1"],"picked":"Footwork+1","floor":38},{"not_picked":["Dodge and Roll+1","Deadly Poison+1"],"picked":"PiercingWail","floor":41},{"not_picked":["Dagger Spray+1","Choke+1","Well Laid Plans"],"picked":"Singing Bowl","floor":42},{"not_picked":["Heel Hook+1","PiercingWail","Dagger Spray+1"],"picked":"Singing Bowl","floor":45},{"not_picked":["Backstab+1","All Out Attack+1","Dodge and Roll"],"picked":"Singing Bowl","floor":47},{"not_picked":["Deflect+1","Dodge and Roll","Reflex"],"picked":"Singing Bowl","floor":48}],"player_experience":478597,"relics_obtained":[{"floor":7,"key":"Molten Egg 2"},{"floor":9,"key":"Whetstone"},{"floor":10,"key":"Vajra"},{"floor":12,"key":"Bronze Scales"},{"floor":24,"key":"War Paint"},{"floor":24,"key":"Ancient Tea Set"},{"floor":26,"key":"Regal Pillow"},{"floor":31,"key":"Shuriken"},{"floor":31,"key":"Meat on the Bone"},{"floor":42,"key":"Singing Bowl"},{"floor":42,"key":"Blue Candle"},{"floor":43,"key":"Gremlin Horn"},{"floor":48,"key":"Darkstone Periapt"},{"floor":48,"key":"Bag of Marbles"}],"event_choices":[{"damage_healed":0,"gold_gain":0,"player_choice":"Bought 1 Potion","damage_taken":0,"max_hp_gain":0,"max_hp_loss":0,"event_name":"The Woman in Blue","floor":2,"gold_loss":0},{"damage_healed":0,"gold_gain":0,"player_choice":"Grow","damage_taken":0,"max_hp_gain":0,"max_hp_loss":0,"event_name":"Living Wall","floor":5,"gold_loss":0,"cards_upgraded":["Neutralize"]},{"damage_healed":0,"gold_gain":50,"player_choice":"Stole From Cult","damage_taken":0,"max_hp_gain":0,"max_hp_loss":0,"event_name":"Nest","floor":21,"gold_loss":0},{"damage_healed":0,"gold_gain":0,"player_choice":"Became a Ghost","damage_taken":0,"max_hp_gain":0,"max_hp_loss":36,"event_name":"Ghosts","floor":22,"gold_loss":0,"cards_obtained":["Ghostly","Ghostly","Ghostly"]},{"damage_healed":0,"gold_gain":0,"player_choice":"Read","damage_taken":0,"max_hp_gain":0,"max_hp_loss":0,"event_name":"The Library","floor":29,"gold_loss":0,"cards_obtained":["Riddle With Holes"]},{"damage_healed":0,"gold_gain":0,"cards_transformed":["Strike_G","Strike_G"],"player_choice":"Became Test Subject","damage_taken":0,"max_hp_gain":0,"max_hp_loss":0,"event_name":"Drug Dealer","floor":30,"gold_loss":0,"cards_obtained":["Bane","Envenom"]},{"damage_healed":0,"gold_gain":0,"player_choice":"Paid","damage_taken":0,"relics_obtained":["Red Mask"],"max_hp_gain":0,"max_hp_loss":0,"event_name":"Tomb of Lord Red Mask","floor":39,"gold_loss":161},{"damage_healed":0,"gold_gain":0,"player_choice":"Max HP","damage_taken":0,"max_hp_gain":0,"max_hp_loss":2,"event_name":"Winding Halls","floor":46,"gold_loss":0}],"is_beta":true,"boss_relics":[{"not_picked":["White Beast Statue","Pandora\u0027s Box"],"picked":"Black Star"},{"not_picked":["Snecko Eye","Astrolabe"],"picked":"Ring of the Serpent"}],"items_purged_floors":[28],"is_endless":false,"potions_floor_spawned":[3,14,18,20,31,33,42,47,48],"ascension_level":16}