{"gold_per_floor":[119,119,119,136,156,167,15,50,50,50,60,60,71,71,71,71],"floor_reached":16,"playtime":596,"items_purged":[],"score":102,"play_id":"0467c475-0bf5-4693-98f3-2b39cf05006c","local_time":"20190127082220","is_ascension_mode":false,"campfire_choices":[{"data":"Neutralize","floor":10,"key":"SMITH"},{"floor":12,"key":"REST"},{"floor":15,"key":"REST"}],"neow_cost":"NONE","seed_source_timestamp":5007418193533,"circlet_count":0,"master_deck":["Defend_G","Defend_G","Defend_G","Defend_G","Strike_G","Strike_G","Strike_G","Strike_G","Strike_G","Survivor","Neutralize+1","Blur","Infinite Blades","Backstab","Backstab"],"relics":["Ring of the Snake","NeowsBlessing","Singing Bowl","Pen Nib","Pantograph","Bottled Flame"],"potions_floor_usage":[6,13],"damage_taken":[{"damage":0,"enemies":"Jaw Worm","floor":1,"turns":1},{"damage":0,"enemies":"Cultist","floor":4,"turns":1},{"damage":0,"enemies":"2 Louse","floor":5,"turns":1},{"damage":4,"enemies":"Large Slime","floor":6,"turns":9},{"damage":51,"enemies":"Lagavulin","floor":8,"turns":11},{"damage":3,"enemies":"Exordium Wildlife","floor":11,"turns":6},{"damage":1,"enemies":"2 Fungi Beasts","floor":13,"turns":4},{"damage":78,"enemies":"Hexaghost","floor":16,"turns":16}],"seed_played":"-2994771785968699811","potions_obtained":[{"floor":4,"key":"Dexterity Potion"},{"floor":11,"key":"Regen Potion"}],"is_trial":false,"path_per_floor":["M","?","?","M","M","M","$","E","T","R","M","R","M","?","R","B"],"character_chosen":"THE_SILENT","items_purchased":["Pen Nib"],"campfire_rested":2,"item_purchase_floors":[7],"current_hp_per_floor":[70,67,67,69,71,69,69,18,18,18,15,37,48,48,70,0],"gold":71,"neow_bonus":"THREE_ENEMY_KILL","is_prod":false,"is_daily":false,"chose_seed":false,"campfire_upgraded":1,"win_rate":0,"timestamp":1548606140,"path_taken":["M","?","?","M","M","?","$","E","T","R","M","R","M","?","R","BOSS"],"build_version":"2019-01-23","purchased_purges":0,"victory":false,"max_hp_per_floor":[70,70,70,72,74,76,76,76,76,76,76,76,76,76,76,76],"card_choices":[{"not_picked":["Deadly Poison","Quick Slash","Dagger Throw"],"picked":"SKIP","floor":1},{"not_picked":["Tactician","Blur","Outmaneuver"],"picked":"Singing Bowl","floor":4},{"not_picked":["Distraction","Riddle With Holes","Blur"],"picked":"Singing Bowl","floor":5},{"not_picked":["PiercingWail","Flechettes","Deadly Poison"],"picked":"Singing Bowl","floor":6},{"not_picked":["Outmaneuver","Blur"],"picked":"Infinite Blades","floor":8},{"not_picked":["Dagger Throw","Acrobatics"],"picked":"Backstab","floor":11},{"not_picked":["Backflip","Venomology"],"picked":"Backstab","floor":13}],"player_experience":200785,"relics_obtained":[{"floor":8,"key":"Pantograph"},{"floor":9,"key":"Bottled Flame"}],"event_choices":[{"damage_healed":0,"gold_gain":0,"player_choice":"Success","damage_taken":3,"relics_obtained":["Singing Bowl"],"max_hp_gain":0,"max_hp_loss":0,"event_name":"Scrap Ooze","floor":2,"gold_loss":0},{"damage_healed":0,"gold_gain":0,"cards_transformed":["Defend_G"],"player_choice":"Transformed","damage_taken":0,"max_hp_gain":0,"max_hp_loss":0,"event_name":"Transmorgrifier","floor":3,"gold_loss":0,"cards_obtained":["Blur"]},{"damage_healed":0,"gold_gain":0,"player_choice":"Ignored","damage_taken":0,"max_hp_gain":0,"max_hp_loss":0,"event_name":"Shining Light","floor":14,"gold_loss":0}],"is_beta":false,"boss_relics":[],"items_purged_floors":[],"is_endless":false,"potions_floor_spawned":[4,11],"killed_by":"Hexaghost","ascension_level":0}