{"gold_per_floor":[118,134,154,154,170,200,200,234,234,267,278,296,296,25,25,99,99,118,118,136,155,155,155,180,180,228,228,228,143,160,177,177,177],"floor_reached":33,"playtime":1901,"items_purged":["Strike_B"],"score":556,"play_id":"058760c3-d971-4d95-9dc6-aa8b36d784d4","local_time":"20181030002952","is_ascension_mode":true,"campfire_choices":[{"floor":7,"key":"REST"},{"data":"Zap","floor":13,"key":"SMITH"},{"floor":15,"key":"REST"},{"floor":23,"key":"REST"},{"floor":25,"key":"REST"},{"floor":27,"key":"RECALL"},{"data":"Capacitor","floor":32,"key":"SMITH"}],"neow_cost":"NONE","seed_source_timestamp":1574746716971611,"circlet_count":0,"master_deck":["Defend_B","Defend_B","Defend_B","Defend_B","Zap+1","Dualcast","AscendersBane","Doom and Gloom","Hologram","Undo","Hologram","Core Surge","Sweeping Beam","BootSequence","Go for the Eyes","Electrodynamics","Undo","Cold Snap","Melter","Bite","Bite","Bite","Bite","Bite","Glacier","Conserve Battery","Capacitor+1"],"relics":["Cracked Core","Darkstone Periapt","Smiling Mask","Ginger","Membership Card","Snecko Eye","Boot","PreservedInsect","Oddly Smooth Stone"],"potions_floor_usage":[5,6,8,8,10,11,16,24,24],"damage_taken":[{"damage":1,"enemies":"Cultist","floor":1,"turns":3},{"damage":3,"enemies":"2 Louse","floor":2,"turns":2},{"damage":6,"enemies":"Jaw Worm","floor":3,"turns":3},{"damage":1,"enemies":"3 Louse","floor":5,"turns":5},{"damage":17,"enemies":"Lagavulin","floor":6,"turns":7},{"damage":27,"enemies":"3 Sentries","floor":8,"turns":11},{"damage":1,"enemies":"Lagavulin","floor":10,"turns":9},{"damage":0,"enemies":"Exordium Thugs","floor":11,"turns":4},{"damage":0,"enemies":"2 Fungi Beasts","floor":12,"turns":2},{"damage":25,"enemies":"Slime Boss","floor":16,"turns":8},{"damage":25,"enemies":"Shell Parasite","floor":18,"turns":7},{"damage":4,"enemies":"2 Thieves","floor":20,"turns":3},{"damage":9,"enemies":"Chosen and Byrds","floor":21,"turns":5},{"damage":27,"enemies":"Slavers","floor":24,"turns":3},{"damage":0,"enemies":"Sentry and Sphere","floor":30,"turns":3},{"damage":1,"enemies":"Centurion and Healer","floor":31,"turns":11},{"damage":68,"enemies":"Champ","floor":33,"turns":15}],"seed_played":"3293721806046473690","potions_obtained":[{"floor":0,"key":"Strength Potion"},{"floor":0,"key":"EntropicBrew"},{"floor":5,"key":"FocusPotion"},{"floor":8,"key":"Dexterity Potion"},{"floor":10,"key":"Poison Potion"},{"floor":11,"key":"SpeedPotion"},{"floor":12,"key":"Poison Potion"},{"floor":21,"key":"GamblersBrew"},{"floor":24,"key":"FearPotion"}],"is_trial":false,"path_per_floor":["M","M","M","?","M","E","R","E","T","E","M","M","R","$","R","B",null,"M","?","M","M","?","R","E","R","T","R","?","?","M","M","R"],"character_chosen":"DEFECT","items_purchased":["Membership Card"],"campfire_rested":4,"item_purchase_floors":[14],"current_hp_per_floor":[63,60,54,54,53,36,57,30,30,29,29,29,29,29,50,25,60,35,35,31,22,22,36,15,29,29,29,29,29,35,49,49,0],"gold":177,"neow_bonus":"THREE_SMALL_POTIONS","is_prod":false,"is_daily":false,"chose_seed":false,"campfire_upgraded":2,"win_rate":0,"timestamp":1540873792,"path_taken":["M","M","?","?","M","E","R","E","T","E","M","M","R","?","R","BOSS","M","?","M","M","?","R","E","R","T","R","?","?","M","?","R","BOSS"],"build_version":"2018-10-29v2","purchased_purges":1,"victory":false,"max_hp_per_floor":[71,71,71,71,71,71,71,71,71,71,71,71,71,71,71,71,71,71,71,71,71,49,49,49,49,49,49,49,49,49,49,49,49],"card_choices":[{"not_picked":["Steam","Beam Cell"],"picked":"Doom and Gloom","floor":1},{"not_picked":["Redo","Storm"],"picked":"Hologram","floor":2},{"not_picked":["Heatsinks","Barrage"],"picked":"Undo","floor":3},{"not_picked":["Redo","Lockon"],"picked":"Hologram","floor":5},{"not_picked":["Stack","Gash"],"picked":"Core Surge","floor":6},{"not_picked":["Turbo","Rip and Tear"],"picked":"Sweeping Beam","floor":8},{"not_picked":["Self Repair","Ball Lightning"],"picked":"BootSequence","floor":10},{"not_picked":["Streamline","Aggregate","Hologram"],"picked":"SKIP","floor":11},{"not_picked":["Scrape","Leap"],"picked":"Go for the Eyes","floor":12},{"not_picked":["Fission","Machine Learning"],"picked":"Electrodynamics","floor":16},{"not_picked":["Go for the Eyes","Turbo"],"picked":"Undo","floor":18},{"not_picked":["Go for the Eyes","Barrage"],"picked":"Cold Snap","floor":20},{"not_picked":["Streamline","Ball Lightning"],"picked":"Melter","floor":21},{"not_picked":["Aggregate","Leap","Gash"],"picked":"SKIP","floor":24},{"not_picked":["Ball Lightning","Compile Driver"],"picked":"Conserve Battery","floor":30},{"not_picked":["Ball Lightning","Leap"],"picked":"Capacitor","floor":31}],"player_experience":781632,"relics_obtained":[{"floor":6,"key":"Darkstone Periapt"},{"floor":8,"key":"Smiling Mask"},{"floor":10,"key":"Ginger"},{"floor":24,"key":"Boot"},{"floor":26,"key":"PreservedInsect"}],"event_choices":[{"damage_healed":0,"gold_gain":0,"player_choice":"Ignored","damage_taken":0,"max_hp_gain":0,"max_hp_loss":0,"event_name":"Golden Idol","floor":4,"gold_loss":0},{"damage_healed":0,"gold_gain":0,"player_choice":"Ignored","damage_taken":0,"max_hp_gain":0,"max_hp_loss":0,"event_name":"Ghosts","floor":19,"gold_loss":0},{"damage_healed":0,"gold_gain":0,"player_choice":"Became a vampire","damage_taken":0,"max_hp_gain":0,"max_hp_loss":22,"event_name":"Vampires","floor":22,"gold_loss":0,"cards_obtained":["Bite","Bite","Bite","Bite","Bite"]},{"damage_healed":0,"gold_gain":0,"player_choice":"Read","damage_taken":0,"max_hp_gain":0,"max_hp_loss":0,"event_name":"The Library","floor":28,"gold_loss":0,"cards_obtained":["Glacier"]},{"damage_healed":0,"gold_gain":0,"player_choice":"Obtained Relic","damage_taken":0,"relics_obtained":["Oddly Smooth Stone"],"max_hp_gain":0,"max_hp_loss":0,"event_name":"Addict","floor":29,"gold_loss":85}],"is_beta":true,"boss_relics":[{"not_picked":["Ectoplasm","Black Star"],"picked":"Snecko Eye"}],"items_purged_floors":[14],"is_endless":false,"potions_floor_spawned":[5,8,10,11,12,21,24],"killed_by":"Champ","ascension_level":17}