{"gold_per_floor":[113,38,38,53,53,53,87,165,191,191,191,206,206,240,240,366,366,384,29,48,48,63,63,63],"floor_reached":24,"playtime":770,"items_purged":["Strike_R","Strike_R"],"score":286,"play_id":"f10effec-b374-4da2-bab1-7a3a51103300","local_time":"20181109193413","is_ascension_mode":true,"campfire_choices":[{"data":"Pommel Strike","floor":6,"key":"SMITH"},{"floor":11,"key":"REST"},{"data":"Infernal Blade","floor":13,"key":"SMITH"},{"data":"Inflame","floor":15,"key":"SMITH"},{"floor":23,"key":"REST"}],"neow_cost":"NONE","seed_source_timestamp":17710176098249,"circlet_count":0,"master_deck":["Strike_R","Strike_R","Strike_R","Defend_R","Defend_R","Defend_R","Defend_R","Bash+1","Shrug It Off","Pommel Strike+1","Cleave","Inflame+1","Infernal Blade+1","Shrug It Off","Feed","Twin Strike","Ghostly","Ghostly","Ghostly","Ghostly","Ghostly","Uppercut+1"],"relics":["Burning Blood","Golden Idol","Shuriken","PreservedInsect","Art of War","Regal Pillow","Darkstone Periapt","Pantograph","Fusion Hammer","Pear"],"potions_floor_usage":[7,16],"damage_taken":[{"damage":0,"enemies":"Small Slimes","floor":1,"turns":3},{"damage":10,"enemies":"Jaw Worm","floor":4,"turns":4},{"damage":25,"enemies":"3 Sentries","floor":7,"turns":9},{"damage":26,"enemies":"Gremlin Nob","floor":8,"turns":4},{"damage":4,"enemies":"2 Louse","floor":12,"turns":2},{"damage":0,"enemies":"Gremlin Nob","floor":14,"turns":2},{"damage":41,"enemies":"Hexaghost","floor":16,"turns":10},{"damage":12,"enemies":"Chosen","floor":18,"turns":4},{"damage":25,"enemies":"2 Thieves","floor":20,"turns":3},{"damage":2,"enemies":"Snecko","floor":22,"turns":6},{"damage":49,"enemies":"Gremlin Leader","floor":24,"turns":5}],"seed_played":"2508337919879225479","potions_obtained":[{"floor":1,"key":"PowerPotion"},{"floor":8,"key":"FearPotion"},{"floor":14,"key":"Dexterity Potion"}],"is_trial":false,"path_per_floor":["M","$","?","M","T","R","E","?","T","?","R","M","R","E","R","B",null,"M","$","M","?","M","R","E"],"character_chosen":"IRONCLAD","items_purchased":["Pear"],"campfire_rested":2,"item_purchase_floors":[19],"current_hp_per_floor":[80,80,60,56,56,56,37,17,17,10,49,51,51,57,57,45,80,77,87,71,48,48,48,0],"gold":63,"neow_bonus":"UPGRADE_CARD","is_prod":false,"is_daily":false,"chose_seed":false,"campfire_upgraded":3,"win_rate":0,"timestamp":1541810053,"path_taken":["M","$","?","M","?","R","E","?","T","?","R","M","R","E","R","BOSS","M","$","M","?","M","R","E"],"build_version":"2018-11-08","purchased_purges":2,"victory":false,"max_hp_per_floor":[80,80,80,80,80,80,80,80,80,80,80,80,80,80,80,80,80,83,93,96,48,48,48,48],"card_choices":[{"not_picked":["Shockwave","Flex"],"picked":"Shrug It Off","floor":1},{"not_picked":["Sword Boomerang","Searing Blow"],"picked":"Pommel Strike","floor":4},{"not_picked":["Headbutt","Clothesline"],"picked":"Cleave","floor":7},{"not_picked":["Juggernaut","Fire Breathing"],"picked":"Inflame","floor":8},{"not_picked":["Fire Breathing","Thunderclap"],"picked":"Infernal Blade","floor":12},{"not_picked":["Havoc","Clash"],"picked":"Shrug It Off","floor":14},{"not_picked":["Bludgeon","Brutality"],"picked":"Feed","floor":16},{"not_picked":["Shrug It Off","True Grit"],"picked":"Twin Strike","floor":18},{"not_picked":["Armaments","Wild Strike","Searing Blow"],"picked":"SKIP","floor":20},{"not_picked":["Reckless Charge","Headbutt"],"picked":"Uppercut+1","floor":22}],"player_experience":115941,"relics_obtained":[{"floor":5,"key":"Shuriken"},{"floor":7,"key":"PreservedInsect"},{"floor":8,"key":"Art of War"},{"floor":9,"key":"Regal Pillow"},{"floor":14,"key":"Pantograph"}],"event_choices":[{"damage_healed":0,"gold_gain":0,"player_choice":"Take Damage","damage_taken":20,"relics_obtained":["Golden Idol"],"max_hp_gain":0,"max_hp_loss":0,"event_name":"Golden Idol","floor":3,"gold_loss":0},{"damage_healed":0,"gold_gain":0,"player_choice":"Searched \u00272\u0027 times","damage_taken":0,"max_hp_gain":0,"max_hp_loss":0,"event_name":"Dead Adventurer","floor":8,"gold_loss":0},{"damage_healed":0,"gold_gain":0,"player_choice":"Success","damage_taken":7,"relics_obtained":["Darkstone Periapt"],"max_hp_gain":0,"max_hp_loss":0,"event_name":"Scrap Ooze","floor":10,"gold_loss":0},{"damage_healed":0,"gold_gain":0,"player_choice":"Became a Ghost","damage_taken":0,"max_hp_gain":0,"max_hp_loss":48,"event_name":"Ghosts","floor":21,"gold_loss":0,"cards_obtained":["Ghostly","Ghostly","Ghostly","Ghostly","Ghostly"]}],"is_beta":true,"boss_relics":[{"not_picked":["Pandora\u0027s Box","Ectoplasm"],"picked":"Fusion Hammer"}],"items_purged_floors":[2,19],"is_endless":false,"potions_floor_spawned":[1,8,14],"killed_by":"Gremlin Leader","ascension_level":3}