{"gold_per_floor":[111,31,31,106,160,195,25,63,63,63,81,119,294,315,315,441,441,455,455,455,380,396,439,439,457,507,507,507,521,521,555,555,685,685,710,1043,953,969,988,1018,1018,1028,1098,1098,1116,1216,1216,284,284,284],"floor_reached":50,"playtime":2284,"items_purged":[],"score":653,"play_id":"d718bbc7-6393-476f-8c1d-68e43d03a9b7","local_time":"20190224063323","is_ascension_mode":true,"campfire_choices":[{"data":"Self Repair","floor":10,"key":"SMITH"},{"data":"Redo","floor":15,"key":"SMITH"},{"floor":24,"key":"REST"},{"floor":27,"key":"RECALL"},{"data":"Fission","floor":30,"key":"SMITH"},{"floor":32,"key":"REST"},{"floor":41,"key":"REST"},{"data":"Machine Learning","floor":49,"key":"SMITH"}],"neow_cost":"NONE","seed_source_timestamp":310222123867768,"circlet_count":0,"master_deck":["Strike_B+1","Strike_B+1","Strike_B+1","Strike_B+1","Defend_B+1","Defend_B+1","Defend_B+1","Defend_B+1","Zap+1","Dualcast+1","Melter","Self Repair+1","Storm","Gash","Redo+1","BootSequence","Redo","Go for the Eyes","Beam Cell","Leap","Electrodynamics","Stack+1","Turbo+1","Fission+1","Streamline+1","Chill","All For One","Machine Learning+1","FTL+1","Defragment","Sadistic Nature+1","Bandage Up","Loop+1"],"relics":["FrozenCore","NeowsBlessing","Mummified Hand","War Paint","Dead Branch","Gremlin Horn","Lizard Tail","Enchiridion","Anchor","Orichalcum","Darkstone Periapt","Bag of Preparation","Frozen Egg 2","Nunchaku","Pantograph","Ornamental Fan","Centennial Puzzle","MealTicket"],"potions_floor_usage":[12,18,23,29,31,33,38,40,50],"damage_taken":[{"damage":0,"enemies":"Small Slimes","floor":1,"turns":1},{"damage":0,"enemies":"3 Sentries","floor":6,"turns":1},{"damage":0,"enemies":"Gremlin Nob","floor":8,"turns":1},{"damage":0,"enemies":"2 Louse","floor":11,"turns":2},{"damage":17,"enemies":"Lagavulin","floor":12,"turns":5},{"damage":1,"enemies":"Jaw Worm","floor":14,"turns":2},{"damage":15,"enemies":"Slime Boss","floor":16,"turns":9},{"damage":3,"enemies":"3 Byrds","floor":18,"turns":5},{"damage":0,"enemies":"2 Thieves","floor":22,"turns":3},{"damage":22,"enemies":"Slavers","floor":23,"turns":3},{"damage":0,"enemies":"Snecko","floor":25,"turns":6},{"damage":1,"enemies":"Cultist and Chosen","floor":29,"turns":5},{"damage":26,"enemies":"Gremlin Leader","floor":31,"turns":5},{"damage":38,"enemies":"Champ","floor":33,"turns":13},{"damage":11,"enemies":"3 Darklings","floor":35,"turns":4},{"damage":0,"enemies":"3 Shapes","floor":38,"turns":2},{"damage":0,"enemies":"Jaw Worm Horde","floor":39,"turns":3},{"damage":81,"enemies":"Nemesis","floor":40,"turns":9},{"damage":0,"enemies":"3 Darklings","floor":42,"turns":4},{"damage":15,"enemies":"Writhing Mass","floor":45,"turns":6},{"damage":10,"enemies":"Mind Bloom Boss Battle","floor":46,"turns":4},{"damage":88,"enemies":"Awakened One","floor":50,"turns":9}],"seed_played":"4006721681171868353","potions_obtained":[{"floor":8,"key":"Ancient Potion"},{"floor":14,"key":"Block Potion"},{"floor":22,"key":"Fire Potion"},{"floor":25,"key":"SkillPotion"},{"floor":29,"key":"EssenceOfSteel"},{"floor":31,"key":"EssenceOfSteel"},{"floor":35,"key":"AttackPotion"},{"floor":39,"key":"FearPotion"},{"floor":45,"key":"SpeedPotion"}],"is_trial":false,"path_per_floor":["M","$","?","?","?","E","$","E","T","R","M","E","?","M","R","B",null,"M","?","?","?","M","E","R","M","T","R","?","M","R","E","R","B",null,"M","?","?","M","M","E","R","M","T","?","M","?","T","$","R","B"],"character_chosen":"DEFECT","items_purchased":["Self Repair","Gash","Redo","BootSequence","Sadistic Nature+1","Ornamental Fan","Centennial Puzzle","MealTicket","Bandage Up","Loop+1"],"campfire_rested":3,"item_purchase_floors":[2,7,7,7,48,48,48,48,48,48],"current_hp_per_floor":[75,75,57,46,46,46,46,46,46,46,56,49,49,48,48,43,75,75,75,59,59,59,37,59,69,69,69,69,75,75,59,75,47,75,74,74,74,74,75,47,69,75,75,75,70,70,70,70,70,0],"gold":284,"neow_bonus":"THREE_ENEMY_KILL","is_prod":false,"is_daily":false,"chose_seed":false,"campfire_upgraded":4,"win_rate":0,"timestamp":1551018803,"path_taken":["M","$","?","?","?","E","$","E","T","R","M","E","?","M","R","BOSS","M","?","?","?","M","E","R","M","T","R","?","M","R","E","R","BOSS","M","?","?","?","M","E","R","M","T","?","M","?","?","?","R","BOSS"],"build_version":"2019-01-23","purchased_purges":0,"victory":false,"max_hp_per_floor":[75,75,75,75,75,75,75,75,75,75,75,75,75,75,75,75,75,75,75,75,75,75,75,75,75,75,75,75,75,75,75,75,75,75,75,75,75,75,75,75,75,75,75,75,75,75,75,75,75,75],"card_choices":[{"not_picked":["Compile Driver","Barrage"],"picked":"Melter","floor":1},{"not_picked":["Recycle","Hello World"],"picked":"Storm","floor":6},{"not_picked":["Chaos","Blizzard"],"picked":"Redo","floor":8},{"not_picked":["Rebound","Buffer"],"picked":"Go for the Eyes","floor":11},{"not_picked":["Coolheaded","Machine Learning"],"picked":"Beam Cell","floor":12},{"not_picked":["Loop","Force Field"],"picked":"Leap","floor":14},{"not_picked":["Echo Form","Reboot"],"picked":"Electrodynamics","floor":16},{"not_picked":["Streamline","Force Field"],"picked":"Stack+1","floor":18},{"not_picked":["Leap","Cold Snap"],"picked":"Turbo+1","floor":22},{"not_picked":["Darkness","Compile Driver"],"picked":"Fission","floor":23},{"not_picked":["Conserve Battery","Hello World"],"picked":"Streamline+1","floor":25},{"not_picked":["Steam","Ball Lightning"],"picked":"Chill","floor":29},{"not_picked":["Stack","Beam Cell+1"],"picked":"All For One","floor":31},{"not_picked":["Meteor Strike","Amplify"],"picked":"Machine Learning","floor":33},{"not_picked":["Conserve Battery+1","Ball Lightning","Force Field"],"picked":"SKIP","floor":35},{"not_picked":["Coolheaded","Skim+1","Redo"],"picked":"SKIP","floor":38},{"not_picked":["Melter","Static Discharge","Stack"],"picked":"SKIP","floor":39},{"not_picked":["Barrage+1","Rip and Tear+1"],"picked":"FTL+1","floor":40},{"not_picked":["Ball Lightning","Darkness+1"],"picked":"Defragment","floor":42},{"not_picked":["Hologram+1","Barrage","Coolheaded"],"picked":"SKIP","floor":45}],"player_experience":274610,"relics_obtained":[{"floor":6,"key":"Mummified Hand"},{"floor":8,"key":"War Paint"},{"floor":9,"key":"Dead Branch"},{"floor":12,"key":"Gremlin Horn"},{"floor":20,"key":"Enchiridion"},{"floor":23,"key":"Anchor"},{"floor":31,"key":"Darkstone Periapt"},{"floor":40,"key":"Bag of Preparation"},{"floor":43,"key":"Frozen Egg 2"},{"floor":46,"key":"Nunchaku"},{"floor":47,"key":"Pantograph"}],"event_choices":[{"damage_healed":0,"gold_gain":0,"player_choice":"Take Damage","damage_taken":18,"relics_obtained":["Golden Idol"],"max_hp_gain":0,"max_hp_loss":0,"event_name":"Golden Idol","floor":3,"gold_loss":0},{"damage_healed":0,"gold_gain":75,"player_choice":"Gather Gold","damage_taken":11,"max_hp_gain":0,"max_hp_loss":0,"event_name":"World of Goop","floor":4,"gold_loss":0},{"damage_healed":0,"gold_gain":54,"player_choice":"Gained Gold","damage_taken":0,"max_hp_gain":0,"max_hp_loss":0,"event_name":"Golden Wing","floor":5,"gold_loss":0},{"damage_healed":0,"gold_gain":175,"player_choice":"AGREE","damage_taken":0,"max_hp_gain":0,"max_hp_loss":0,"event_name":"Liars Game","floor":13,"gold_loss":0,"cards_obtained":["Doubt"]},{"damage_healed":0,"gold_gain":0,"player_choice":"Simplicity","damage_taken":0,"max_hp_gain":0,"max_hp_loss":0,"event_name":"Back to Basics","floor":19,"gold_loss":0,"cards_upgraded":["Strike_B","Strike_B","Strike_B","Strike_B","Defend_B","Defend_B","Defend_B"]},{"damage_healed":0,"gold_gain":0,"player_choice":"Obtained Book","damage_taken":16,"max_hp_gain":0,"max_hp_loss":0,"event_name":"Cursed Tome","floor":20,"gold_loss":0},{"cards_removed":["Doubt"],"damage_healed":0,"gold_gain":0,"player_choice":"Gave Gold","damage_taken":0,"max_hp_gain":0,"max_hp_loss":0,"event_name":"Beggar","floor":21,"gold_loss":75},{"damage_healed":0,"gold_gain":0,"player_choice":"Opened","damage_taken":0,"relics_obtained":["Orichalcum"],"max_hp_gain":0,"max_hp_loss":0,"event_name":"The Mausoleum","floor":28,"gold_loss":0,"cards_obtained":["Writhe"]},{"damage_healed":0,"gold_gain":333,"player_choice":"Gave Idol","damage_taken":0,"max_hp_gain":0,"max_hp_loss":0,"event_name":"The Moai Head","floor":36,"relics_lost":["Golden Idol"],"gold_loss":0},{"cards_removed":["Writhe"],"damage_healed":0,"gold_gain":0,"player_choice":"Upgrade and Remove","damage_taken":0,"max_hp_gain":0,"max_hp_loss":0,"event_name":"Designer","floor":37,"gold_loss":90,"cards_upgraded":["Dualcast"]},{"damage_healed":0,"gold_gain":0,"player_choice":"Ignored","damage_taken":0,"max_hp_gain":0,"max_hp_loss":0,"event_name":"Tomb of Lord Red Mask","floor":44,"gold_loss":0},{"damage_healed":0,"gold_gain":0,"player_choice":"Fight","damage_taken":0,"max_hp_gain":0,"max_hp_loss":0,"event_name":"MindBloom","floor":46,"gold_loss":0}],"is_beta":false,"boss_relics":[{"not_picked":["Pandora\u0027s Box","Inserter"],"picked":"Lizard Tail"},{"not_picked":["Astrolabe","Runic Dome"],"picked":"FrozenCore"}],"items_purged_floors":[],"is_endless":false,"potions_floor_spawned":[8,14,22,25,29,31,35,39,45],"killed_by":"Awakened One","ascension_level":1}