{"gold_per_floor":[110,122,137,137,107,107,132,56,56,79,79,79,114,132,132,226,226,209,225,225,225,95,138,138,158,158,58,74,118,139,139],"floor_reached":31,"playtime":1612,"items_purged":["Writhe","Clumsy"],"score":526,"play_id":"75185e39-40ba-4a38-a112-4f1952a952b2","local_time":"20181022212853","is_ascension_mode":true,"campfire_choices":[{"data":"Zap","floor":6.0,"key":"SMITH"},{"data":"Go for the Eyes","floor":12.0,"key":"SMITH"},{"data":"Loop","floor":15.0,"key":"SMITH"},{"data":"Dualcast","floor":24.0,"key":"SMITH"}],"neow_cost":"CURSE","seed_source_timestamp":959334837533387,"circlet_count":0,"master_deck":["Strike_B","Strike_B","Strike_B","Defend_B","Defend_B","Defend_B","Defend_B","Zap+1","Dualcast+1","AscendersBane","Finesse","Go for the Eyes+1","Barrage","Undo","Loop+1","All For One","Conserve Battery","Hologram","FTL","Reboot","Go for the Eyes+1","Stack","Madness","Glacier","Hologram+1","Skim+1","Stack+1","Barrage+1"],"special_seed":0,"relics":["Cracked Core","Mercury Hourglass","Letter Opener","Symbiotic Virus","Odd Mushroom","Golden Idol","Meat on the Bone","Inserter","Matryoshka","Art of War","DataDisk","Pen Nib","Red Mask"],"potions_floor_usage":[],"damage_taken":[{"damage":6.0,"enemies":"2 Louse","floor":1.0,"turns":2.0},{"damage":1.0,"enemies":"Cultist","floor":2.0,"turns":4.0},{"damage":0.0,"enemies":"Small Slimes","floor":3.0,"turns":2.0},{"damage":16.0,"enemies":"Gremlin Nob","floor":7.0,"turns":4.0},{"damage":0.0,"enemies":"The Mushroom Lair","floor":10.0,"turns":2.0},{"damage":19.0,"enemies":"3 Sentries","floor":13.0,"turns":5.0},{"damage":1.0,"enemies":"Looter","floor":14.0,"turns":3.0},{"damage":2.0,"enemies":"Hexaghost","floor":16.0,"turns":8.0},{"damage":6.0,"enemies":"2 Thieves","floor":18.0,"turns":4.0},{"damage":6.0,"enemies":"Shell Parasite","floor":19.0,"turns":5.0},{"damage":40.0,"enemies":"Book of Stabbing","floor":23.0,"turns":5.0},{"damage":14.0,"enemies":"Snecko","floor":25.0,"turns":9.0},{"damage":10.0,"enemies":"Centurion and Healer","floor":28.0,"turns":6.0},{"damage":6.0,"enemies":"Masked Bandits","floor":29.0,"turns":3.0},{"damage":18.0,"enemies":"Chosen and Byrds","floor":30.0,"turns":6.0},{"damage":28,"enemies":"Gremlin Leader","floor":31,"turns":4}],"seed_played":"68689527874527652","potions_obtained":[{"floor":2.0,"key":"Regen Potion"},{"floor":5.0,"key":"FairyPotion"},{"floor":5.0,"key":"Explosive Potion"},{"floor":7.0,"key":"SpeedPotion"},{"floor":13.0,"key":"SpeedPotion"},{"floor":19.0,"key":"AttackPotion"},{"floor":28.0,"key":"Regen Potion"},{"floor":30.0,"key":"Dexterity Potion"}],"is_trial":false,"path_per_floor":["M","M","M","?","?","R","E","$","T","?","?","R","E","M","R","B",null,"M","M","?","?","$","E","R","M","T","$","M","?","M"],"character_chosen":"DEFECT","items_purchased":["All For One","Explosive Potion"],"campfire_rested":0,"item_purchase_floors":[8,22],"current_hp_per_floor":[58,57,57,57,57,57,41,41,41,41,41,41,22,33,33,43,59,53,47,47,47,47,19,19,17,17,17,19,34,28,0],"gold":139,"neow_bonus":"RANDOM_COLORLESS_2","is_prod":false,"is_daily":false,"chose_seed":false,"campfire_upgraded":4,"win_rate":0,"timestamp":1540258133,"path_taken":["M","M","M","?","?","R","E","$","T","?","?","R","E","M","R","BOSS","M","M","?","?","?","E","R","M","T","$","M","?","M","E"],"build_version":"2018-10-18","purchased_purges":2,"victory":false,"max_hp_per_floor":[71,71,71,71,71,71,71,71,71,71,64,64,64,64,64,64,64,64,64,64,64,64,64,64,64,64,64,64,64,64,64],"card_choices":[{"not_picked":["Barrage","Compile Driver"],"picked":"Go for the Eyes","floor":1.0},{"not_picked":["Steam","Gash"],"picked":"Barrage","floor":2.0},{"not_picked":["Turbo","Skim"],"picked":"Undo","floor":3.0},{"not_picked":["Hologram","Rip and Tear"],"picked":"Loop","floor":7.0},{"not_picked":["Scrape","Doom and Gloom"],"picked":"Conserve Battery","floor":10.0},{"not_picked":["Seek","Genetic Algorithm"],"picked":"Hologram","floor":13.0},{"not_picked":["Melter","Tempest"],"picked":"FTL","floor":14.0},{"not_picked":["Biased Cognition","Buffer"],"picked":"Reboot","floor":16.0},{"not_picked":["Compile Driver","Capacitor"],"picked":"Go for the Eyes+1","floor":18.0},{"not_picked":["Leap","Rebound"],"picked":"Stack","floor":19.0},{"not_picked":["Buffer","Coolheaded"],"picked":"Hologram+1","floor":23.0},{"not_picked":["Hello World","Barrage"],"picked":"Skim+1","floor":25.0},{"not_picked":["Hologram","Conserve Battery"],"picked":"Stack+1","floor":28.0},{"not_picked":["Hello World","Sunder"],"picked":"Barrage+1","floor":29.0},{"not_picked":["Streamline+1","Redo","Beam Cell"],"picked":"SKIP","floor":30.0}],"player_experience":1001213,"relics_obtained":[{"floor":7.0,"key":"Letter Opener"},{"floor":9.0,"key":"Symbiotic Virus"},{"floor":10.0,"key":"Odd Mushroom"},{"floor":13.0,"key":"Meat on the Bone"},{"floor":23.0,"key":"Art of War"},{"floor":26.0,"key":"DataDisk"},{"floor":26.0,"key":"Pen Nib"},{"floor":29.0,"key":"Red Mask"}],"event_choices":[{"damage_healed":0.0,"max_hp_gain":0.0,"max_hp_loss":0.0,"gold_gain":0.0,"event_name":"WeMeetAgain","player_choice":"Gave Potion","floor":4.0,"gold_loss":0.0,"damage_taken":0.0,"relics_obtained":["Mercury Hourglass"]},{"damage_healed":0.0,"max_hp_gain":0.0,"max_hp_loss":0.0,"gold_gain":0.0,"event_name":"The Woman in Blue","player_choice":"Bought 2 Potions","floor":5.0,"gold_loss":0.0,"damage_taken":0.0},{"damage_healed":0.0,"max_hp_gain":0.0,"max_hp_loss":0.0,"gold_gain":0.0,"event_name":"Mushrooms","player_choice":"Fought Mushrooms","floor":10.0,"gold_loss":0.0,"damage_taken":0.0},{"damage_healed":0.0,"max_hp_gain":0.0,"max_hp_loss":7.0,"gold_gain":0.0,"event_name":"Golden Idol","player_choice":"Lose Max HP","floor":11.0,"gold_loss":0.0,"damage_taken":0.0,"relics_obtained":["Golden Idol"]},{"damage_healed":0.0,"max_hp_gain":0.0,"max_hp_loss":0.0,"gold_gain":0.0,"event_name":"The Mausoleum","player_choice":"Opened","floor":20.0,"gold_loss":0.0,"damage_taken":0.0,"relics_obtained":["Matryoshka"],"cards_obtained":["Writhe"]},{"damage_healed":0.0,"max_hp_gain":0.0,"max_hp_loss":0.0,"gold_gain":0.0,"cards_transformed":["Mind Blast","Strike_B"],"event_name":"Drug Dealer","player_choice":"Became Test Subject","floor":21.0,"gold_loss":0.0,"damage_taken":0.0,"cards_obtained":["Madness","Glacier"]},{"damage_healed":0.0,"max_hp_gain":0.0,"max_hp_loss":0.0,"gold_gain":0.0,"event_name":"Masked Bandits","player_choice":"Fought Bandits","floor":29.0,"gold_loss":0.0,"damage_taken":0.0}],"is_beta":false,"boss_relics":[{"not_picked":["Fusion Hammer","Calling Bell"],"picked":"Inserter"}],"items_purged_floors":[22,27],"is_endless":false,"potions_floor_spawned":[2,7,13,16,19,28,30],"killed_by":"Gremlin Leader","ascension_level":20}