{"gold_per_floor":[110,110,128,128,33,33,63,63,87,87,98,130,141,152,152,248,248,260,260,272,272,292,292,292],"floor_reached":24,"playtime":623,"items_purged":[],"score":231,"play_id":"2e240c00-f1be-47d4-8504-d12e08060955","local_time":"20190130041147","is_ascension_mode":false,"campfire_choices":[{"data":"Spot Weakness","floor":6,"key":"SMITH"},{"data":"Heavy Blade","floor":8,"key":"SMITH"},{"data":"Bash","floor":10,"key":"SMITH"},{"floor":15,"key":"REST"},{"floor":23,"key":"REST"}],"neow_cost":"NONE","seed_source_timestamp":247773467542534,"circlet_count":0,"master_deck":["Strike_R","Strike_R","Strike_R","Strike_R","Strike_R","Defend_R","Defend_R","Defend_R+1","Defend_R+1","Bash+1","Bash+1","Spot Weakness+1","Heavy Blade+1","Limit Break+1","Spot Weakness+1"],"relics":["Black Blood","Shuriken","Pen Nib","War Paint"],"potions_floor_usage":[12,12,14,20,22,24],"damage_taken":[{"damage":6,"enemies":"Cultist","floor":1,"turns":3},{"damage":4,"enemies":"Small Slimes","floor":3,"turns":4},{"damage":36,"enemies":"Lagavulin","floor":7,"turns":4},{"damage":6,"enemies":"Jaw Worm","floor":11,"turns":3},{"damage":26,"enemies":"3 Sentries","floor":12,"turns":5},{"damage":8,"enemies":"Red Slaver","floor":13,"turns":2},{"damage":5,"enemies":"Exordium Wildlife","floor":14,"turns":3},{"damage":52,"enemies":"Hexaghost","floor":16,"turns":7},{"damage":26,"enemies":"Shell Parasite","floor":18,"turns":4},{"damage":66,"enemies":"3 Byrds","floor":20,"turns":7},{"damage":18,"enemies":"Sentry and Sphere","floor":22,"turns":4},{"damage":43,"enemies":"Book of Stabbing","floor":24,"turns":4}],"seed_played":"1422228315971214566","potions_obtained":[{"floor":1,"key":"Swift Potion"},{"floor":3,"key":"Poison Potion"},{"floor":11,"key":"Weak Potion"},{"floor":13,"key":"SkillPotion"},{"floor":16,"key":"EssenceOfSteel"},{"floor":19,"key":"Strength Potion"},{"floor":19,"key":"FairyPotion"},{"floor":22,"key":"Strength Potion"}],"is_trial":false,"path_per_floor":["M","?","M","?","$","R","E","R","T","R","M","E","M","M","R","B",null,"M","?","M","?","M","R","E"],"character_chosen":"IRONCLAD","items_purchased":["Spot Weakness","Heavy Blade"],"campfire_rested":2,"item_purchase_floors":[5,5],"current_hp_per_floor":[80,85,85,85,85,85,55,55,55,55,55,35,33,34,59,13,85,69,69,13,13,18,43,0],"gold":292,"neow_bonus":"UPGRADE_CARD","is_prod":false,"is_daily":false,"chose_seed":true,"campfire_upgraded":3,"win_rate":0,"timestamp":1548850307,"path_taken":["M","?","M","?","$","R","E","R","T","R","?","E","M","M","R","BOSS","M","?","?","?","M","R","E"],"build_version":"2019-01-23","purchased_purges":0,"victory":false,"max_hp_per_floor":[80,85,85,85,85,85,85,85,85,85,85,85,85,85,85,85,85,85,85,85,85,85,85,85],"card_choices":[{"not_picked":["Battle Trance","Body Slam","Carnage"],"picked":"SKIP","floor":1},{"not_picked":["Whirlwind","Combust","Bloodletting"],"picked":"SKIP","floor":3},{"not_picked":["Havoc","Anger","Clash"],"picked":"SKIP","floor":7},{"not_picked":["Sword Boomerang","Havoc","True Grit"],"picked":"SKIP","floor":11},{"not_picked":["Wild Strike","Pummel","Intimidate"],"picked":"SKIP","floor":12},{"not_picked":["Havoc","Warcry","Wild Strike"],"picked":"SKIP","floor":13},{"not_picked":["Evolve","Burning Pact","Rage"],"picked":"SKIP","floor":14},{"not_picked":["Double Tap","Bludgeon"],"picked":"Limit Break","floor":16},{"not_picked":["Reckless Charge+1","Armaments","Feel No Pain"],"picked":"SKIP","floor":18},{"not_picked":["Blood for Blood","Wild Strike+1"],"picked":"Spot Weakness+1","floor":20},{"not_picked":["Thunderclap+1","Carnage","Hemokinesis"],"picked":"SKIP","floor":22}],"player_experience":224921,"relics_obtained":[{"floor":7,"key":"Shuriken"},{"floor":9,"key":"Pen Nib"},{"floor":12,"key":"War Paint"}],"event_choices":[{"damage_healed":0,"gold_gain":0,"player_choice":"Donut","damage_taken":0,"max_hp_gain":5,"max_hp_loss":0,"event_name":"Big Fish","floor":2,"gold_loss":0},{"damage_healed":0,"gold_gain":0,"player_choice":"1 cards matched","damage_taken":0,"max_hp_gain":0,"max_hp_loss":0,"event_name":"Match and Keep!","floor":4,"gold_loss":0,"cards_obtained":["Bash"]},{"damage_healed":0,"gold_gain":0,"player_choice":"Got Potions","damage_taken":0,"max_hp_gain":0,"max_hp_loss":0,"event_name":"Lab","floor":19,"gold_loss":0},{"damage_healed":0,"gold_gain":0,"player_choice":"Upgraded","damage_taken":0,"max_hp_gain":0,"max_hp_loss":0,"event_name":"Upgrade Shrine","floor":21,"gold_loss":0,"cards_upgraded":["Limit Break"]}],"is_beta":false,"boss_relics":[{"not_picked":["Philosopher\u0027s Stone","Busted Crown"],"picked":"Black Blood"}],"items_purged_floors":[],"is_endless":false,"potions_floor_spawned":[1,3,11,13,16,22],"killed_by":"Book of Stabbing","ascension_level":0}