{"gold_per_floor":[118,138,313,82,93,93,120,134,134,146,163,177,210,220,220,321,321,335,335],"floor_reached":19,"playtime":1132,"items_purged":["Doubt"],"score":229,"play_id":"983978c4-5e4f-41b5-8339-d34dd2f4a8fa","local_time":"20190120044030","is_ascension_mode":true,"campfire_choices":[{"data":"Zap","floor":6,"key":"SMITH"},{"data":"Creative AI","floor":15,"key":"SMITH"}],"neow_cost":"NONE","seed_source_timestamp":600345184891,"circlet_count":0,"master_deck":["Strike_B","Strike_B","Strike_B","Strike_B","Defend_B","Defend_B","Defend_B+1","Defend_B+1","Zap+1","Dualcast","Conserve Battery","Ball Lightning","Consume","Ball Lightning","Creative AI+1","Steam","Leap","Double Energy","Core Surge","Hologram","Multi-Cast"],"relics":["Cracked Core","War Paint","Oddly Smooth Stone","Art of War","Meat on the Bone","Peace Pipe","Sozu"],"potions_floor_usage":[13,16,16,18],"damage_taken":[{"damage":0,"enemies":"Small Slimes","floor":1,"turns":2},{"damage":1,"enemies":"2 Louse","floor":2,"turns":3},{"damage":0,"enemies":"Jaw Worm","floor":5,"turns":2},{"damage":18,"enemies":"Gremlin Nob","floor":7,"turns":4},{"damage":3,"enemies":"Large Slime","floor":8,"turns":4},{"damage":0,"enemies":"Exordium Wildlife","floor":10,"turns":3},{"damage":13,"enemies":"3 Louse","floor":11,"turns":3},{"damage":0,"enemies":"Blue Slaver","floor":12,"turns":3},{"damage":11,"enemies":"3 Sentries","floor":13,"turns":9},{"damage":0,"enemies":"Exordium Thugs","floor":14,"turns":4},{"damage":6,"enemies":"Hexaghost","floor":16,"turns":8},{"damage":14,"enemies":"2 Thieves","floor":18,"turns":4},{"damage":58,"enemies":"3 Byrds","floor":19,"turns":4}],"seed_played":"4424641015032264675","potions_obtained":[{"floor":2,"key":"FairyPotion"},{"floor":5,"key":"Dexterity Potion"},{"floor":8,"key":"Dexterity Potion"},{"floor":11,"key":"Energy Potion"},{"floor":13,"key":"GamblersBrew"},{"floor":14,"key":"Block Potion"}],"is_trial":false,"path_per_floor":["M","M","?","$","M","R","E","M","T","M","M","M","E","M","R","B",null,"M","M"],"character_chosen":"DEFECT","items_purchased":["Oddly Smooth Stone"],"campfire_rested":0,"item_purchase_floors":[4],"current_hp_per_floor":[75,74,74,74,74,74,56,53,53,53,40,40,41,41,41,47,68,54,0],"gold":335,"neow_bonus":"RANDOM_COMMON_RELIC","is_prod":false,"is_daily":false,"chose_seed":false,"campfire_upgraded":2,"win_rate":0,"timestamp":1547977230,"path_taken":["M","M","?","$","M","R","E","M","T","M","M","M","E","M","R","BOSS","M","M"],"build_version":"2019-01-17","purchased_purges":1,"victory":false,"max_hp_per_floor":[75,75,75,75,75,75,75,75,75,75,75,75,75,75,75,75,75,75,75],"card_choices":[{"not_picked":["Rebound","Tempest"],"picked":"Conserve Battery","floor":1},{"not_picked":["Rebound","Coolheaded"],"picked":"Ball Lightning","floor":2},{"not_picked":["Coolheaded","Steam"],"picked":"Consume","floor":5},{"not_picked":["Skim","White Noise"],"picked":"Ball Lightning","floor":7},{"not_picked":["Redo","Coolheaded"],"picked":"Creative AI","floor":8},{"not_picked":["Streamline","Hologram"],"picked":"Steam","floor":10},{"not_picked":["Darkness","Stack"],"picked":"Leap","floor":11},{"not_picked":["Ball Lightning","Coolheaded"],"picked":"Double Energy","floor":12},{"not_picked":["Streamline","Turbo"],"picked":"Core Surge","floor":13},{"not_picked":["Self Repair","Gash"],"picked":"Hologram","floor":14},{"not_picked":["Fission","All For One"],"picked":"Multi-Cast","floor":16},{"not_picked":["Scrape","Consume","Sweeping Beam"],"picked":"SKIP","floor":18}],"player_experience":225836,"relics_obtained":[{"floor":7,"key":"Art of War"},{"floor":9,"key":"Meat on the Bone"},{"floor":13,"key":"Peace Pipe"}],"event_choices":[{"damage_healed":0,"gold_gain":175,"player_choice":"AGREE","damage_taken":0,"max_hp_gain":0,"max_hp_loss":0,"event_name":"Liars Game","floor":3,"gold_loss":0,"cards_obtained":["Doubt"]}],"is_beta":true,"boss_relics":[{"not_picked":["Orrery","Fusion Hammer"],"picked":"Sozu"}],"items_purged_floors":[4],"is_endless":false,"potions_floor_spawned":[2,5,8,11,13,14],"killed_by":"3 Byrds","ascension_level":5}