{"path_per_floor":["M","?","M","M","M","R","M","?","T","?","?","R","M","M","R","B",null,"M","M","M","M","?","R","M","R","T","M","T","$","?","M","R"],"character_chosen":"DEFECT","items_purchased":["Bottled Lightning","Toxic Egg 2"],"gold_per_floor":[113,113,125,139,149,149,168,168,193,193,193,193,206,221,221,317,317,336,349,362,377,527,527,546,546,546,558,558,61,61,77,77,77],"floor_reached":33,"campfire_rested":4,"playtime":1155,"item_purchase_floors":[29,29],"current_hp_per_floor":[73,58,58,58,53,53,47,47,47,44,37,59,52,46,70,42,80,78,75,52,52,52,52,35,59,59,44,44,44,44,38,62,0],"items_purged":[],"gold":77,"score":243,"play_id":"1f086cd3-48dc-4077-84e8-07767fc5891d","local_time":"20180608072912","is_prod":false,"is_daily":false,"chose_seed":false,"is_ascension_mode":false,"campfire_upgraded":2,"win_rate":0.0,"timestamp":1528468152,"campfire_choices":[{"data":"Ball Lightning","floor":6,"key":"SMITH"},{"floor":12,"key":"REST"},{"floor":15,"key":"REST"},{"data":"Electrodynamics","floor":23,"key":"SMITH"},{"floor":25,"key":"REST"},{"floor":32,"key":"REST"}],"path_taken":["M","?","M","M","M","R","M","?","T","?","?","R","M","M","R","BOSS","M","M","M","M","?","R","M","R","T","M","?","$","?","M","R","BOSS"],"build_version":"2018-06-07","seed_source_timestamp":1408114119931549,"purchased_purges":0,"victory":false,"master_deck":["Strike_B","Strike_B","Strike_B+1","Defend_B","Defend_B","Defend_B+1","Defend_B","Zap","Dualcast","Ball Lightning+1","Redo","Ball Lightning","Sweeping Beam","Flash of Steel","Conserve Battery","Go for the Eyes","Electrodynamics+1","Chill","Cold Snap","Capacitor+1","Tempest+1"],"max_hp_per_floor":[75,75,75,75,75,75,75,75,75,75,75,75,80,80,80,80,80,80,80,80,80,80,80,80,80,80,80,80,80,80,80,80,80],"relics":["Cracked Core","Omamori","Boot","Sozu","Ginger","Toolbox","Bottled Lightning","Toxic Egg 2"],"card_choices":[{"not_picked":["Barrage","Compile Driver","Gash"],"picked":"SKIP","floor":1},{"not_picked":["Consume","Rip and Tear"],"picked":"Ball Lightning","floor":3},{"not_picked":["Conserve Battery","Self Repair"],"picked":"Redo","floor":4},{"not_picked":["Redo","Compile Driver"],"picked":"Ball Lightning","floor":5},{"not_picked":["Hologram","Rip and Tear"],"picked":"Sweeping Beam","floor":7},{"not_picked":["Hello World","Chaos"],"picked":"Conserve Battery","floor":13},{"not_picked":["Undo","Compile Driver"],"picked":"Go for the Eyes","floor":14},{"not_picked":["Amplify","Biased Cognition"],"picked":"Electrodynamics","floor":16},{"not_picked":["Genetic Algorithm","Chaos"],"picked":"Chill","floor":18},{"not_picked":["Gash","Rebound","Compile Driver"],"picked":"SKIP","floor":19},{"not_picked":["Sweeping Beam","Hello World"],"picked":"Cold Snap","floor":20},{"not_picked":["Leap","Gash"],"picked":"Capacitor+1","floor":21},{"not_picked":["Darkness","Barrage","Leap"],"picked":"SKIP","floor":24},{"not_picked":["Leap","Hologram","Hello World+1"],"picked":"SKIP","floor":27},{"not_picked":["Beam Cell","Rebound"],"picked":"Tempest+1","floor":31}],"player_experience":154107,"potions_floor_usage":[13,16,16,18],"damage_taken":[{"damage":2,"enemies":"2 Louse","floor":1,"turns":3},{"damage":0,"enemies":"Small Slimes","floor":3,"turns":3},{"damage":0,"enemies":"Cultist","floor":4,"turns":3},{"damage":5,"enemies":"Looter","floor":5,"turns":3},{"damage":6,"enemies":"Large Slime","floor":7,"turns":4},{"damage":12,"enemies":"Blue Slaver","floor":13,"turns":2},{"damage":6,"enemies":"3 Louse","floor":14,"turns":2},{"damage":28,"enemies":"Hexaghost","floor":16,"turns":8},{"damage":2,"enemies":"Shell Parasite","floor":18,"turns":3},{"damage":3,"enemies":"Spheric Guardian","floor":19,"turns":3},{"damage":23,"enemies":"Snake Plant","floor":20,"turns":3},{"damage":0,"enemies":"3 Cultists","floor":21,"turns":4},{"damage":17,"enemies":"Slaver and Parasite","floor":24,"turns":6},{"damage":15,"enemies":"Cultist and Chosen","floor":27,"turns":5},{"damage":6,"enemies":"Snake Plant","floor":31,"turns":3},{"damage":65,"enemies":"Champ","floor":33,"turns":10}],"relics_obtained":[{"floor":9,"key":"Omamori"},{"floor":26,"key":"Ginger"},{"floor":28,"key":"Toolbox"}],"event_choices":[{"event_name":"Shining Light","player_choice":"Entered Light","floor":2,"damage_taken":0},{"event_name":"Match and Keep!","player_choice":"1 cards matched","floor":8,"damage_taken":0},{"event_name":"Scrap Ooze","player_choice":"success","floor":10,"damage_taken":3},{"event_name":"Golden Wing","player_choice":"Card Removal","floor":11,"damage_taken":0},{"event_name":"Nest","player_choice":"Stole From Cult","floor":22,"damage_taken":0},{"event_name":"Ghosts","player_choice":"Ignored","floor":30,"damage_taken":0}],"boss_relics":[{"not_picked":["Orrery","Astrolabe"],"picked":"Sozu"}],"items_purged_floors":[],"potions_floor_spawned":[5,7,13,16,20,24],"seed_played":"964931926107288253","killed_by":"Champ","ascension_level":0,"potions_obtained":[{"floor":5,"key":"EssenceOfSteel"},{"floor":7,"key":"Fruit Juice"},{"floor":13,"key":"Weak Potion"},{"floor":16,"key":"SneckoOil"}],"is_trial":false}