{"gold_per_floor":[216,85,105,105,30,30,30,30,30,30,65,65,96,124,124,124],"floor_reached":16,"playtime":557,"items_purged":[],"score":228,"play_id":"a9414fd6-cfd1-4a7c-a6c7-b58a05b3f372","local_time":"20190303152846","is_ascension_mode":true,"campfire_choices":[{"data":"Well Laid Plans","floor":6,"key":"SMITH"},{"data":"Neutralize","floor":8,"key":"SMITH"},{"floor":12,"key":"REST"},{"floor":15,"key":"REST"}],"neow_cost":"NONE","seed_source_timestamp":757536269904243,"circlet_count":0,"master_deck":["AscendersBane","Defend_G","Defend_G","Defend_G","Defend_G","Defend_G","Strike_G","Strike_G","Strike_G","Strike_G","Survivor","Neutralize+1","Bouncing Flask+1","Well Laid Plans+1","PiercingWail","Pain","Adrenaline","Bouncing Flask"],"relics":["Ring of the Snake","The Courier","WarpedTongs","WingedGreaves","Gremlin Horn","Singing Bowl"],"potions_floor_usage":[16],"damage_taken":[{"damage":0,"enemies":"Jaw Worm","floor":1,"turns":6},{"damage":7,"enemies":"Small Slimes","floor":3,"turns":4},{"damage":23,"enemies":"Gremlin Nob","floor":11,"turns":4},{"damage":20,"enemies":"3 Sentries","floor":13,"turns":9},{"damage":29,"enemies":"Gremlin Nob","floor":14,"turns":4},{"damage":33,"enemies":"Slime Boss","floor":16,"turns":6}],"seed_played":"7206861796311610864","potions_obtained":[],"is_trial":false,"path_per_floor":["M","$","M","?","?","R","?","R","T","?","E","R","E","E","R","B"],"character_chosen":"THE_SILENT","items_purchased":["Well Laid Plans","Explosive Potion"],"campfire_rested":2,"item_purchase_floors":[2,2],"current_hp_per_floor":[59,59,52,52,52,52,57,57,57,57,34,55,35,8,29,0],"gold":124,"neow_bonus":"HUNDRED_GOLD","is_prod":false,"is_daily":false,"chose_seed":false,"campfire_upgraded":2,"win_rate":0,"timestamp":1551644926,"path_taken":["M","$","M","?","?","R","?","R","T","?","E","R","E","E","R","BOSS"],"build_version":"2019-02-06","purchased_purges":0,"victory":false,"max_hp_per_floor":[66,66,66,66,66,66,71,71,71,71,71,71,71,73,73,73],"card_choices":[{"not_picked":["Dagger Throw","Deflect"],"picked":"Bouncing Flask","floor":1},{"not_picked":["Dagger Throw","Deflect"],"picked":"PiercingWail","floor":3},{"not_picked":["Backflip","Slice"],"picked":"Adrenaline","floor":11},{"not_picked":["Distraction","Riddle With Holes"],"picked":"Bouncing Flask","floor":13},{"not_picked":["Sucker Punch","Slice","Cloak And Dagger"],"picked":"Singing Bowl","floor":14}],"player_experience":1047394,"relics_obtained":[{"floor":9,"key":"The Courier"},{"floor":11,"key":"WingedGreaves"},{"floor":13,"key":"Gremlin Horn"},{"floor":14,"key":"Singing Bowl"}],"event_choices":[{"damage_healed":0,"gold_gain":0,"player_choice":"Grow","damage_taken":0,"max_hp_gain":0,"max_hp_loss":0,"event_name":"Living Wall","floor":4,"gold_loss":0,"cards_upgraded":["Bouncing Flask"]},{"cards_removed":["Strike_G"],"damage_healed":0,"gold_gain":0,"player_choice":"Card Removal","damage_taken":0,"max_hp_gain":0,"max_hp_loss":0,"event_name":"The Cleric","floor":5,"gold_loss":75},{"damage_healed":0,"gold_gain":0,"player_choice":"Donut","damage_taken":0,"max_hp_gain":5,"max_hp_loss":0,"event_name":"Big Fish","floor":7,"gold_loss":0},{"damage_healed":0,"gold_gain":0,"player_choice":"Rummage","damage_taken":0,"relics_obtained":["WarpedTongs"],"max_hp_gain":0,"max_hp_loss":0,"event_name":"Accursed Blacksmith","floor":10,"gold_loss":0,"cards_obtained":["Pain"]}],"is_beta":true,"boss_relics":[],"items_purged_floors":[],"is_endless":false,"potions_floor_spawned":[],"killed_by":"Slime Boss","ascension_level":20}