{"path_per_floor":["M","M","$","M","M","E","R","M","T","R","M","M","$","M","R","B",null,"M","M","$","M","M","R","M"],"character_chosen":"DEFECT","items_purchased":["Loop","Static Discharge"],"gold_per_floor":[115,132,19,32,49,77,77,91,91,91,110,127,27,47,47,146,146,162,175,10,25,38,38,55,55],"floor_reached":25,"campfire_rested":4,"playtime":873,"item_purchase_floors":[3,20],"current_hp_per_floor":[54,50,50,38,28,2,22,22,22,42,33,26,26,7,27,8,68,68,63,63,45,19,39,8,0],"items_purged":["Defend_B","Strike_B","Strike_B"],"gold":55,"score":211,"play_id":"e26010d7-14dc-471a-88f4-a448bfbd8422","local_time":"20180608074407","is_prod":false,"is_daily":false,"chose_seed":false,"is_ascension_mode":false,"campfire_upgraded":0,"win_rate":0.0,"timestamp":1528469047,"campfire_choices":[{"floor":7,"key":"REST"},{"floor":10,"key":"REST"},{"floor":15,"key":"REST"},{"floor":23,"key":"REST"}],"path_taken":["M","M","$","M","M","E","R","M","T","R","M","M","$","M","R","BOSS","M","M","$","M","M","R","M","M"],"build_version":"2018-06-07","seed_source_timestamp":1409292057690647,"purchased_purges":3,"victory":false,"master_deck":["Strike_B","Strike_B","Defend_B","Defend_B","Defend_B","Zap","Dualcast","Cold Snap","Sweeping Beam","Loop","Defragment","White Noise","Redo","Ball Lightning","Go for the Eyes","Capacitor","Conserve Battery","Fission","Electrodynamics","Heatsinks+1","Static Discharge","Static Discharge","Redo+1","Go for the Eyes"],"max_hp_per_floor":[68,68,68,68,68,68,68,68,68,68,68,68,68,68,68,68,68,68,68,68,68,68,68,68,68],"relics":["Cracked Core","Ginger","Bronze Scales","Prayer Wheel","Sozu"],"card_choices":[{"not_picked":["Steam","Leap"],"picked":"Cold Snap","floor":1},{"not_picked":["Auto Shields","Gash"],"picked":"Sweeping Beam","floor":2},{"not_picked":["Skim","Stack"],"picked":"Defragment","floor":4},{"not_picked":["Reinforced Body","Storm"],"picked":"White Noise","floor":5},{"not_picked":["Coolheaded","Doom and Gloom","Darkness"],"picked":"SKIP","floor":6},{"not_picked":["Conserve Battery","Stack"],"picked":"Redo","floor":8},{"not_picked":["Go for the Eyes","Scrape"],"picked":"Ball Lightning","floor":11},{"not_picked":["Cold Snap","Steam Power"],"picked":"Go for the Eyes","floor":11},{"not_picked":["All For One","Stack"],"picked":"Capacitor","floor":12},{"not_picked":["Beam Cell","Coolheaded"],"picked":"Conserve Battery","floor":12},{"not_picked":["Steam","Reinforced Body"],"picked":"Fission","floor":14},{"not_picked":["Barrage","Lockon","Skim"],"picked":"SKIP","floor":14},{"not_picked":["Meteor Strike","Creative AI"],"picked":"Electrodynamics","floor":16},{"not_picked":["Streamline+1","Compile Driver+1","BootSequence+1"],"picked":"SKIP","floor":18},{"not_picked":["Consume","Cold Snap","Scrape"],"picked":"SKIP","floor":18},{"not_picked":["Fusion+1","Go for the Eyes+1"],"picked":"Heatsinks+1","floor":19},{"not_picked":["Chill","Consume","Hologram+1"],"picked":"SKIP","floor":19},{"not_picked":["Sweeping Beam","Steam"],"picked":"Static Discharge","floor":21},{"not_picked":["Coolheaded","Leap","Stack"],"picked":"SKIP","floor":21},{"not_picked":["Sweeping Beam+1","Conserve Battery+1"],"picked":"Redo+1","floor":22},{"not_picked":["Ball Lightning","Steam","Turbo"],"picked":"SKIP","floor":22},{"not_picked":["Beam Cell","Rip and Tear"],"picked":"Go for the Eyes","floor":24},{"not_picked":["Aggregate","Streamline","Fusion"],"picked":"SKIP","floor":24}],"player_experience":155262,"potions_floor_usage":[6,11,16],"damage_taken":[{"damage":14,"enemies":"2 Louse","floor":1,"turns":3},{"damage":4,"enemies":"Cultist","floor":2,"turns":3},{"damage":12,"enemies":"Small Slimes","floor":4,"turns":3},{"damage":10,"enemies":"Looter","floor":5,"turns":3},{"damage":26,"enemies":"Gremlin Nob","floor":6,"turns":4},{"damage":0,"enemies":"Large Slime","floor":8,"turns":4},{"damage":9,"enemies":"3 Louse","floor":11,"turns":3},{"damage":7,"enemies":"Looter","floor":12,"turns":3},{"damage":19,"enemies":"Exordium Wildlife","floor":14,"turns":3},{"damage":19,"enemies":"Hexaghost","floor":16,"turns":7},{"damage":0,"enemies":"Chosen","floor":18,"turns":3},{"damage":5,"enemies":"2 Thieves","floor":19,"turns":2},{"damage":18,"enemies":"3 Cultists","floor":21,"turns":3},{"damage":26,"enemies":"Centurion and Healer","floor":22,"turns":2},{"damage":31,"enemies":"Snake Plant","floor":24,"turns":4},{"damage":9,"enemies":"3 Cultists","floor":25,"turns":2}],"relics_obtained":[{"floor":6,"key":"Bronze Scales"},{"floor":9,"key":"Prayer Wheel"}],"event_choices":[],"boss_relics":[{"not_picked":["White Beast Statue","Runic Pyramid"],"picked":"Sozu"}],"items_purged_floors":[3,13,20],"potions_floor_spawned":[5,6,11,16,18,19,21],"seed_played":"-1908015957703975592","killed_by":"3 Cultists","ascension_level":0,"potions_obtained":[{"floor":5,"key":"FearPotion"},{"floor":6,"key":"LiquidBronze"},{"floor":11,"key":"Explosive Potion"},{"floor":16,"key":"Poison Potion"}],"is_trial":false}