{"gold_per_floor":[19,19,33,46,63,63,78,105,105,105,134,110,110,121,121,226,226,246,261,261,278,278],"floor_reached":22,"playtime":1198,"items_purged":[],"score":248,"play_id":"7a846790-270a-4f30-90d8-09880a9e0e92","local_time":"20190122002530","is_ascension_mode":true,"campfire_choices":[{"data":"Strike_B","floor":6,"key":"PURGE"},{"data":"Zap","floor":10,"key":"SMITH"},{"floor":13,"key":"REST"},{"data":"Capacitor","floor":15,"key":"SMITH"}],"neow_cost":"NO_GOLD","seed_source_timestamp":25032221481512,"circlet_count":0,"master_deck":["Strike_B","Strike_B","Defend_B","Defend_B","Defend_B","Defend_B","Zap+1","Dualcast","Coolheaded","Gash","Cold Snap","Gash","Genetic Algorithm","Capacitor+1","Coolheaded","Ball Lightning","Creative AI","Sweeping Beam","Heatsinks","Undo+1"],"relics":["Cracked Core","Peace Pipe","Gremlin Horn","Dream Catcher","Sozu"],"potions_floor_usage":[5,7,11,16,18],"damage_taken":[{"damage":2,"enemies":"2 Louse","floor":1,"turns":3},{"damage":0,"enemies":"Cultist","floor":3,"turns":4},{"damage":0,"enemies":"Small Slimes","floor":4,"turns":2},{"damage":4,"enemies":"Exordium Thugs","floor":5,"turns":4},{"damage":0,"enemies":"2 Fungi Beasts","floor":7,"turns":3},{"damage":43,"enemies":"Lagavulin","floor":8,"turns":7},{"damage":12,"enemies":"Gremlin Nob","floor":11,"turns":5},{"damage":13,"enemies":"Gremlin Gang","floor":14,"turns":4},{"damage":16,"enemies":"Slime Boss","floor":16,"turns":11},{"damage":4,"enemies":"Chosen","floor":18,"turns":5},{"damage":25,"enemies":"2 Thieves","floor":19,"turns":4},{"damage":20,"enemies":"Chosen and Byrds","floor":21,"turns":7},{"damage":10,"enemies":"3 Cultists","floor":22,"turns":4}],"seed_played":"-1327536603517822931","potions_obtained":[{"floor":1,"key":"Block Potion"},{"floor":3,"key":"Explosive Potion"},{"floor":5,"key":"Weak Potion"},{"floor":8,"key":"Weak Potion"},{"floor":16,"key":"AttackPotion"}],"is_trial":false,"path_per_floor":["?","M","?","?"],"character_chosen":"DEFECT","items_purchased":[],"campfire_rested":1,"item_purchase_floors":[],"current_hp_per_floor":[73,73,73,73,69,69,69,26,26,26,14,14,36,23,23,7,58,54,29,29,9,0],"gold":278,"neow_bonus":"ONE_RARE_RELIC","is_prod":false,"is_daily":false,"chose_seed":false,"campfire_upgraded":2,"win_rate":0,"timestamp":1548134730,"path_taken":["M","?","M","M","M","R","?","E","T","R","E","?","R","M","R","BOSS","M","M","?","M","M"],"build_version":"2019-01-20","purchased_purges":0,"victory":false,"max_hp_per_floor":[75,75,75,75,75,75,75,75,75,75,75,75,75,75,75,75,75,75,75,75,75,75],"card_choices":[{"not_picked":["Compile Driver","Hologram"],"picked":"Coolheaded","floor":1},{"not_picked":["Beam Cell","Core Surge"],"picked":"Gash","floor":3},{"not_picked":["Consume","Rip and Tear"],"picked":"Cold Snap","floor":4},{"not_picked":["Leap","Stack"],"picked":"Gash","floor":5},{"not_picked":["Cold Snap","Ball Lightning"],"picked":"Genetic Algorithm","floor":7},{"not_picked":["Stack","Rip and Tear"],"picked":"Capacitor","floor":8},{"not_picked":["Lockon","Steam Power"],"picked":"Coolheaded","floor":11},{"not_picked":["Go for the Eyes","Conserve Battery"],"picked":"Ball Lightning","floor":13},{"not_picked":["Redo","Beam Cell","Barrage"],"picked":"SKIP","floor":14},{"not_picked":["Core Surge","Machine Learning"],"picked":"Creative AI","floor":16},{"not_picked":["Hello World","Rebound"],"picked":"Sweeping Beam","floor":18},{"not_picked":["Rip and Tear","Rebound"],"picked":"Heatsinks","floor":19},{"not_picked":["Loop","Go for the Eyes"],"picked":"Undo+1","floor":21}],"player_experience":245892,"relics_obtained":[{"floor":8,"key":"Gremlin Horn"},{"floor":11,"key":"Dream Catcher"}],"event_choices":[{"cards_removed":["Strike_B"],"damage_healed":0,"gold_gain":0,"player_choice":"Purged","damage_taken":0,"max_hp_gain":0,"max_hp_loss":0,"event_name":"Purifier","floor":2,"gold_loss":0},{"damage_healed":0,"gold_gain":0,"player_choice":"Left Gold","damage_taken":0,"max_hp_gain":0,"max_hp_loss":0,"event_name":"World of Goop","floor":12,"gold_loss":24},{"damage_healed":0,"gold_gain":0,"player_choice":"Got Potions","damage_taken":0,"max_hp_gain":0,"max_hp_loss":0,"event_name":"Lab","floor":20,"gold_loss":0}],"is_beta":true,"boss_relics":[{"not_picked":["Tiny House","Empty Cage"],"picked":"Sozu"}],"items_purged_floors":[],"is_endless":false,"potions_floor_spawned":[1,3,5,8,16,18,21],"killed_by":"3 Cultists","ascension_level":5}