{"gold_per_floor":[110,185,110,185,205,225,260,260,260,271,271,171,191,161],"floor_reached":14,"playtime":521,"items_purged":["Bash","Strike_R"],"score":90,"play_id":"4993146e-cd04-405c-abca-043e7d179cc6","local_time":"20181216161636","is_ascension_mode":false,"campfire_choices":[{"floor":8,"key":"REST"},{"data":"Rupture","floor":11,"key":"SMITH"}],"neow_cost":"NONE","seed_source_timestamp":93033321049190,"circlet_count":0,"master_deck":["Strike_R","Strike_R","Strike_R","Strike_R","Defend_R","Defend_R","Defend_R","Defend_R","Brutality","Rupture+1","Heavy Blade","Havoc","Limit Break","Shrug It Off","Metallicize"],"relics":["Burning Blood","Dodecahedron","Paper Frog"],"potions_floor_usage":[],"damage_taken":[{"damage":6,"enemies":"Jaw Worm","floor":1,"turns":3},{"damage":15,"enemies":"Small Slimes","floor":5,"turns":4},{"damage":2,"enemies":"Cultist","floor":6,"turns":4},{"damage":53,"enemies":"3 Sentries","floor":7,"turns":8},{"damage":13,"enemies":"2 Fungi Beasts","floor":10,"turns":4},{"damage":23,"enemies":"Gremlin Gang","floor":13,"turns":7},{"damage":9,"enemies":"Looter","floor":14,"turns":3}],"seed_played":"-8108494778548694217","potions_obtained":[{"floor":10,"key":"Ancient Potion"},{"floor":13,"key":"SpeedPotion"}],"is_trial":false,"path_per_floor":["M","?","$","?","M","M","E","R","T","M","R","$","M","M"],"character_chosen":"IRONCLAD","items_purchased":[],"campfire_rested":1,"item_purchase_floors":[],"current_hp_per_floor":[80,69,69,61,52,56,9,33,33,26,26,26,9,0],"gold":161,"neow_bonus":"ONE_RANDOM_RARE_CARD","is_prod":false,"is_daily":false,"chose_seed":false,"campfire_upgraded":1,"win_rate":0,"timestamp":1544994996,"path_taken":["M","?","$","?","M","M","E","R","T","M","R","$","M","?"],"build_version":"2018-12-13","purchased_purges":2,"victory":false,"max_hp_per_floor":[80,80,80,80,80,80,80,80,80,80,80,80,80,80],"card_choices":[{"not_picked":["Body Slam","Clothesline"],"picked":"Rupture","floor":1},{"not_picked":["True Grit","Second Wind"],"picked":"Heavy Blade","floor":5},{"not_picked":["Dropkick","Twin Strike"],"picked":"Havoc","floor":6},{"not_picked":["Combust","Carnage"],"picked":"Limit Break","floor":7},{"not_picked":["Iron Wave","Infernal Blade"],"picked":"Shrug It Off","floor":10},{"not_picked":["Anger","Body Slam"],"picked":"Metallicize","floor":13}],"player_experience":156487,"relics_obtained":[{"floor":7,"key":"Dodecahedron"},{"floor":9,"key":"Paper Frog"}],"event_choices":[{"damage_healed":0,"gold_gain":75,"player_choice":"Gather Gold","damage_taken":11,"max_hp_gain":0,"max_hp_loss":0,"event_name":"World of Goop","floor":2,"gold_loss":0},{"damage_healed":0,"gold_gain":75,"player_choice":"Touch","damage_taken":8,"max_hp_gain":0,"max_hp_loss":0,"event_name":"FaceTrader","floor":4,"gold_loss":0}],"is_beta":true,"boss_relics":[],"items_purged_floors":[3,12],"is_endless":false,"potions_floor_spawned":[10,13],"killed_by":"Looter","ascension_level":0}