{"gold_per_floor":[115,132,132,145,160,160,187,187,214,214,224,224,224,268,268,358,358,378,378,142,156,281,320,320,364,364,384,87,125,148,163,163,259,259,284,297,315,315,329,343,343,362,409,450,5,45,45,58,58,58,58,58,58,1,42,42],"floor_reached":57,"playtime":4967,"items_purged":["Strike_R","Clumsy","Parasite"],"score":2693,"play_id":"c209d42a-1d12-4d53-8c53-0f4e59ccc266","local_time":"20190326210457","is_ascension_mode":true,"campfire_choices":[{"data":"Uppercut","floor":6.0,"key":"SMITH"},{"data":"Pommel Strike","floor":8.0,"key":"SMITH"},{"data":"Feel No Pain","floor":10.0,"key":"SMITH"},{"data":"Uppercut","floor":13.0,"key":"SMITH"},{"floor":15.0,"key":"REST"},{"data":"True Grit","floor":32.0,"key":"SMITH"},{"floor":47.0,"key":"RECALL"},{"data":"Evolve","floor":49.0,"key":"SMITH"},{"data":"Limit Break","floor":53.0,"key":"SMITH"}],"neow_cost":"NONE","seed_source_timestamp":1178450264291491,"circlet_count":0,"master_deck":["AscendersBane","Strike_R","Defend_R","Defend_R","Defend_R","Defend_R","Bash","Reaper+1","Battle Trance+1","Double Tap+1","Feel No Pain+1","Pommel Strike+1","Uppercut+1","Evolve+1","Burning Pact","Uppercut+1","Spot Weakness+1","Ghostly Armor","Thunderclap+1","Reaper+1","Armaments","Shrug It Off","Disarm","True Grit+1","Battle Trance","Limit Break+1","Armaments","Metallicize","Shrug It Off","Panacea","Pommel Strike+1","Feel No Pain","Corruption"],"special_seed":0,"relics":["Astrolabe","Gremlin Horn","Bottled Tornado","Boot","Golden Idol","Meat on the Bone","Cursed Key","Bag of Preparation","Torii","Blue Candle","Vajra","PreservedInsect","Bronze Scales","Strawberry","Runic Dome","Happy Flower","Orichalcum","Pocketwatch","Ice Cream","Pen Nib"],"potions_floor_usage":[56,56],"damage_taken":[{"damage":6.0,"enemies":"Cultist","floor":1.0,"turns":3.0},{"damage":9.0,"enemies":"Jaw Worm","floor":2.0,"turns":5.0},{"damage":0.0,"enemies":"Small Slimes","floor":4.0,"turns":3.0},{"damage":12.0,"enemies":"Looter","floor":5.0,"turns":4.0},{"damage":20.0,"enemies":"3 Sentries","floor":7.0,"turns":6.0},{"damage":4.0,"enemies":"2 Fungi Beasts","floor":11.0,"turns":4.0},{"damage":16.0,"enemies":"Lagavulin","floor":14.0,"turns":6.0},{"damage":69.0,"enemies":"Slime Boss","floor":16.0,"turns":8.0},{"damage":20.0,"enemies":"2 Thieves","floor":18.0,"turns":3.0},{"damage":8.0,"enemies":"Chosen","floor":21.0,"turns":5.0},{"damage":11.0,"enemies":"Colosseum Slavers","floor":22.0,"turns":3.0},{"damage":10.0,"enemies":"Colosseum Nobs","floor":22.0,"turns":3.0},{"damage":27.0,"enemies":"Slavers","floor":23.0,"turns":3.0},{"damage":20.0,"enemies":"Book of Stabbing","floor":25.0,"turns":5.0},{"damage":25.0,"enemies":"Shelled Parasite and Fungi","floor":27.0,"turns":6.0},{"damage":1.0,"enemies":"Gremlin Leader","floor":29.0,"turns":3.0},{"damage":5.0,"enemies":"Snake Plant","floor":30.0,"turns":3.0},{"damage":11.0,"enemies":"Sentry and Sphere","floor":31.0,"turns":11.0},{"damage":46.0,"enemies":"Collector","floor":33.0,"turns":11.0},{"damage":0.0,"enemies":"Orb Walker","floor":35.0,"turns":3.0},{"damage":20.0,"enemies":"3 Darklings","floor":36.0,"turns":4.0},{"damage":53.0,"enemies":"Jaw Worm Horde","floor":37.0,"turns":8.0},{"damage":0.0,"enemies":"4 Shapes","floor":39.0,"turns":1.0},{"damage":28.0,"enemies":"Sphere and 2 Shapes","floor":40.0,"turns":6.0},{"damage":46.0,"enemies":"Jaw Worm Horde","floor":42.0,"turns":4.0},{"damage":25.0,"enemies":"Nemesis","floor":44.0,"turns":12.0},{"damage":24.0,"enemies":"Reptomancer","floor":46.0,"turns":5.0},{"damage":25.0,"enemies":"Writhing Mass","floor":48.0,"turns":7.0},{"damage":15.0,"enemies":"Time Eater","floor":50.0,"turns":8.0},{"damage":32.0,"enemies":"Donu and Deca","floor":51.0,"turns":8.0},{"damage":79,"enemies":"Shield and Spear","floor":55,"turns":6},{"damage":83,"enemies":"The Heart","floor":56,"turns":9}],"seed_played":"-607566300153772331","potions_obtained":[{"floor":2.0,"key":"Strength Potion"},{"floor":7.0,"key":"Explosive Potion"},{"floor":11.0,"key":"Fruit Juice"},{"floor":21.0,"key":"BloodPotion"},{"floor":29.0,"key":"Explosive Potion"},{"floor":30.0,"key":"PowerPotion"},{"floor":31.0,"key":"AttackPotion"},{"floor":37.0,"key":"Swift Potion"},{"floor":42.0,"key":"GamblersBrew"},{"floor":44.0,"key":"Fruit Juice"},{"floor":46.0,"key":"Block Potion"}],"is_trial":false,"path_per_floor":["M","M","T","M","M","R","E","R","T","R","M","?","R","E","R","B",null,"M","?","$","M","?","E","?","E","T","M","$","E","M","M","R","B",null,"M","M","M","?","M","M","?","M","T","E","$","E","R","M","R","B","B",null,"R","$","E","B",null],"character_chosen":"IRONCLAD","items_purchased":["Bag of Preparation","Bronze Scales","Shrug It Off","Pocketwatch","PowerPotion"],"campfire_rested":1,"item_purchase_floors":[20,28,28,45,54],"current_hp_per_floor":[69,69,69,74,65,65,72,72,72,72,68,42,42,26,48,16,64,44,44,44,48,52,51,51,46,46,52,52,83,84,87,87,86,87,87,87,56,56,83,83,83,83,83,68,68,61,61,59,59,85,85,85,85,85,70,52],"gold":42,"neow_bonus":"BOSS_RELIC","is_prod":false,"is_daily":false,"chose_seed":false,"campfire_upgraded":7,"win_rate":0,"timestamp":1553648697,"path_taken":["M","M","?","M","?","R","E","R","T","R","M","?","R","E","R","BOSS","M","?","$","M","?","E","?","E","T","M","$","E","?","M","R","BOSS","M","M","M","?","M","M","?","M","T","E","$","E","R","M","R","BOSS","BOSS","R","$","E","BOSS"],"build_version":"2019-03-15","purchased_purges":3,"victory":true,"max_hp_per_floor":[75,75,75,75,75,75,75,75,75,75,75,75,75,75,75,80,80,80,80,80,80,80,80,80,80,80,80,80,87,87,87,87,87,87,87,87,87,83,83,83,83,83,83,83,80,85,85,85,85,85,85,85,85,85,85,85],"card_choices":[{"not_picked":["Anger","Reckless Charge"],"picked":"Feel No Pain","floor":1.0},{"not_picked":["Body Slam","Sever Soul"],"picked":"Pommel Strike","floor":2.0},{"not_picked":["Warcry","Whirlwind"],"picked":"Uppercut","floor":4.0},{"not_picked":["Carnage","Headbutt"],"picked":"Evolve","floor":5.0},{"not_picked":["Heavy Blade","Uppercut"],"picked":"Burning Pact","floor":7.0},{"not_picked":["Pommel Strike","Thunderclap"],"picked":"Uppercut","floor":11.0},{"not_picked":["Heavy Blade","Clothesline","Blood for Blood"],"picked":"SKIP","floor":14.0},{"not_picked":["Heavy Blade","Clothesline","Blood for Blood"],"picked":"SKIP","floor":14.0},{"not_picked":["Clothesline","Warcry"],"picked":"Spot Weakness+1","floor":18.0},{"not_picked":["Twin Strike","Thunderclap+1","Headbutt"],"picked":"SKIP","floor":21.0},{"not_picked":["Twin Strike","Headbutt"],"picked":"Thunderclap+1","floor":21.0},{"not_picked":["Dark Embrace","Searing Blow","Warcry"],"picked":"SKIP","floor":23.0},{"not_picked":["Rupture","Pummel"],"picked":"Armaments","floor":25.0},{"not_picked":["Pommel Strike","Thunderclap","Body Slam"],"picked":"SKIP","floor":27.0},{"not_picked":["Pommel Strike+1","Clothesline"],"picked":"Disarm","floor":29.0},{"not_picked":["Clothesline","Headbutt+1"],"picked":"True Grit","floor":30.0},{"not_picked":["Sever Soul","Body Slam"],"picked":"Battle Trance","floor":31.0},{"not_picked":["Barricade","Reaper"],"picked":"Limit Break","floor":33.0},{"not_picked":["Wild Strike+1","Havoc"],"picked":"Armaments","floor":35.0},{"not_picked":["Infernal Blade","Wild Strike+1","Perfected Strike"],"picked":"SKIP","floor":36.0},{"not_picked":["Pommel Strike","True Grit","Flex"],"picked":"SKIP","floor":37.0},{"not_picked":["Warcry","Wild Strike"],"picked":"Metallicize","floor":39.0},{"not_picked":["Cleave+1","Pommel Strike"],"picked":"Shrug It Off","floor":40.0},{"not_picked":["Deep Breath","Panache"],"picked":"Panacea","floor":41.0},{"not_picked":["Havoc","Twin Strike"],"picked":"Pommel Strike+1","floor":42.0},{"not_picked":["Iron Wave","Bludgeon"],"picked":"Feel No Pain","floor":44.0},{"not_picked":["Heavy Blade","Thunderclap"],"picked":"Corruption","floor":46.0},{"not_picked":["Rampage","Sentinel","Whirlwind"],"picked":"SKIP","floor":48.0},{"not_picked":["Combust+1","Second Wind+1","Uppercut+1"],"picked":"SKIP","floor":55}],"player_experience":1294643,"relics_obtained":[{"floor":3.0,"key":"Gremlin Horn"},{"floor":7.0,"key":"Bottled Tornado"},{"floor":9.0,"key":"Boot"},{"floor":14.0,"key":"Meat on the Bone"},{"floor":22.0,"key":"Torii"},{"floor":22.0,"key":"Blue Candle"},{"floor":23.0,"key":"Vajra"},{"floor":25.0,"key":"PreservedInsect"},{"floor":29.0,"key":"Strawberry"},{"floor":43.0,"key":"Happy Flower"},{"floor":44.0,"key":"Orichalcum"},{"floor":46.0,"key":"Ice Cream"},{"floor":55,"key":"Pen Nib"}],"event_choices":[{"damage_healed":0.0,"max_hp_gain":0.0,"max_hp_loss":0.0,"gold_gain":0.0,"event_name":"Golden Idol","player_choice":"Take Damage","floor":12.0,"gold_loss":0.0,"damage_taken":26.0,"relics_obtained":["Golden Idol"]},{"damage_healed":0.0,"max_hp_gain":0.0,"max_hp_loss":0.0,"gold_gain":0.0,"event_name":"The Library","player_choice":"Read","floor":19.0,"gold_loss":0.0,"damage_taken":0.0,"cards_obtained":["Ghostly Armor"]},{"damage_healed":0.0,"max_hp_gain":0.0,"max_hp_loss":0.0,"gold_gain":0.0,"event_name":"Colosseum","player_choice":"Fight","floor":22.0,"gold_loss":0.0,"damage_taken":0.0},{"damage_healed":0.0,"max_hp_gain":0.0,"max_hp_loss":0.0,"gold_gain":0.0,"event_name":"Colosseum","player_choice":"Fought Nobs","floor":22.0,"gold_loss":0.0,"damage_taken":0.0},{"damage_healed":0.0,"max_hp_gain":0.0,"max_hp_loss":0.0,"gold_gain":0.0,"event_name":"Duplicator","player_choice":"Copied","floor":24.0,"gold_loss":0.0,"damage_taken":0.0,"cards_obtained":["Reaper"]},{"damage_healed":0.0,"max_hp_gain":0.0,"max_hp_loss":4.0,"gold_gain":0.0,"event_name":"Winding Halls","player_choice":"Max HP","floor":38.0,"gold_loss":0.0,"damage_taken":0.0},{"damage_healed":0.0,"max_hp_gain":0.0,"max_hp_loss":0.0,"gold_gain":0.0,"event_name":"SensoryStone","player_choice":"Memory 1","floor":41.0,"gold_loss":0.0,"damage_taken":0.0}],"is_beta":true,"boss_relics":[{"not_picked":["Sozu","White Beast Statue"],"picked":"Cursed Key"},{"not_picked":["Pandora\u0027s Box","Empty Cage"],"picked":"Runic Dome"}],"items_purged_floors":[20,28,45],"is_endless":false,"potions_floor_spawned":[2,7,11,21,27,29,30,31,37,42,44,46],"ascension_level":20}