{"gold_per_floor":[115,115,115,60,25,25,56,56,86,110,128,149,149,183,183,281,281,304,248,248,298,312,312],"floor_reached":23,"playtime":613,"items_purged":[],"score":419,"play_id":"4fcc6b23-21dd-4556-83f5-65cfc1161c5e","local_time":"20181115102600","is_ascension_mode":true,"campfire_choices":[{"data":"Zap","floor":6.0,"key":"SMITH"},{"data":"Sweeping Beam","floor":13.0,"key":"SMITH"},{"data":"Sweeping Beam","floor":15.0,"key":"SMITH"}],"neow_cost":"NONE","seed_source_timestamp":0,"circlet_count":0,"master_deck":["AscendersBane","Defend_B","Defend_B","Defend_B","Defend_B","Zap+1","Dualcast","Steam","Ball Lightning","Hologram","Melter","Sweeping Beam+1","Sweeping Beam+1","Seek","Leap","Bite","Bite","Bite","Bite","Bite","Leap"],"special_seed":0,"relics":["Cracked Core","Vajra","Golden Idol","Blue Candle","Strawberry","Tiny Chest","Regal Pillow","Nuclear Battery"],"potions_floor_usage":[22,23],"damage_taken":[{"damage":7.0,"enemies":"Small Slimes","floor":1.0,"turns":3.0},{"damage":6.0,"enemies":"Gremlin Nob","floor":7.0,"turns":3.0},{"damage":0.0,"enemies":"Jaw Worm","floor":10.0,"turns":2.0},{"damage":1.0,"enemies":"2 Louse","floor":11.0,"turns":2.0},{"damage":3.0,"enemies":"2 Fungi Beasts","floor":12.0,"turns":3.0},{"damage":6.0,"enemies":"Lagavulin","floor":14.0,"turns":5.0},{"damage":22.0,"enemies":"Hexaghost","floor":16.0,"turns":7.0},{"damage":24,"enemies":"3 Byrds","floor":18,"turns":5},{"damage":15,"enemies":"Shell Parasite","floor":22,"turns":4},{"damage":54,"enemies":"Slavers","floor":23,"turns":4}],"seed_played":"-8778813587741400802","potions_obtained":[{"floor":7.0,"key":"FairyPotion"},{"floor":8.0,"key":"Dexterity Potion"},{"floor":8.0,"key":"SneckoOil"},{"floor":10.0,"key":"EssenceOfSteel"},{"floor":11.0,"key":"AttackPotion"},{"floor":18,"key":"Energy Potion"},{"floor":22,"key":"Regen Potion"}],"is_trial":false,"path_per_floor":["M","?","?","$","?","R","E","?","T","M","M","M","R","E","R","B",null,"M","$","?","?","M","E"],"character_chosen":"DEFECT","items_purchased":["AttackPotion","Block Potion"],"campfire_rested":0,"item_purchase_floors":[4,19],"current_hp_per_floor":[57,57,46,46,62,62,63,63,63,63,62,59,59,53,53,31,61,37,37,37,37,32,0],"gold":312,"neow_bonus":"RANDOM_COMMON_RELIC","is_prod":false,"is_daily":false,"chose_seed":false,"campfire_upgraded":3,"win_rate":0,"timestamp":1542295560,"path_taken":["M","?","?","$","?","R","E","?","T","M","M","M","R","E","R","BOSS","M","?","?","?","M","E"],"build_version":"2018-11-14","purchased_purges":0,"victory":false,"max_hp_per_floor":[71,64,64,64,64,64,71,71,71,71,71,71,71,71,71,71,71,71,71,49,49,49,49],"card_choices":[{"not_picked":["Auto Shields","Blizzard"],"picked":"Steam","floor":1.0},{"not_picked":["Leap","Coolheaded"],"picked":"Ball Lightning","floor":7.0},{"not_picked":["Tempest","Turbo"],"picked":"Hologram","floor":10.0},{"not_picked":["Tempest","Cold Snap"],"picked":"Melter","floor":11.0},{"not_picked":["Streamline","Conserve Battery"],"picked":"Sweeping Beam","floor":12.0},{"not_picked":["Storm","Hologram"],"picked":"Sweeping Beam","floor":14.0},{"not_picked":["All For One","Machine Learning"],"picked":"Seek","floor":16.0},{"not_picked":["Coolheaded","Ball Lightning"],"picked":"Leap","floor":18},{"not_picked":["Beam Cell","Stack"],"picked":"Leap","floor":22}],"player_experience":870834,"relics_obtained":[{"floor":7.0,"key":"Strawberry"},{"floor":9.0,"key":"Tiny Chest"},{"floor":14.0,"key":"Regal Pillow"}],"event_choices":[{"damage_healed":0.0,"max_hp_gain":0.0,"max_hp_loss":7.0,"gold_gain":0.0,"event_name":"Golden Idol","player_choice":"Lose Max HP","floor":2.0,"gold_loss":0.0,"damage_taken":0.0,"relics_obtained":["Golden Idol"]},{"damage_healed":0.0,"max_hp_gain":0.0,"max_hp_loss":0.0,"gold_gain":0.0,"event_name":"Scrap Ooze","player_choice":"Success","floor":3.0,"gold_loss":0.0,"damage_taken":11.0,"relics_obtained":["Blue Candle"]},{"damage_healed":16.0,"max_hp_gain":0.0,"max_hp_loss":0.0,"gold_gain":0.0,"event_name":"The Cleric","player_choice":"Healed","floor":5.0,"gold_loss":35.0,"damage_taken":0.0},{"damage_healed":0.0,"max_hp_gain":0.0,"max_hp_loss":0.0,"gold_gain":0.0,"event_name":"Lab","player_choice":"Got Potions","floor":8.0,"gold_loss":0.0,"damage_taken":0.0},{"damage_healed":0,"gold_gain":0,"player_choice":"Became a vampire","damage_taken":0,"max_hp_gain":0,"max_hp_loss":22,"event_name":"Vampires","floor":20,"gold_loss":0,"cards_obtained":["Bite","Bite","Bite","Bite","Bite"]},{"damage_healed":0,"gold_gain":50,"player_choice":"Stole From Cult","damage_taken":0,"max_hp_gain":0,"max_hp_loss":0,"event_name":"Nest","floor":21,"gold_loss":0}],"is_beta":true,"boss_relics":[{"not_picked":["Velvet Choker","Runic Pyramid"],"picked":"Nuclear Battery"}],"items_purged_floors":[],"is_endless":false,"potions_floor_spawned":[7,10,11,18,22],"killed_by":"Slavers","ascension_level":20}