{"gold_per_floor":[111,126,126,51,51,51,82,82,82,109,109],"floor_reached":11,"playtime":491,"items_purged":["Decay"],"score":150,"play_id":"e688d77a-9bb6-4e7d-bc79-95f336c6ef38","local_time":"20190318112117","is_ascension_mode":true,"campfire_choices":[{"data":"Cloak And Dagger","floor":6,"key":"SMITH"},{"data":"Riddle With Holes","floor":8,"key":"SMITH"}],"neow_cost":"CURSE","seed_source_timestamp":9215709977378,"circlet_count":0,"master_deck":["AscendersBane","Defend_G","Defend_G","Defend_G","Defend_G","Defend_G","Strike_G","Strike_G","Strike_G","Strike_G","Strike_G","Survivor","Neutralize","Cloak And Dagger+1","Escape Plan","Riddle With Holes+1","Cloak And Dagger"],"relics":["Ring of the Snake","Bird Faced Urn","Pear","Bottled Lightning"],"potions_floor_usage":[7,10],"damage_taken":[{"damage":6,"enemies":"2 Louse","floor":1,"turns":4},{"damage":11,"enemies":"Jaw Worm","floor":2,"turns":5},{"damage":42,"enemies":"Lagavulin","floor":7,"turns":7},{"damage":29,"enemies":"3 Sentries","floor":10,"turns":9},{"damage":4,"enemies":"Cultist","floor":11,"turns":2}],"seed_played":"-1521705873735952187","potions_obtained":[{"floor":2,"key":"Strength Potion"},{"floor":7,"key":"EssenceOfSteel"}],"is_trial":false,"path_per_floor":["M","M","?","$","?","R","E","R","T","E","M"],"character_chosen":"THE_SILENT","items_purchased":[],"campfire_rested":0,"item_purchase_floors":[],"current_hp_per_floor":[53,42,42,42,64,64,32,32,32,3,0],"gold":109,"neow_bonus":"ONE_RARE_RELIC","is_prod":false,"is_daily":false,"chose_seed":false,"campfire_upgraded":2,"win_rate":0,"timestamp":1552922477,"path_taken":["M","M","?","$","?","R","E","R","T","E","M"],"build_version":"2019-03-15","purchased_purges":1,"victory":false,"max_hp_per_floor":[66,66,66,66,66,66,76,76,76,76,76],"card_choices":[{"not_picked":["Heel Hook","Quick Slash"],"picked":"Cloak And Dagger","floor":1},{"not_picked":["Bane","Backflip"],"picked":"Escape Plan","floor":2},{"not_picked":["Finisher","Prepared"],"picked":"Riddle With Holes","floor":7},{"not_picked":["Blade Dance","Flying Knee"],"picked":"Cloak And Dagger","floor":10}],"player_experience":560109,"relics_obtained":[{"floor":7,"key":"Pear"},{"floor":10,"key":"Bottled Lightning"}],"event_choices":[{"damage_healed":0,"gold_gain":0,"player_choice":"Ignored","damage_taken":0,"max_hp_gain":0,"max_hp_loss":0,"event_name":"Shining Light","floor":3,"gold_loss":0},{"damage_healed":22,"gold_gain":0,"player_choice":"Banana","damage_taken":0,"max_hp_gain":0,"max_hp_loss":0,"event_name":"Big Fish","floor":5,"gold_loss":0}],"is_beta":true,"boss_relics":[],"items_purged_floors":[4],"is_endless":false,"potions_floor_spawned":[2,7],"killed_by":"Cultist","ascension_level":18}