{"gold_per_floor":[116,129,144,155,167,167,193,193,218,183,216,231,231,248,248,322,322,342,94,94,51,68,68,103,103,128,143,172,184,184,199,199,272,272,284,284,284,302,316,316,332,332,413,443,462,479,479,106,106,106],"floor_reached":51,"playtime":3089,"items_purged":["Strike_G","Strike_G"],"score":1402,"play_id":"e40e7580-96a4-496a-958c-03790115cac7","local_time":"20190319181228","is_ascension_mode":true,"campfire_choices":[{"data":"Deadly Poison","floor":6.0,"key":"SMITH"},{"data":"Cloak And Dagger","floor":8.0,"key":"SMITH"},{"floor":13.0,"key":"REST"},{"data":"Deadly Poison","floor":15.0,"key":"SMITH"},{"floor":23.0,"key":"REST"},{"data":"Wraith Form v2","floor":25.0,"key":"SMITH"},{"floor":32.0,"key":"REST"},{"data":"Wraith Form v2","floor":40,"key":"SMITH"},{"floor":42,"key":"REST"},{"data":"Doppelganger","floor":47,"key":"SMITH"},{"data":"Footwork","floor":49,"key":"SMITH"}],"neow_cost":"NONE","seed_source_timestamp":0,"circlet_count":0,"master_deck":["AscendersBane","Defend_G","Defend_G","Defend_G","Defend_G","Defend_G","Survivor","Neutralize+1","Backstab","Slice","Deadly Poison+1","Deadly Poison+1","Deflect","Cloak And Dagger+1","Backstab","Backflip","Wraith Form v2+1","Footwork+1","Dodge and Roll+1","Wraith Form v2+1","Doppelganger+1","Well Laid Plans+1","Poisoned Stab","Mayhem+1","Predator"],"special_seed":0,"relics":["Ring of the Snake","Bottled Flame","Regal Pillow","Oddly Smooth Stone","Busted Crown","PreservedInsect","Nilry\u0027s Codex","Blood Vial","Omamori","Boot","Sozu","Meat on the Bone","Frozen Egg 2"],"potions_floor_usage":[],"damage_taken":[{"damage":0.0,"enemies":"Cultist","floor":1.0,"turns":4.0},{"damage":2.0,"enemies":"Jaw Worm","floor":2.0,"turns":5.0},{"damage":1.0,"enemies":"Small Slimes","floor":3.0,"turns":3.0},{"damage":5.0,"enemies":"Gremlin Gang","floor":4.0,"turns":4.0},{"damage":1.0,"enemies":"Blue Slaver","floor":5.0,"turns":3.0},{"damage":18.0,"enemies":"3 Sentries","floor":7.0,"turns":9.0},{"damage":34.0,"enemies":"Gremlin Nob","floor":11.0,"turns":4.0},{"damage":0.0,"enemies":"Looter","floor":12.0,"turns":2.0},{"damage":0.0,"enemies":"Lots of Slimes","floor":14.0,"turns":4.0},{"damage":8.0,"enemies":"The Guardian","floor":16.0,"turns":11.0},{"damage":19.0,"enemies":"Spheric Guardian","floor":18.0,"turns":7.0},{"damage":1.0,"enemies":"3 Byrds","floor":22.0,"turns":5.0},{"damage":13.0,"enemies":"Book of Stabbing","floor":24.0,"turns":5.0},{"damage":6.0,"enemies":"Shelled Parasite and Fungi","floor":27.0,"turns":5.0},{"damage":7.0,"enemies":"Slavers","floor":28.0,"turns":5.0},{"damage":0.0,"enemies":"Chosen and Byrds","floor":29.0,"turns":5.0},{"damage":3.0,"enemies":"3 Cultists","floor":31.0,"turns":5.0},{"damage":63.0,"enemies":"Collector","floor":33.0,"turns":9.0},{"damage":0,"enemies":"3 Shapes","floor":35,"turns":5},{"damage":0,"enemies":"Orb Walker","floor":38,"turns":6},{"damage":6,"enemies":"Maw","floor":39,"turns":9},{"damage":11,"enemies":"Sphere and 2 Shapes","floor":41,"turns":8},{"damage":3,"enemies":"Nemesis","floor":44,"turns":7},{"damage":1,"enemies":"Spire Growth","floor":45,"turns":7},{"damage":1,"enemies":"Transient","floor":46,"turns":6},{"damage":34,"enemies":"Donu and Deca","floor":50,"turns":11}],"seed_played":"9183346575912846858","potions_obtained":[{"floor":1.0,"key":"Block Potion"},{"floor":5.0,"key":"Weak Potion"},{"floor":11.0,"key":"GamblersBrew"},{"floor":12.0,"key":"Strength Potion"},{"floor":14.0,"key":"EssenceOfSteel"},{"floor":22.0,"key":"Ancient Potion"},{"floor":24.0,"key":"Dexterity Potion"},{"floor":28.0,"key":"Fire Potion"}],"is_trial":false,"path_per_floor":["M","M","M","M","M","R","E","R","T","?","E","M","R","M","R","B",null,"M","$","?","$","M","R","E","R","T","M","E","M","?","M","R","B",null,"M","?","?","M","M","R","M","R","T","E","M","M","R","$","R","B",null],"character_chosen":"THE_SILENT","items_purchased":["PreservedInsect","Footwork","Mayhem+1","Predator"],"campfire_rested":4,"item_purchase_floors":[19,21,48,48],"current_hp_per_floor":[59,57,56,51,50,50,32,32,32,48,14,14,48,48,48,40,60,41,41,20,20,19,53,40,40,40,36,31,33,33,32,66,3,50,52,52,52,54,50,50,41,66,66,63,64,65,65,65,65,44],"gold":106,"neow_bonus":"UPGRADE_CARD","is_prod":false,"is_daily":false,"chose_seed":false,"campfire_upgraded":7,"win_rate":0,"timestamp":1553033548,"path_taken":["M","M","?","M","M","R","E","R","T","?","E","M","R","M","R","BOSS","M","$","?","$","M","R","E","R","T","M","E","M","?","?","R","BOSS","M","?","?","?","M","R","M","R","T","E","M","M","R","$","R","BOSS"],"build_version":"2019-03-15","purchased_purges":2,"victory":true,"max_hp_per_floor":[66,66,66,66,66,66,66,66,66,66,66,66,66,66,66,66,66,66,66,66,66,66,66,66,66,66,66,66,66,66,66,66,66,66,66,66,66,66,66,66,66,66,66,66,66,66,66,66,66,66],"card_choices":[{"not_picked":["Concentrate","Deflect"],"picked":"Backstab","floor":1.0},{"not_picked":["Poisoned Stab","Acrobatics"],"picked":"Slice","floor":2.0},{"not_picked":["Slice","Distraction"],"picked":"Deadly Poison","floor":3.0},{"not_picked":["Acrobatics","Bane"],"picked":"Deadly Poison","floor":4.0},{"not_picked":["Blade Dance","Glass Knife"],"picked":"Deflect","floor":5.0},{"not_picked":["Deadly Poison","Expertise"],"picked":"Cloak And Dagger","floor":7.0},{"not_picked":["Phantasmal Killer","Tactician"],"picked":"Backstab","floor":11.0},{"not_picked":["Eviscerate","Deflect","Bane"],"picked":"SKIP","floor":12.0},{"not_picked":["PiercingWail","Prepared"],"picked":"Backflip","floor":14.0},{"not_picked":["Malaise","Die Die Die"],"picked":"Wraith Form v2","floor":16.0},{"not_picked":["Sucker Punch"],"picked":"SKIP","floor":18.0},{"not_picked":["Underhanded Strike"],"picked":"SKIP","floor":22.0},{"not_picked":["Underhanded Strike"],"picked":"SKIP","floor":22.0},{"not_picked":["Expertise"],"picked":"SKIP","floor":24.0},{"not_picked":[],"picked":"Dodge and Roll+1","floor":27.0},{"not_picked":["Quick Slash"],"picked":"SKIP","floor":28.0},{"not_picked":["Setup"],"picked":"SKIP","floor":29.0},{"not_picked":["Caltrops"],"picked":"SKIP","floor":31.0},{"not_picked":[],"picked":"Wraith Form v2","floor":33.0},{"not_picked":["Blur"],"picked":"SKIP","floor":35},{"not_picked":["Terror"],"picked":"SKIP","floor":38},{"not_picked":["Masterful Stab"],"picked":"SKIP","floor":39},{"not_picked":["Cloak And Dagger"],"picked":"SKIP","floor":41},{"not_picked":[],"picked":"Doppelganger","floor":44},{"not_picked":[],"picked":"Well Laid Plans+1","floor":45},{"not_picked":[],"picked":"Poisoned Stab","floor":46}],"player_experience":587011,"relics_obtained":[{"floor":7.0,"key":"Bottled Flame"},{"floor":9.0,"key":"Regal Pillow"},{"floor":11.0,"key":"Oddly Smooth Stone"},{"floor":20.0,"key":"Nilry\u0027s Codex"},{"floor":24.0,"key":"Blood Vial"},{"floor":26.0,"key":"Omamori"},{"floor":28.0,"key":"Boot"},{"floor":43,"key":"Meat on the Bone"},{"floor":44,"key":"Frozen Egg 2"}],"event_choices":[{"damage_healed":16.0,"max_hp_gain":0.0,"max_hp_loss":0.0,"gold_gain":0.0,"event_name":"The Cleric","player_choice":"Healed","floor":10.0,"gold_loss":35.0,"damage_taken":0.0},{"damage_healed":0.0,"max_hp_gain":0.0,"max_hp_loss":0.0,"gold_gain":0.0,"event_name":"Cursed Tome","player_choice":"Obtained Book","floor":20.0,"gold_loss":0.0,"damage_taken":21.0},{"cards_removed":["Strike_G"],"damage_healed":0.0,"max_hp_gain":0.0,"max_hp_loss":0.0,"gold_gain":0.0,"event_name":"Purifier","player_choice":"Purged","floor":30.0,"gold_loss":0.0,"damage_taken":0.0},{"cards_removed":["Strike_G"],"damage_healed":0,"gold_gain":0,"player_choice":"Removed Attack","damage_taken":0,"max_hp_gain":0,"max_hp_loss":0,"event_name":"Falling","floor":36,"gold_loss":0},{"cards_removed":["Strike_G"],"damage_healed":0,"gold_gain":0,"player_choice":"Purged","damage_taken":0,"max_hp_gain":0,"max_hp_loss":0,"event_name":"Purifier","floor":37,"gold_loss":0}],"is_beta":true,"boss_relics":[{"not_picked":["Ectoplasm","Runic Pyramid"],"picked":"Busted Crown"},{"not_picked":["HoveringKite","Empty Cage"],"picked":"Sozu"}],"items_purged_floors":[19,48],"is_endless":false,"potions_floor_spawned":[1,5,11,12,14,18,22,24,28,35,44,46],"ascension_level":19}