{"gold_per_floor":[360,376,386,401,363,363,390,211,211,211,211,6,21,0,0,75,75,89,89,0,0,0,35,35,49,49,62,62,62,62,77,77,151,151,162,172,191,2,16,16,31,0,0,0],"floor_reached":44,"playtime":3262,"items_purged":["Strike_B","Strike_B"],"score":837,"play_id":"6b10b7de-0adc-4fad-9188-d0fd8b1a766b","local_time":"20190307224239","is_ascension_mode":true,"campfire_choices":[{"data":"Zap","floor":6,"key":"SMITH"},{"floor":11,"key":"REST"},{"data":"Strike_B","floor":15,"key":"PURGE"},{"floor":24,"key":"REST"},{"floor":28,"key":"REST"},{"data":"Strike_B","floor":30,"key":"PURGE"},{"data":"Panacea","floor":32,"key":"SMITH"},{"floor":40,"key":"REST"}],"neow_cost":"PERCENT_DAMAGE","seed_source_timestamp":162462332605898,"circlet_count":0,"master_deck":["AscendersBane","Defend_B","Defend_B","Defend_B","Defend_B","Zap+1","Dualcast","Go for the Eyes","Coolheaded","White Noise","Gash","Loop","Ball Lightning","Glacier","Cold Snap","Loop","Biased Cognition","White Noise","Panacea+1","Cold Snap","Go for the Eyes","Gash","Machine Learning","Conserve Battery","Hologram","Go for the Eyes","Apotheosis","Steam","Hologram","Shame"],"relics":["Cracked Core","Peace Pipe","The Courier","Membership Card","Lizard Tail","Nilry\u0027s Codex","Kunai","Mummified Hand","Cursed Key","Pen Nib","Juzu Bracelet","Red Mask","Letter Opener"],"potions_floor_usage":[4,13,23,23,31,33,36,39,41],"damage_taken":[{"damage":1,"enemies":"2 Louse","floor":1,"turns":3},{"damage":9,"enemies":"Jaw Worm","floor":2,"turns":3},{"damage":3,"enemies":"Small Slimes","floor":3,"turns":4},{"damage":7,"enemies":"Gremlin Gang","floor":4,"turns":5},{"damage":7,"enemies":"Lagavulin","floor":7,"turns":8},{"damage":1,"enemies":"3 Louse","floor":13,"turns":3},{"damage":0,"enemies":"Slime Boss","floor":16,"turns":11},{"damage":2,"enemies":"Spheric Guardian","floor":18,"turns":4},{"damage":54,"enemies":"Slavers","floor":23,"turns":8},{"damage":8,"enemies":"Shell Parasite","floor":25,"turns":8},{"damage":0,"enemies":"Cultist and Chosen","floor":27,"turns":6},{"damage":10,"enemies":"Shelled Parasite and Fungi","floor":31,"turns":8},{"damage":24,"enemies":"Champ","floor":33,"turns":14},{"damage":29,"enemies":"3 Darklings","floor":35,"turns":9},{"damage":11,"enemies":"Orb Walker","floor":36,"turns":6},{"damage":5,"enemies":"Maw","floor":37,"turns":7},{"damage":11,"enemies":"Jaw Worm Horde","floor":39,"turns":5},{"damage":36,"enemies":"Writhing Mass","floor":41,"turns":7},{"damage":18,"enemies":"Spire Growth","floor":44,"turns":2}],"seed_played":"9111025385699856812","potions_obtained":[{"floor":1,"key":"SkillPotion"},{"floor":7,"key":"SpeedPotion"},{"floor":16,"key":"LiquidBronze"},{"floor":18,"key":"AttackPotion"},{"floor":27,"key":"EntropicBrew"},{"floor":35,"key":"Regen Potion"},{"floor":37,"key":"FearPotion"}],"is_trial":false,"path_per_floor":["M","M","M","M","?","R","E","$","T","?","R","$","M","$","R","B",null,"M","?","$","?","?","E","R","M","T","M","R","?","R","M","R","B",null,"M","M","M","$","M","R","M","?","T","M"],"character_chosen":"DEFECT","items_purchased":["Loop","Ball Lightning","Membership Card","Glacier","Cold Snap","Energy Potion","Panacea","Apotheosis","Pen Nib","Juzu Bracelet"],"campfire_rested":4,"item_purchase_floors":[8,8,12,12,12,14,20,38,38,38],"current_hp_per_floor":[45,36,33,26,26,26,19,19,19,19,40,40,39,39,39,39,63,61,61,61,40,20,4,26,18,18,18,40,40,40,30,30,6,59,30,34,29,29,18,40,4,4,4,0],"gold":0,"neow_bonus":"TWO_FIFTY_GOLD","is_prod":false,"is_daily":false,"chose_seed":false,"campfire_upgraded":2,"win_rate":0,"timestamp":1552016559,"path_taken":["M","M","M","M","?","R","E","$","T","?","R","$","M","?","R","BOSS","M","?","$","?","?","E","R","M","T","M","R","?","R","M","R","BOSS","M","?","M","$","M","R","M","?","T","M"],"build_version":"2019-02-06","purchased_purges":2,"victory":false,"max_hp_per_floor":[71,71,71,71,71,71,71,71,71,71,71,71,71,71,71,71,71,71,71,71,71,76,76,76,76,76,76,76,76,76,76,76,76,76,76,76,76,76,76,76,76,76,76,76],"card_choices":[{"not_picked":["Hello World","Turbo"],"picked":"Go for the Eyes","floor":1},{"not_picked":["Compile Driver","Stack"],"picked":"Coolheaded","floor":2},{"not_picked":["Redo","Force Field","Darkness"],"picked":"SKIP","floor":3},{"not_picked":["Sweeping Beam","Reinforced Body"],"picked":"White Noise","floor":4},{"not_picked":["Coolheaded","Meteor Strike"],"picked":"Gash","floor":7},{"not_picked":["Redo","Streamline"],"picked":"Loop","floor":13},{"not_picked":["Thunder Strike","Reboot"],"picked":"Biased Cognition","floor":16},{"not_picked":["Steam Power","Fusion"],"picked":"White Noise","floor":18},{"not_picked":["Rebound","Machine Learning"],"picked":"Cold Snap","floor":23},{"not_picked":["Rebound","Sweeping Beam"],"picked":"Go for the Eyes","floor":25},{"not_picked":["Conserve Battery","Compile Driver"],"picked":"Gash","floor":27},{"not_picked":["Doom and Gloom","Streamline","Compile Driver+1"],"picked":"SKIP","floor":31},{"not_picked":["Hyperbeam","Biased Cognition"],"picked":"Machine Learning","floor":33},{"not_picked":["Reinforced Body","Darkness+1"],"picked":"Conserve Battery","floor":35},{"not_picked":["Stack","Cold Snap+1"],"picked":"Hologram","floor":36},{"not_picked":["Turbo","Blizzard+1"],"picked":"Go for the Eyes","floor":37},{"not_picked":["Ball Lightning+1","Beam Cell+1"],"picked":"Steam","floor":39},{"not_picked":["Hello World","Chill"],"picked":"Hologram","floor":41}],"player_experience":437227,"relics_obtained":[{"floor":7,"key":"Peace Pipe"},{"floor":9,"key":"The Courier"},{"floor":21,"key":"Nilry\u0027s Codex"},{"floor":23,"key":"Kunai"},{"floor":26,"key":"Mummified Hand"},{"floor":43,"key":"Letter Opener"}],"event_choices":[{"damage_healed":0,"gold_gain":0,"player_choice":"Left Gold","damage_taken":0,"max_hp_gain":0,"max_hp_loss":0,"event_name":"World of Goop","floor":5,"gold_loss":38},{"damage_healed":0,"gold_gain":0,"player_choice":"Ignored","damage_taken":0,"max_hp_gain":0,"max_hp_loss":0,"event_name":"Shining Light","floor":10,"gold_loss":0},{"damage_healed":0,"gold_gain":0,"player_choice":"Ignored","damage_taken":0,"max_hp_gain":0,"max_hp_loss":0,"event_name":"Ghosts","floor":19,"gold_loss":0},{"damage_healed":0,"gold_gain":0,"player_choice":"Obtained Book","damage_taken":21,"max_hp_gain":0,"max_hp_loss":0,"event_name":"Cursed Tome","floor":21,"gold_loss":0},{"damage_healed":0,"gold_gain":0,"player_choice":"Shed Blood","damage_taken":25,"max_hp_gain":5,"max_hp_loss":0,"event_name":"Forgotten Altar","floor":22,"gold_loss":0},{"damage_healed":0,"gold_gain":0,"player_choice":"Ignored","damage_taken":0,"max_hp_gain":0,"max_hp_loss":0,"event_name":"N\u0027loth","floor":29,"gold_loss":0},{"damage_healed":0,"gold_gain":0,"player_choice":"Paid","damage_taken":0,"relics_obtained":["Red Mask"],"max_hp_gain":0,"max_hp_loss":0,"event_name":"Tomb of Lord Red Mask","floor":42,"gold_loss":31}],"is_beta":true,"boss_relics":[{"not_picked":["Pandora\u0027s Box","Eternal Feather"],"picked":"Lizard Tail"},{"not_picked":["Philosopher\u0027s Stone","Calling Bell"],"picked":"Cursed Key"}],"items_purged_floors":[8,20],"is_endless":false,"potions_floor_spawned":[1,7,16,18,27,35,37],"killed_by":"Spire Growth","ascension_level":15}