{"gold_per_floor":[115,265,265,340,351,351,369,388,413,61,61,61,81,6,6,104,167,191,191],"floor_reached":19,"playtime":812,"items_purged":["Doubt"],"score":314,"play_id":"b938e996-8463-41aa-92a0-b0988fdc02ce","local_time":"20190322011900","is_ascension_mode":true,"campfire_choices":[{"data":"Combust","floor":6,"key":"SMITH"},{"floor":12,"key":"REST"},{"data":"Bash","floor":15,"key":"SMITH"}],"neow_cost":"NONE","seed_source_timestamp":766176098819544,"circlet_count":0,"master_deck":["AscendersBane","Strike_R","Strike_R","Strike_R","Strike_R","Strike_R","Defend_R","Defend_R","Defend_R","Defend_R","Bash+1","Combust+1","Shrug It Off","Shrug It Off","Flame Barrier+1","Battle Trance+1","True Grit+1","Feed+1","Cleave","Battle Trance+1"],"relics":["Burning Blood","Bag of Preparation","Dream Catcher","Toxic Egg 2","Golden Idol","Tiny House"],"potions_floor_usage":[16,18,19,19],"damage_taken":[{"damage":5,"enemies":"2 Louse","floor":1,"turns":4},{"damage":12,"enemies":"Jaw Worm","floor":5,"turns":4},{"damage":14,"enemies":"Small Slimes","floor":7,"turns":5},{"damage":22,"enemies":"Exordium Wildlife","floor":8,"turns":6},{"damage":0,"enemies":"Red Slaver","floor":13,"turns":5},{"damage":47,"enemies":"The Guardian","floor":16,"turns":15},{"damage":0,"enemies":"3 Byrds","floor":18,"turns":2},{"damage":48,"enemies":"Colosseum Slavers","floor":19,"turns":5},{"damage":48,"enemies":"Colosseum Nobs","floor":19,"turns":3}],"seed_played":"-4426617147334011257","potions_obtained":[{"floor":1,"key":"Energy Potion"},{"floor":7,"key":"SkillPotion"},{"floor":8,"key":"Poison Potion"},{"floor":17,"key":"Explosive Potion"},{"floor":18,"key":"Swift Potion"}],"is_trial":false,"path_per_floor":["M","?","?","?","M","R","M","M","T","$","?","R","M","$","R","B",null,"M","?"],"character_chosen":"IRONCLAD","items_purchased":["Toxic Egg 2","Flame Barrier+1"],"campfire_rested":1,"item_purchase_floors":[10,10],"current_hp_per_floor":[69,69,74,63,57,57,49,33,33,33,33,54,60,60,60,19,64,70,0],"gold":191,"neow_bonus":"RANDOM_COMMON_RELIC","is_prod":false,"is_daily":false,"chose_seed":false,"campfire_upgraded":2,"win_rate":0,"timestamp":1553231940,"path_taken":["M","?","?","?","M","R","M","M","T","$","?","R","?","?","R","BOSS","M","?"],"build_version":"2019-03-15","purchased_purges":1,"victory":false,"max_hp_per_floor":[75,75,80,80,80,80,80,80,80,80,72,72,72,72,72,72,77,77,81],"card_choices":[{"not_picked":["Iron Wave","Searing Blow"],"picked":"Combust","floor":1},{"not_picked":["Flex","Sentinel","Clash"],"picked":"SKIP","floor":5},{"not_picked":["Burning Pact","Wild Strike"],"picked":"Shrug It Off","floor":7},{"not_picked":["Clothesline","Armaments"],"picked":"Shrug It Off","floor":8},{"not_picked":["Cleave","Pommel Strike"],"picked":"Battle Trance+1","floor":12},{"not_picked":["Havoc+1","Clash"],"picked":"True Grit+1","floor":13},{"not_picked":["Reaper","Offering+1"],"picked":"Feed","floor":16},{"not_picked":["Sword Boomerang","Fire Breathing"],"picked":"Cleave","floor":17},{"not_picked":["Combust","Rage+1"],"picked":"Battle Trance+1","floor":18}],"player_experience":1169959,"relics_obtained":[{"floor":9,"key":"Dream Catcher"}],"event_choices":[{"damage_healed":0,"gold_gain":150,"player_choice":"AGREE","damage_taken":0,"max_hp_gain":0,"max_hp_loss":0,"event_name":"Liars Game","floor":2,"gold_loss":0,"cards_obtained":["Doubt"]},{"damage_healed":0,"gold_gain":0,"player_choice":"Donut","damage_taken":0,"max_hp_gain":5,"max_hp_loss":0,"event_name":"Big Fish","floor":3,"gold_loss":0},{"damage_healed":0,"gold_gain":75,"player_choice":"Gather Gold","damage_taken":11,"max_hp_gain":0,"max_hp_loss":0,"event_name":"World of Goop","floor":4,"gold_loss":0},{"damage_healed":0,"gold_gain":0,"player_choice":"Lose Max HP","damage_taken":0,"relics_obtained":["Golden Idol"],"max_hp_gain":0,"max_hp_loss":8,"event_name":"Golden Idol","floor":11,"gold_loss":0},{"damage_healed":0,"gold_gain":0,"player_choice":"Fight","damage_taken":0,"max_hp_gain":0,"max_hp_loss":0,"event_name":"Colosseum","floor":19,"gold_loss":0},{"damage_healed":0,"gold_gain":0,"player_choice":"Fought Nobs","damage_taken":0,"max_hp_gain":0,"max_hp_loss":0,"event_name":"Colosseum","floor":19,"gold_loss":0}],"is_beta":true,"boss_relics":[{"not_picked":["White Beast Statue","Runic Cube"],"picked":"Tiny House"}],"items_purged_floors":[14],"is_endless":false,"potions_floor_spawned":[1,7,8,18,19],"killed_by":"Colosseum Nobs","ascension_level":20}