{"gold_per_floor":[116,134,134,147,147,221,221,271,347,347,368,368,368,386,386,386],"floor_reached":16,"playtime":375,"items_purged":[],"score":200,"play_id":"7e9478d3-f263-44b2-83a2-03da96a3e01b","local_time":"20190317115313","is_ascension_mode":true,"campfire_choices":[{"floor":7,"key":"REST"},{"data":"Choke","floor":10,"key":"SMITH"},{"data":"Neutralize","floor":13,"key":"SMITH"},{"floor":15,"key":"REST"}],"neow_cost":"NONE","seed_source_timestamp":372671899709577,"circlet_count":0,"master_deck":["AscendersBane","Defend_G","Defend_G","Defend_G","Defend_G","Defend_G","Strike_G","Strike_G","Strike_G","Strike_G","Strike_G","Survivor","Neutralize+1","Deadly Poison+1","PiercingWail","Choke+1","Dash","Prepared"],"relics":["Ring of the Snake","Golden Idol","Tiny Chest"],"potions_floor_usage":[6,11,11,14,16],"damage_taken":[{"damage":1,"enemies":"Jaw Worm","floor":1,"turns":4},{"damage":1,"enemies":"2 Louse","floor":2,"turns":4},{"damage":1,"enemies":"Cultist","floor":4,"turns":4},{"damage":61,"enemies":"Gremlin Nob","floor":6,"turns":5},{"damage":0,"enemies":"Lots of Slimes","floor":11,"turns":2},{"damage":7,"enemies":"Exordium Thugs","floor":14,"turns":4},{"damage":29,"enemies":"Hexaghost","floor":16,"turns":7}],"seed_played":"8710673383728806661","potions_obtained":[{"floor":2,"key":"Explosive Potion"},{"floor":6,"key":"EntropicBrew"},{"floor":11,"key":"Dexterity Potion"}],"is_trial":false,"path_per_floor":["M","M","?","M","?","E","R","?","T","R","M","$","R","M","R","B"],"character_chosen":"THE_SILENT","items_purchased":[],"campfire_rested":2,"item_purchase_floors":[],"current_hp_per_floor":[64,63,63,62,62,1,20,14,14,14,14,14,14,7,26,0],"gold":386,"neow_bonus":"TEN_PERCENT_HP_BONUS","is_prod":false,"is_daily":false,"chose_seed":false,"campfire_upgraded":2,"win_rate":0,"timestamp":1552837993,"path_taken":["M","M","?","M","?","E","R","?","T","R","M","$","R","?","R","BOSS"],"build_version":"2019-03-15","purchased_purges":0,"victory":false,"max_hp_per_floor":[72,72,72,72,65,65,65,65,65,65,65,65,65,65,65,65],"card_choices":[{"not_picked":["Dodge and Roll","Backflip"],"picked":"Deadly Poison","floor":1},{"not_picked":["Calculated Gamble","Blur"],"picked":"PiercingWail","floor":2},{"not_picked":["Accuracy","Reflex","Masterful Stab"],"picked":"SKIP","floor":4},{"not_picked":["Dagger Throw","Eviscerate"],"picked":"Choke","floor":6},{"not_picked":["Underhanded Strike","Backflip"],"picked":"Dash","floor":11},{"not_picked":["Bane","Blade Dance"],"picked":"Prepared","floor":14}],"player_experience":1120530,"relics_obtained":[{"floor":6,"key":"Tiny Chest"}],"event_choices":[{"damage_healed":0,"gold_gain":0,"player_choice":"Grow","damage_taken":0,"max_hp_gain":0,"max_hp_loss":0,"event_name":"Living Wall","floor":3,"gold_loss":0,"cards_upgraded":["Deadly Poison"]},{"damage_healed":0,"gold_gain":0,"player_choice":"Lose Max HP","damage_taken":0,"relics_obtained":["Golden Idol"],"max_hp_gain":0,"max_hp_loss":7,"event_name":"Golden Idol","floor":5,"gold_loss":0},{"damage_healed":0,"gold_gain":50,"player_choice":"Touch","damage_taken":6,"max_hp_gain":0,"max_hp_loss":0,"event_name":"FaceTrader","floor":8,"gold_loss":0}],"is_beta":true,"boss_relics":[],"items_purged_floors":[],"is_endless":false,"potions_floor_spawned":[2,6,11],"killed_by":"Hexaghost","ascension_level":20}