{"gold_per_floor":[119,44,44,18,37,69,69,20,20,20,50,60,70,83,83,158,158,175,175,192,192,207,207,223,223],"floor_reached":25,"playtime":1906,"items_purged":["Strike_G"],"score":452,"play_id":"4d499f99-1f9f-4cef-a0f3-f9de0ad2f309","local_time":"20190318143455","is_ascension_mode":true,"campfire_choices":[{"data":"Neutralize","floor":7,"key":"SMITH"},{"floor":10,"key":"REST"},{"data":"Calculated Gamble","floor":15,"key":"SMITH"},{"data":"Reflex","floor":23,"key":"SMITH"}],"neow_cost":"NONE","seed_source_timestamp":19415175431077,"circlet_count":0,"master_deck":["AscendersBane","Defend_G+1","Defend_G","Defend_G","Defend_G","Defend_G","Strike_G","Strike_G","Strike_G","Strike_G","Survivor+1","Neutralize+1","Quick Slash","PiercingWail","Unload","Escape Plan","Quick Slash","Caltrops","Calculated Gamble+1","Blade Dance","Night Terror","Prepared","Ghostly","Ghostly","Ghostly","Footwork+1","Reflex+1","Dagger Throw"],"relics":["Ring of the Snake","NeowsBlessing","Bird Faced Urn","Letter Opener","Regal Pillow","Runic Pyramid"],"potions_floor_usage":[11,16,22,24],"damage_taken":[{"damage":0,"enemies":"2 Louse","floor":1,"turns":1},{"damage":0,"enemies":"Small Slimes","floor":5,"turns":1},{"damage":0,"enemies":"3 Sentries","floor":6,"turns":2},{"damage":28,"enemies":"Gremlin Nob","floor":11,"turns":5},{"damage":0,"enemies":"Jaw Worm","floor":12,"turns":2},{"damage":1,"enemies":"Large Slime","floor":13,"turns":5},{"damage":3,"enemies":"Looter","floor":14,"turns":3},{"damage":18,"enemies":"The Guardian","floor":16,"turns":14},{"damage":24,"enemies":"Spheric Guardian","floor":18,"turns":8},{"damage":2,"enemies":"Shell Parasite","floor":20,"turns":8},{"damage":15,"enemies":"Snecko","floor":22,"turns":9},{"damage":23,"enemies":"Centurion and Healer","floor":24,"turns":10},{"damage":36,"enemies":"Gremlin Leader","floor":25,"turns":7}],"seed_played":"8979316296232766697","potions_obtained":[{"floor":5,"key":"GhostInAJar"},{"floor":13,"key":"Poison Potion"},{"floor":16,"key":"Regen Potion"},{"floor":20,"key":"Block Potion"},{"floor":24,"key":"Ancient Potion"}],"is_trial":false,"path_per_floor":["M","$","?","$","M","E","R","?","T","R","E","M","M","M","R","B",null,"M","?","M","?","M","R","M","E"],"character_chosen":"THE_SILENT","items_purchased":["PiercingWail"],"campfire_rested":1,"item_purchase_floors":[4],"current_hp_per_floor":[59,59,39,39,39,39,39,39,39,58,30,30,31,30,30,14,53,31,31,31,31,18,18,14,0],"gold":223,"neow_bonus":"THREE_ENEMY_KILL","is_prod":false,"is_daily":false,"chose_seed":false,"campfire_upgraded":3,"win_rate":0,"timestamp":1552934095,"path_taken":["M","$","?","$","M","E","R","?","T","R","E","M","M","M","R","BOSS","M","?","M","?","M","R","M","E"],"build_version":"2019-03-15","purchased_purges":1,"victory":false,"max_hp_per_floor":[66,66,66,66,66,66,66,66,66,66,66,66,66,66,66,66,66,66,33,33,33,33,33,33,33],"card_choices":[{"not_picked":["Prepared","Deflect"],"picked":"Quick Slash","floor":1},{"not_picked":["Flechettes","Cloak And Dagger"],"picked":"Unload","floor":5},{"not_picked":["Distraction","Outmaneuver"],"picked":"Escape Plan","floor":6},{"not_picked":["Slice","Bane"],"picked":"Quick Slash","floor":11},{"not_picked":["PiercingWail","Flying Knee"],"picked":"Caltrops","floor":12},{"not_picked":["Bouncing Flask","Blade Dance"],"picked":"Calculated Gamble","floor":13},{"not_picked":["Prepared","Dagger Throw"],"picked":"Blade Dance","floor":14},{"not_picked":["Malaise","Wraith Form v2"],"picked":"Night Terror","floor":16},{"not_picked":["Bouncing Flask+1","Deadly Poison"],"picked":"Prepared","floor":18},{"not_picked":["Noxious Fumes","Expertise"],"picked":"Footwork+1","floor":20},{"not_picked":["Skewer","Underhanded Strike","Outmaneuver"],"picked":"SKIP","floor":22},{"not_picked":["Dagger Spray","Bane"],"picked":"Dagger Throw","floor":24}],"player_experience":566228,"relics_obtained":[{"floor":6,"key":"Bird Faced Urn"},{"floor":9,"key":"Letter Opener"},{"floor":11,"key":"Regal Pillow"}],"event_choices":[{"damage_healed":0,"gold_gain":0,"player_choice":"Entered Light","damage_taken":20,"max_hp_gain":0,"max_hp_loss":0,"event_name":"Shining Light","floor":3,"gold_loss":0,"cards_upgraded":["Survivor","Defend_G"]},{"damage_healed":0,"gold_gain":0,"player_choice":"Left Gold","damage_taken":0,"max_hp_gain":0,"max_hp_loss":0,"event_name":"World of Goop","floor":8,"gold_loss":49},{"damage_healed":0,"gold_gain":0,"player_choice":"Became a Ghost","damage_taken":0,"max_hp_gain":0,"max_hp_loss":33,"event_name":"Ghosts","floor":19,"gold_loss":0,"cards_obtained":["Ghostly","Ghostly","Ghostly"]},{"damage_healed":0,"gold_gain":0,"player_choice":"Read","damage_taken":0,"max_hp_gain":0,"max_hp_loss":0,"event_name":"The Library","floor":21,"gold_loss":0,"cards_obtained":["Reflex"]}],"is_beta":true,"boss_relics":[{"not_picked":["White Beast Statue","Philosopher\u0027s Stone"],"picked":"Runic Pyramid"}],"items_purged_floors":[2],"is_endless":false,"potions_floor_spawned":[5,13,16,20,24],"killed_by":"Gremlin Leader","ascension_level":18}