{"gold_per_floor":[118,129,204,220,30,30,62,62,88,88,105,105,162,197,197,297,297,307,93,113,113,125,125,156,256,256,285,285],"floor_reached":28,"playtime":1323,"items_purged":["Strike_B"],"score":355,"play_id":"bdda0d5c-8ef3-4602-8d9b-02fb73cb402a","local_time":"20190118144804","is_ascension_mode":true,"campfire_choices":[{"data":"Defragment","floor":6,"key":"SMITH"},{"data":"Zap","floor":8,"key":"SMITH"},{"data":"Dualcast","floor":15,"key":"SMITH"},{"data":"Ghostly","floor":23,"key":"SMITH"}],"neow_cost":"TEN_PERCENT_HP_LOSS","seed_source_timestamp":17568012246258,"circlet_count":0,"master_deck":["Strike_B","Defend_B","Defend_B","Defend_B","Defend_B","Zap+1","Dualcast+1","Glacier","Defragment+1","Cold Snap","Gash","Chill","Scrape","Thunder Strike","Machine Learning+1","Coolheaded","Turbo","Chaos","Sweeping Beam","Storm+1","Blizzard","Conserve Battery","Self Repair+1","Cold Snap","Ghostly+1","Ghostly","Ghostly","Ghostly","Ghostly","Gash+1","Undo","Electrodynamics+1"],"relics":["Cracked Core","Emotion Chip","Runic Capacitor","Smiling Mask","Centennial Puzzle","Dodecahedron","Frozen Egg 2","Orrery","Shuriken","Cables","Torii","DataDisk","Orichalcum"],"potions_floor_usage":[13,18,25,27],"damage_taken":[{"damage":3,"enemies":"2 Louse","floor":1,"turns":2},{"damage":0,"enemies":"Cultist","floor":2,"turns":4},{"damage":0,"enemies":"Small Slimes","floor":4,"turns":3},{"damage":6,"enemies":"3 Sentries","floor":7,"turns":6},{"damage":0,"enemies":"Looter","floor":11,"turns":3},{"damage":0,"enemies":"Gremlin Nob","floor":13,"turns":4},{"damage":2,"enemies":"Gremlin Nob","floor":14,"turns":3},{"damage":6,"enemies":"Slime Boss","floor":16,"turns":9},{"damage":1,"enemies":"3 Byrds","floor":18,"turns":2},{"damage":0,"enemies":"Spheric Guardian","floor":20,"turns":4},{"damage":8,"enemies":"Centurion and Healer","floor":22,"turns":8},{"damage":13,"enemies":"Book of Stabbing","floor":24,"turns":6},{"damage":2,"enemies":"Colosseum Slavers","floor":25,"turns":4},{"damage":9,"enemies":"Colosseum Nobs","floor":25,"turns":4},{"damage":26,"enemies":"Gremlin Leader","floor":27,"turns":7},{"damage":25,"enemies":"Snake Plant","floor":28,"turns":2}],"seed_played":"5396911274101892781","potions_obtained":[{"floor":1,"key":"PowerPotion"},{"floor":2,"key":"SteroidPotion"},{"floor":16,"key":"PowerPotion"},{"floor":20,"key":"Strength Potion"},{"floor":24,"key":"FocusPotion"},{"floor":25,"key":"EssenceOfSteel"},{"floor":27,"key":"Ancient Potion"}],"is_trial":false,"path_per_floor":["M","M","?","M","$","R","E","R","T","?","M","?","?","E","R","B",null,"M","$","M","?","M","R","E","?","T","E","M"],"character_chosen":"DEFECT","items_purchased":["Runic Capacitor","Blizzard","Conserve Battery","Self Repair+1"],"campfire_rested":0,"item_purchase_floors":[5,19,19,19],"current_hp_per_floor":[65,65,59,59,59,59,53,53,53,46,46,46,46,44,44,38,61,60,60,60,34,34,34,31,34,34,18,0],"gold":285,"neow_bonus":"ONE_RARE_RELIC","is_prod":false,"is_daily":false,"chose_seed":false,"campfire_upgraded":4,"win_rate":0,"timestamp":1547840884,"path_taken":["M","M","?","?","?","R","E","R","T","?","M","?","?","E","R","BOSS","M","$","M","?","M","R","E","?","T","E","M"],"build_version":"2019-01-16","purchased_purges":1,"victory":false,"max_hp_per_floor":[68,68,68,68,68,68,68,68,68,68,68,68,68,68,68,68,68,68,68,68,34,34,34,34,34,34,34,34],"card_choices":[{"not_picked":["Ball Lightning","Defragment"],"picked":"Glacier","floor":1},{"not_picked":["Consume","Genetic Algorithm"],"picked":"Defragment","floor":2},{"not_picked":["Beam Cell","Streamline"],"picked":"Cold Snap","floor":4},{"not_picked":["Go for the Eyes","Rip and Tear"],"picked":"Gash","floor":7},{"not_picked":["Static Discharge","Leap"],"picked":"Chill","floor":11},{"not_picked":["Barrage","Beam Cell"],"picked":"Thunder Strike","floor":14},{"not_picked":["Biased Cognition+1","Hyperbeam"],"picked":"Machine Learning+1","floor":16},{"not_picked":["Cold Snap","Sweeping Beam"],"picked":"Coolheaded","floor":17},{"not_picked":["Conserve Battery","Barrage"],"picked":"Turbo","floor":17},{"not_picked":["Leap","Redo"],"picked":"Chaos","floor":17},{"not_picked":["Beam Cell","Leap"],"picked":"Sweeping Beam","floor":17},{"not_picked":["Barrage+1","Multi-Cast"],"picked":"Storm+1","floor":18},{"not_picked":["Compile Driver","Go for the Eyes"],"picked":"Cold Snap","floor":20},{"not_picked":["Beam Cell","Darkness","Leap"],"picked":"SKIP","floor":22},{"not_picked":["Chaos","Sweeping Beam"],"picked":"Gash+1","floor":24},{"not_picked":["Self Repair+1","Ball Lightning"],"picked":"Undo","floor":25},{"not_picked":["Coolheaded","Recycle"],"picked":"Electrodynamics+1","floor":27}],"player_experience":215845,"relics_obtained":[{"floor":7,"key":"Smiling Mask"},{"floor":9,"key":"Centennial Puzzle"},{"floor":13,"key":"Dodecahedron"},{"floor":14,"key":"Frozen Egg 2"},{"floor":24,"key":"Shuriken"},{"floor":25,"key":"Cables"},{"floor":25,"key":"Torii"},{"floor":26,"key":"DataDisk"},{"floor":27,"key":"Orichalcum"}],"event_choices":[{"damage_healed":0,"gold_gain":75,"player_choice":"Touch","damage_taken":6,"max_hp_gain":0,"max_hp_loss":0,"event_name":"FaceTrader","floor":3,"gold_loss":0},{"cards_removed":["Strike_B"],"damage_healed":0,"gold_gain":0,"player_choice":"Card Removal","damage_taken":7,"max_hp_gain":0,"max_hp_loss":0,"event_name":"Golden Wing","floor":10,"gold_loss":0},{"damage_healed":0,"gold_gain":0,"cards_transformed":["Strike_B"],"player_choice":"Change","damage_taken":0,"max_hp_gain":0,"max_hp_loss":0,"event_name":"Living Wall","floor":12,"gold_loss":0,"cards_obtained":["Scrape"]},{"damage_healed":0,"gold_gain":30,"player_choice":"Searched \u00272\u0027 times","damage_taken":0,"max_hp_gain":0,"max_hp_loss":0,"event_name":"Dead Adventurer","floor":13,"gold_loss":0},{"damage_healed":0,"gold_gain":0,"player_choice":"Became a Ghost","damage_taken":0,"max_hp_gain":0,"max_hp_loss":34,"event_name":"Ghosts","floor":21,"gold_loss":0,"cards_obtained":["Ghostly","Ghostly","Ghostly","Ghostly","Ghostly"]},{"damage_healed":0,"gold_gain":0,"player_choice":"Fight","damage_taken":0,"max_hp_gain":0,"max_hp_loss":0,"event_name":"Colosseum","floor":25,"gold_loss":0},{"damage_healed":0,"gold_gain":0,"player_choice":"Fought Nobs","damage_taken":0,"max_hp_gain":0,"max_hp_loss":0,"event_name":"Colosseum","floor":25,"gold_loss":0}],"is_beta":true,"boss_relics":[{"not_picked":["Philosopher\u0027s Stone","Eternal Feather"],"picked":"Orrery"}],"items_purged_floors":[19],"is_endless":false,"potions_floor_spawned":[1,2,16,20,24,25,25,27],"killed_by":"Snake Plant","ascension_level":5}