{"path_per_floor":["M","?","?","$","M","R","M","R","T","R","?","M","E","M","R"],"character_chosen":"THE_SILENT","items_purchased":["Oddly Smooth Stone","Accuracy"],"gold_per_floor":[119,119,219,2,14,14,26,26,26,26,51,67,100,111,111,111],"floor_reached":16,"campfire_rested":0,"playtime":500,"current_hp_per_floor":[77,62,62,62,57,57,53,53,53,53,38,31,29,29,29,0],"items_purged":[],"gold":111,"score":100,"play_id":"e5b98b9a-4866-4e1f-aa52-b5e0ae658f5f","local_time":"20180403015132","is_prod":false,"is_daily":false,"is_ascension_mode":false,"campfire_upgraded":4,"timestamp":1522745492,"path_taken":["M","?","?","$","M","R","?","R","T","R","?","M","E","M","R","BOSS"],"build_version":"2018-03-29v2","purchased_purges":0,"victory":false,"master_deck":["Defend_G","Defend_G","Defend_G","Defend_G","Defend_G","Strike_G+1","Strike_G","Strike_G","Strike_G","Strike_G","Survivor+1","Neutralize","Accuracy+1","Accuracy+1","Night Terror+1","Cloak And Dagger+1","Cloak And Dagger","Backstab"],"max_hp_per_floor":[77,77,77,77,77,77,77,77,77,77,77,77,77,77,77,77],"relics":["Ring of the Snake","Oddly Smooth Stone","Bronze Scales","Odd Mushroom","Omamori"],"card_choices":[{"not_picked":["Endless Agony","Prepared"],"picked":"Accuracy","floor":1},{"not_picked":["Bane","Poisoned Stab"],"picked":"Night Terror","floor":5},{"not_picked":["Heel Hook","Deadly Poison"],"picked":"Cloak And Dagger","floor":7},{"not_picked":["Catalyst","Expertise"],"picked":"Cloak And Dagger","floor":13},{"not_picked":["All Out Attack","Quick Slash"],"picked":"Backstab","floor":14}],"player_experience":122865,"potions_floor_usage":[11,13,13,14],"damage_taken":[{"damage":0,"enemies":"Small Slimes","floor":1,"turns":3},{"damage":5,"enemies":"Jaw Worm","floor":5,"turns":7},{"damage":4,"enemies":"Cultist","floor":7,"turns":3},{"damage":24,"enemies":"The Mushroom Lair","floor":11,"turns":4},{"damage":7,"enemies":"Exordium Thugs","floor":12,"turns":6},{"damage":2,"enemies":"Lagavulin","floor":13,"turns":6},{"damage":0,"enemies":"Lots of Slimes","floor":14,"turns":1},{"damage":36,"enemies":"Slime Boss","floor":16,"turns":7}],"event_choices":[{"event_name":"Shining Light","player_choice":"Entered Light","floor":2,"damage_taken":0},{"event_name":"Golden Shrine","player_choice":"Pray","floor":3,"damage_taken":0},{"event_name":"Mushrooms","player_choice":"Fought Mushrooms","floor":11,"damage_taken":0}],"boss_relics":[],"potions_floor_spawned":[1,5,11,12],"seed_played":"-6099751834637098021","killed_by":"Slime Boss","ascension_level":0,"is_trial":false}