{"gold_per_floor":[114,132,25,100,25,25,40,40,40,50,50,62,78,78,78,175,175,190,46,46,60,79,79,113,113,113,126,126,139,39,39],"floor_reached":31,"playtime":759,"items_purged":["Strike_B","Strike_B"],"score":247,"play_id":"a078251c-0cd3-4214-81ac-210318bbd43b","local_time":"20190203031548","is_ascension_mode":false,"campfire_choices":[{"data":"Defragment","floor":6,"key":"SMITH"},{"data":"Zap","floor":11,"key":"SMITH"},{"floor":15,"key":"REST"},{"floor":23,"key":"REST"},{"floor":25,"key":"REST"},{"floor":28,"key":"REST"}],"neow_cost":"NONE","seed_source_timestamp":591297298832082,"circlet_count":0,"master_deck":["Strike_B","Strike_B","Defend_B","Defend_B","Defend_B","Defend_B","Zap+1","Dualcast","Redo+1","Ball Lightning","Defragment+1","Ball Lightning","Storm","Melter","Capacitor","Defragment+1","Heatsinks","Genetic Algorithm+1","Electrodynamics"],"relics":["Cracked Core","PreservedInsect","Strawberry","Black Star","DataDisk","Vajra","Dead Branch"],"potions_floor_usage":[16,18,24,27,29],"damage_taken":[{"damage":1,"enemies":"2 Louse","floor":1,"turns":3},{"damage":1,"enemies":"Jaw Worm","floor":2,"turns":3},{"damage":1,"enemies":"Cultist","floor":7,"turns":3},{"damage":16,"enemies":"2 Fungi Beasts","floor":10,"turns":3},{"damage":3,"enemies":"Red Slaver","floor":12,"turns":2},{"damage":7,"enemies":"Blue Slaver","floor":13,"turns":2},{"damage":14,"enemies":"Slime Boss","floor":16,"turns":6},{"damage":5,"enemies":"Chosen","floor":18,"turns":4},{"damage":30,"enemies":"Shell Parasite","floor":21,"turns":3},{"damage":25,"enemies":"Cultist and Chosen","floor":22,"turns":4},{"damage":44,"enemies":"Gremlin Leader","floor":24,"turns":3},{"damage":24,"enemies":"Snecko","floor":27,"turns":5},{"damage":25,"enemies":"3 Cultists","floor":29,"turns":5},{"damage":1,"enemies":"Chosen and Byrds","floor":31,"turns":1}],"seed_played":"1416152342821806072","potions_obtained":[{"floor":2,"key":"SteroidPotion"},{"floor":13,"key":"Fire Potion"},{"floor":16,"key":"PowerPotion"},{"floor":22,"key":"PowerPotion"},{"floor":24,"key":"Dexterity Potion"}],"is_trial":false,"path_per_floor":["M","M","$","?","$","R","M","?","T","M","R","M","M","$","R","B",null,"M","$","?","M","M","R","E","R","T","M","R","M","$","M"],"character_chosen":"DEFECT","items_purchased":["Defragment","Ball Lightning","Melter","Capacitor"],"campfire_rested":4,"item_purchase_floors":[3,3,19,19],"current_hp_per_floor":[74,73,73,62,62,62,61,61,68,52,52,49,42,42,66,52,82,77,77,77,47,22,46,2,26,26,2,26,1,1,0],"gold":39,"neow_bonus":"RANDOM_COMMON_RELIC","is_prod":false,"is_daily":false,"chose_seed":false,"campfire_upgraded":2,"win_rate":0,"timestamp":1549192548,"path_taken":["M","M","$","?","$","R","M","?","T","M","R","?","M","?","R","BOSS","M","$","?","?","M","R","E","R","T","M","R","M","$","M"],"build_version":"2019-01-23","purchased_purges":2,"victory":false,"max_hp_per_floor":[75,75,75,75,75,75,75,75,82,82,82,82,82,82,82,82,82,82,82,82,82,82,82,82,82,82,82,82,82,82,82],"card_choices":[{"not_picked":["Compile Driver","Beam Cell"],"picked":"Redo","floor":1},{"not_picked":["Redo","Beam Cell"],"picked":"Ball Lightning","floor":2},{"not_picked":["Reprogram","Blizzard","Streamline"],"picked":"SKIP","floor":7},{"not_picked":["Steam","Rip and Tear","Loop"],"picked":"SKIP","floor":10},{"not_picked":["Hologram","Gash"],"picked":"Storm","floor":12},{"not_picked":["Glacier","Redo","Turbo"],"picked":"SKIP","floor":13},{"not_picked":["Redo","Compile Driver","White Noise"],"picked":"SKIP","floor":18},{"not_picked":["Coolheaded","Compile Driver"],"picked":"Heatsinks","floor":21},{"not_picked":["Turbo","Beam Cell","Conserve Battery"],"picked":"SKIP","floor":22},{"not_picked":["Seek","Conserve Battery","Turbo"],"picked":"SKIP","floor":24},{"not_picked":["Hologram","Cold Snap"],"picked":"Genetic Algorithm+1","floor":27},{"not_picked":["Compile Driver","Barrage"],"picked":"Electrodynamics","floor":29}],"player_experience":229120,"relics_obtained":[{"floor":9,"key":"Strawberry"},{"floor":24,"key":"DataDisk"},{"floor":24,"key":"Vajra"},{"floor":26,"key":"Dead Branch"}],"event_choices":[{"damage_healed":0,"gold_gain":75,"player_choice":"Gather Gold","damage_taken":11,"max_hp_gain":0,"max_hp_loss":0,"event_name":"World of Goop","floor":4,"gold_loss":0},{"damage_healed":0,"gold_gain":0,"player_choice":"Grow","damage_taken":0,"max_hp_gain":0,"max_hp_loss":0,"event_name":"Living Wall","floor":8,"gold_loss":0,"cards_upgraded":["Redo"]},{"damage_healed":0,"gold_gain":0,"player_choice":"Copied","damage_taken":0,"max_hp_gain":0,"max_hp_loss":0,"event_name":"Duplicator","floor":20,"gold_loss":0,"cards_obtained":["Defragment"]}],"is_beta":false,"boss_relics":[{"not_picked":["Tiny House","Sozu"],"picked":"Black Star"}],"items_purged_floors":[5,30],"is_endless":false,"potions_floor_spawned":[2,13,16,22,24],"killed_by":"Chosen and Byrds","ascension_level":0}