{"gold_per_floor":[211,226,15,15,15,15,25,25,51,68,96,96,107,140,140,214,214,234,62,62,62,62,62,93,93,93,105,131,147,162,112,112,112],"floor_reached":33,"playtime":2180,"items_purged":["Strike_R","Strike_R"],"score":502,"play_id":"523c474d-b28c-4f6d-97ce-44a4f7f6c1d4","local_time":"20180917203330","is_ascension_mode":true,"campfire_choices":[{"data":"Bash","floor":6,"key":"SMITH"},{"data":"Evolve","floor":8,"key":"SMITH"},{"data":"Iron Wave","floor":12,"key":"SMITH"},{"data":"Shockwave","floor":15,"key":"SMITH"},{"floor":23,"key":"REST"},{"data":"Barricade","floor":25,"key":"SMITH"},{"floor":32,"key":"REST"}],"neow_cost":"NONE","seed_source_timestamp":413368491572720,"circlet_count":0,"master_deck":["Strike_R","Strike_R","Strike_R","Defend_R","Defend_R","Defend_R","Defend_R","Bash+1","AscendersBane","Sword Boomerang","Evolve+1","Shrug It Off","Iron Wave+1","Anger","Shockwave+1","Limit Break","Iron Wave","Disarm","Barricade+1","Armaments","Demon Form"],"relics":["Burning Blood","Shuriken","Blood Vial","Juzu Bracelet","Mark of Pain","Nloth\u0027s Gift","Enchiridion","Singing Bowl","Bottled Lightning","Gremlin Horn"],"potions_floor_usage":[11,16,27,29,29,29,33,33],"damage_taken":[{"damage":6,"enemies":"2 Louse","floor":1,"turns":3},{"damage":1,"enemies":"Cultist","floor":2,"turns":4},{"damage":8,"enemies":"Small Slimes","floor":7,"turns":4},{"damage":8,"enemies":"Blue Slaver","floor":10,"turns":3},{"damage":17,"enemies":"3 Sentries","floor":11,"turns":9},{"damage":10,"enemies":"Gremlin Gang","floor":13,"turns":6},{"damage":18,"enemies":"Gremlin Nob","floor":14,"turns":5},{"damage":47,"enemies":"The Guardian","floor":16,"turns":15},{"damage":12,"enemies":"Shell Parasite","floor":18,"turns":5},{"damage":26,"enemies":"Spheric Guardian","floor":22,"turns":4},{"damage":19,"enemies":"Gremlin Leader","floor":24,"turns":6},{"damage":14,"enemies":"Centurion and Healer","floor":27,"turns":8},{"damage":17,"enemies":"Slavers","floor":28,"turns":7},{"damage":12,"enemies":"Cultist and Chosen","floor":29,"turns":6},{"damage":17,"enemies":"Shelled Parasite and Fungi","floor":30,"turns":5},{"damage":59,"enemies":"Collector","floor":33,"turns":5}],"seed_played":"1500855343001766266","potions_obtained":[{"floor":7,"key":"Fire Potion"},{"floor":10,"key":"LiquidBronze"},{"floor":11,"key":"Ancient Potion"},{"floor":18,"key":"BloodPotion"},{"floor":28,"key":"EntropicBrew"},{"floor":30,"key":"PowerPotion"}],"is_trial":false,"path_per_floor":["M","M","$","?","?","R","M","R","T","M","E","R","M","E","R","B",null,"M","$","?","?","M","R","E","R","T","M","E","M","M","?","R"],"character_chosen":"IRONCLAD","items_purchased":["Evolve","Shrug It Off","AttackPotion","Disarm"],"campfire_rested":2,"item_purchase_floors":[3,3,3,19],"current_hp_per_floor":[68,73,73,73,73,73,71,71,71,69,58,58,56,46,46,7,58,54,54,54,38,20,42,31,31,31,32,23,21,14,14,37,0],"gold":112,"neow_bonus":"HUNDRED_GOLD","is_prod":false,"is_daily":false,"chose_seed":false,"campfire_upgraded":5,"win_rate":0,"timestamp":1537230810,"path_taken":["M","M","$","?","?","R","M","R","T","M","E","R","?","E","R","BOSS","M","$","?","?","M","R","E","R","T","M","E","M","M","?","R","BOSS"],"build_version":"2018-09-06","purchased_purges":2,"victory":false,"max_hp_per_floor":[75,75,75,75,75,75,75,75,75,75,75,75,75,75,75,75,75,75,75,75,75,75,75,75,75,75,75,75,77,79,79,79,79],"card_choices":[{"not_picked":["Wild Strike","Reckless Charge"],"picked":"Sword Boomerang","floor":1},{"not_picked":["Sword Boomerang","Searing Blow","Dual Wield"],"picked":"SKIP","floor":2},{"not_picked":["Wild Strike","Warcry","Rampage"],"picked":"SKIP","floor":7},{"not_picked":["Flame Barrier","Sever Soul"],"picked":"Iron Wave","floor":10},{"not_picked":["Armaments","Uppercut"],"picked":"Anger","floor":11},{"not_picked":["Twin Strike","Thunderclap"],"picked":"Shockwave","floor":13},{"not_picked":["Thunderclap","Cleave","Sword Boomerang"],"picked":"SKIP","floor":14},{"not_picked":["Exhume","Bludgeon"],"picked":"Limit Break","floor":16},{"not_picked":["Shockwave","Clash"],"picked":"Iron Wave","floor":18},{"not_picked":["Dual Wield","Dark Embrace","Body Slam"],"picked":"SKIP","floor":22},{"not_picked":["Feed","Limit Break"],"picked":"Barricade","floor":24},{"not_picked":["Flex","Clothesline"],"picked":"Armaments","floor":27},{"not_picked":["Metallicize","Burning Pact"],"picked":"Demon Form","floor":28},{"not_picked":["Sentinel","Clothesline","Clash"],"picked":"Singing Bowl","floor":29},{"not_picked":["Cleave","Flex","Evolve"],"picked":"Singing Bowl","floor":30}],"player_experience":427348,"relics_obtained":[{"floor":9,"key":"Boot"},{"floor":11,"key":"Blood Vial"},{"floor":14,"key":"Juzu Bracelet"},{"floor":21,"key":"Enchiridion"},{"floor":24,"key":"Singing Bowl"},{"floor":26,"key":"Bottled Lightning"},{"floor":28,"key":"Gremlin Horn"}],"event_choices":[{"event_name":"Liars Game","player_choice":"disagreed","floor":4,"damage_taken":0},{"event_name":"WeMeetAgain","player_choice":"Potion","floor":5,"damage_taken":0},{"event_name":"N\u0027loth","player_choice":"Traded a Boot","floor":20,"damage_taken":0},{"event_name":"Cursed Tome","player_choice":"Obtained Book","floor":21,"damage_taken":0},{"event_name":"The Joust","player_choice":"Bet on Owner","floor":31,"damage_taken":0}],"is_beta":false,"boss_relics":[{"not_picked":["Black Blood","Fusion Hammer"],"picked":"Mark of Pain"}],"items_purged_floors":[3,19],"is_endless":false,"potions_floor_spawned":[7,10,11,18,28,30],"killed_by":"Collector","ascension_level":14}