{"gold_per_floor":[111,127,147,163,88,88,119,119,119,151,151,166,166,166,166,263,263,280,260,9,9],"floor_reached":21,"playtime":2253,"items_purged":["Defend_G"],"score":198,"play_id":"5d4994cb-c833-4085-8f7f-74f4635ea6fd","local_time":"20190702233409","is_ascension_mode":true,"campfire_choices":[{"floor":6.0,"key":"RECALL"},{"data":"PiercingWail","floor":13.0,"key":"SMITH"},{"data":"Defend_G","floor":15.0,"key":"SMITH"}],"neow_cost":"NONE","seed_source_timestamp":0,"circlet_count":0,"master_deck":["Strike_G","Strike_G+1","Strike_G","Strike_G+1","Strike_G","Defend_G","Defend_G","Defend_G","Defend_G+1","Survivor","Neutralize","Bane","Bane","PiercingWail+1","After Image","Noxious Fumes","Poisoned Stab","Footwork","Poisoned Stab","Catalyst+1","PiercingWail+1"],"special_seed":0,"relics":["Lizard Tail","Dream Catcher","Meat on the Bone","The Specimen","Orrery","Pantograph"],"potions_floor_usage":[],"damage_taken":[{"damage":0.0,"enemies":"Jaw Worm","floor":1.0,"turns":5.0},{"damage":3.0,"enemies":"2 Louse","floor":2.0,"turns":3.0},{"damage":0.0,"enemies":"Cultist","floor":3.0,"turns":5.0},{"damage":3.0,"enemies":"2 Fungi Beasts","floor":4.0,"turns":5.0},{"damage":6.0,"enemies":"3 Sentries","floor":7.0,"turns":12.0},{"damage":54.0,"enemies":"Lagavulin","floor":10.0,"turns":11.0},{"damage":0.0,"enemies":"Looter","floor":12.0,"turns":3.0},{"damage":57.0,"enemies":"Slime Boss","floor":16.0,"turns":19.0},{"damage":11,"enemies":"Chosen","floor":18,"turns":6},{"damage":16,"enemies":"2 Thieves","floor":19,"turns":4},{"damage":47,"enemies":"Cultist and Chosen","floor":21,"turns":5}],"seed_played":"6946757249926059455","potions_obtained":[{"floor":1.0,"key":"EssenceOfSteel"},{"floor":2.0,"key":"Fire Potion"},{"floor":10.0,"key":"Strength Potion"}],"is_trial":false,"path_per_floor":["M","M","M","M","$","R","E","?","T","E","?","M","R","T","R","B",null,"M","M","$","M"],"character_chosen":"THE_SILENT","items_purchased":["Pantograph"],"campfire_rested":0,"item_purchase_floors":[20],"current_hp_per_floor":[70,67,67,64,64,64,58,44,44,47,70,70,70,70,70,25,70,59,43,43,0],"gold":9,"neow_bonus":"BOSS_RELIC","is_prod":false,"is_daily":false,"chose_seed":false,"campfire_upgraded":2,"win_rate":0,"timestamp":1562124849,"path_taken":["M","M","M","M","$","R","E","?","T","E","?","?","R","?","R","BOSS","M","M","$","M"],"build_version":"2019-07-01","purchased_purges":1,"victory":false,"max_hp_per_floor":[70,70,70,70,70,70,70,70,70,70,70,70,70,70,70,70,70,70,70,70,70],"card_choices":[{"not_picked":["Eviscerate","Masterful Stab","Leg Sweep"],"picked":"SKIP","floor":1.0},{"not_picked":["Calculated Gamble","Blade Dance","Masterful Stab"],"picked":"SKIP","floor":2.0},{"not_picked":["Dagger Throw","Backflip"],"picked":"Bane","floor":3.0},{"not_picked":["Deflect","Masterful Stab"],"picked":"Bane","floor":4.0},{"not_picked":["Dagger Spray","Slice","Reflex"],"picked":"SKIP","floor":7.0},{"not_picked":["Riddle With Holes","Doppelganger","Underhanded Strike"],"picked":"SKIP","floor":10.0},{"not_picked":["Predator","Dagger Spray"],"picked":"PiercingWail","floor":12.0},{"not_picked":["Glass Knife","Tools of the Trade"],"picked":"After Image","floor":16.0},{"not_picked":["Quick Slash","Prepared"],"picked":"Noxious Fumes","floor":17},{"not_picked":["All Out Attack","Distraction"],"picked":"Poisoned Stab","floor":17},{"not_picked":["Quick Slash","Backstab"],"picked":"Footwork","floor":17},{"not_picked":["Backflip","All Out Attack"],"picked":"Poisoned Stab","floor":17},{"not_picked":["Sucker Punch","Dodge and Roll"],"picked":"Catalyst+1","floor":18},{"not_picked":["Escape Plan","Quick Slash"],"picked":"PiercingWail+1","floor":19}],"player_experience":158980,"relics_obtained":[{"floor":7.0,"key":"Dream Catcher"},{"floor":9.0,"key":"Meat on the Bone"},{"floor":10.0,"key":"The Specimen"}],"event_choices":[{"damage_healed":0.0,"max_hp_gain":0.0,"max_hp_loss":0.0,"gold_gain":0.0,"event_name":"Shining Light","player_choice":"Entered Light","floor":8.0,"gold_loss":0.0,"damage_taken":14.0,"cards_upgraded":["Strike_G","Strike_G"]},{"damage_healed":23.0,"max_hp_gain":0.0,"max_hp_loss":0.0,"gold_gain":0.0,"event_name":"Big Fish","player_choice":"Banana","floor":11.0,"gold_loss":0.0,"damage_taken":0.0}],"is_beta":false,"boss_relics":[{"not_picked":["Eternal Feather","Black Star"],"picked":"Orrery"}],"items_purged_floors":[5],"is_endless":false,"potions_floor_spawned":[1,2,10],"killed_by":"Cultist and Chosen","ascension_level":1}