{"gold_per_floor":[111,130,25,37,50,50,82,99,153,169,34,34,59,59,59,138,138,153,53,70,20,20,20,20,46,46,64,84,109,124,153,153,227,227,246,264,264,51,70,70],"floor_reached":40,"playtime":1870,"items_purged":["Strike_B","Strike_B","Strike_B","Defend_B"],"score":941,"play_id":"1d1ef00d-95c8-413c-afee-325ea1c58a29","local_time":"20190328210110","is_ascension_mode":true,"campfire_choices":[{"data":"Defragment","floor":6,"key":"SMITH"},{"data":"Static Discharge","floor":12,"key":"SMITH"},{"data":"Recycle","floor":15,"key":"SMITH"},{"floor":23,"key":"RECALL"},{"floor":32,"key":"REST"}],"neow_cost":"NONE","seed_source_timestamp":1275606037798615,"circlet_count":0,"master_deck":["AscendersBane","Defend_B","Defend_B","Zap","Dualcast","Go for the Eyes","Recycle+1","Self Repair","Compile Driver","Defragment+1","Cold Snap","Sweeping Beam","Glacier","Static Discharge+1","Machine Learning","Skim","Rainbow","Ball Lightning","Self Repair","Electrodynamics","Coolheaded","Capacitor","Fusion"],"relics":["Cracked Core","NeowsBlessing","Gremlin Horn","Smiling Mask","Singing Bowl","Fusion Hammer","Oddly Smooth Stone","Lantern","Pear","Snecko Eye"],"potions_floor_usage":[16,25,25,33,40],"damage_taken":[{"damage":0,"enemies":"Jaw Worm","floor":1,"turns":1},{"damage":0,"enemies":"Cultist","floor":2,"turns":1},{"damage":0,"enemies":"Small Slimes","floor":4,"turns":1},{"damage":9,"enemies":"3 Louse","floor":5,"turns":5},{"damage":25,"enemies":"Lagavulin","floor":7,"turns":7},{"damage":3,"enemies":"Red Slaver","floor":8,"turns":3},{"damage":10,"enemies":"Looter","floor":10,"turns":4},{"damage":10,"enemies":"3 Sentries","floor":13,"turns":12},{"damage":9,"enemies":"Hexaghost","floor":16,"turns":9},{"damage":11,"enemies":"2 Thieves","floor":18,"turns":4},{"damage":0,"enemies":"Spheric Guardian","floor":20,"turns":4},{"damage":25,"enemies":"Gremlin Leader","floor":25,"turns":4},{"damage":12,"enemies":"Centurion and Healer","floor":27,"turns":7},{"damage":7,"enemies":"Snake Plant","floor":28,"turns":4},{"damage":22,"enemies":"Book of Stabbing","floor":29,"turns":5},{"damage":7,"enemies":"Snecko","floor":30,"turns":5},{"damage":36,"enemies":"Slavers","floor":31,"turns":4},{"damage":76,"enemies":"Automaton","floor":33,"turns":11},{"damage":13,"enemies":"Orb Walker","floor":35,"turns":4},{"damage":7,"enemies":"3 Darklings","floor":36,"turns":3},{"damage":68,"enemies":"Jaw Worm Horde","floor":39,"turns":4},{"damage":42,"enemies":"Nemesis","floor":40,"turns":2}],"seed_played":"-8051064459103265437","potions_obtained":[{"floor":1,"key":"Block Potion"},{"floor":4,"key":"FocusPotion"},{"floor":13,"key":"LiquidBronze"},{"floor":20,"key":"Regen Potion"},{"floor":28,"key":"Swift Potion"},{"floor":30,"key":"LiquidBronze"},{"floor":35,"key":"Ancient Potion"}],"is_trial":false,"path_per_floor":["M","M","$","M","M","R","E","M","T","M","$","R","E","?","R","B",null,"M","$","M","$","?","R","$","E","T","M","M","E","M","E","R","B",null,"M","M","?","$","M","E"],"character_chosen":"DEFECT","items_purchased":["Self Repair","Compile Driver","Static Discharge","Ball Lightning","Capacitor","FocusPotion"],"campfire_rested":1,"item_purchase_floors":[3,3,11,19,38,38],"current_hp_per_floor":[64,64,64,64,62,62,44,48,48,45,45,45,42,42,42,40,63,61,61,70,70,70,70,70,61,61,65,74,68,77,67,95,33,80,69,76,76,76,22,0],"gold":70,"neow_bonus":"THREE_ENEMY_KILL","is_prod":false,"is_daily":false,"chose_seed":false,"campfire_upgraded":3,"win_rate":0,"timestamp":1553821270,"path_taken":["M","M","$","M","M","R","E","M","T","M","$","R","E","?","R","BOSS","M","$","M","?","?","R","?","E","T","?","M","E","M","E","R","BOSS","M","?","?","$","M","E"],"build_version":"2019-01-23","purchased_purges":4,"victory":false,"max_hp_per_floor":[71,71,71,71,71,71,71,71,71,71,71,71,71,71,71,71,71,73,73,75,75,75,75,75,75,75,77,79,81,83,95,95,95,95,97,97,97,97,97,97],"card_choices":[{"not_picked":["Reprogram","Tempest"],"picked":"Go for the Eyes","floor":1},{"not_picked":["Turbo","Conserve Battery"],"picked":"Recycle","floor":2},{"not_picked":["Rebound","Rainbow","Redo"],"picked":"SKIP","floor":4},{"not_picked":["Aggregate","Sweeping Beam"],"picked":"Defragment","floor":5},{"not_picked":["Leap","Rainbow"],"picked":"Cold Snap","floor":7},{"not_picked":["Beam Cell","Redo"],"picked":"Sweeping Beam","floor":8},{"not_picked":["Hologram","Coolheaded"],"picked":"Glacier","floor":10},{"not_picked":["All For One","Rebound"],"picked":"Machine Learning","floor":13},{"not_picked":["Amplify","Thunder Strike"],"picked":"Rainbow","floor":16},{"not_picked":["Stack","Blizzard","Chaos+1"],"picked":"Singing Bowl","floor":18},{"not_picked":["Stack","Cold Snap","Defragment"],"picked":"Singing Bowl","floor":20},{"not_picked":["Machine Learning","Streamline"],"picked":"Self Repair","floor":25},{"not_picked":["Force Field","Go for the Eyes","Redo"],"picked":"Singing Bowl","floor":27},{"not_picked":["Scrape","Beam Cell","Hologram"],"picked":"Singing Bowl","floor":28},{"not_picked":["Barrage","Steam","Conserve Battery"],"picked":"Singing Bowl","floor":29},{"not_picked":["Skim","Compile Driver+1","Steam"],"picked":"Singing Bowl","floor":30},{"not_picked":["Streamline","Storm","Tempest"],"picked":"Singing Bowl","floor":31},{"not_picked":["Machine Learning","Rainbow"],"picked":"Electrodynamics","floor":33},{"not_picked":["Stack","Loop","Compile Driver"],"picked":"Singing Bowl","floor":35},{"not_picked":["Self Repair","Hologram+1"],"picked":"Coolheaded","floor":36},{"not_picked":["Gash","Turbo"],"picked":"Fusion","floor":39}],"player_experience":1027374,"relics_obtained":[{"floor":7,"key":"Gremlin Horn"},{"floor":9,"key":"Smiling Mask"},{"floor":13,"key":"Singing Bowl"},{"floor":25,"key":"Oddly Smooth Stone"},{"floor":29,"key":"Lantern"},{"floor":31,"key":"Pear"}],"event_choices":[{"damage_healed":0,"gold_gain":0,"cards_transformed":["Strike_B"],"player_choice":"Transformed","damage_taken":0,"max_hp_gain":0,"max_hp_loss":0,"event_name":"Transmorgrifier","floor":14,"gold_loss":0,"cards_obtained":["Skim"]},{"cards_removed":["Defend_B"],"damage_healed":0,"gold_gain":0,"player_choice":"Elegance","damage_taken":0,"max_hp_gain":0,"max_hp_loss":0,"event_name":"Back to Basics","floor":22,"gold_loss":0},{"damage_healed":0,"gold_gain":0,"player_choice":"Ignored","damage_taken":0,"max_hp_gain":0,"max_hp_loss":0,"event_name":"Tomb of Lord Red Mask","floor":37,"gold_loss":0}],"is_beta":false,"boss_relics":[{"not_picked":["Orrery","Calling Bell"],"picked":"Fusion Hammer"},{"not_picked":["Astrolabe","Velvet Choker"],"picked":"Snecko Eye"}],"items_purged_floors":[11,19,21,38],"is_endless":false,"potions_floor_spawned":[1,4,8,10,13,20,28,30,35],"killed_by":"Nemesis","ascension_level":20}