{"gold_per_floor":[111,127,141,158,158,158,198,198,223,223,241,279,8,33,33,129,129,142,142,157,180,80,80,80,80,105,131,155,198,198,242,242,338,338,356,377,199,218,128,128,161,174,174,212,212,212,236,304,304,304],"floor_reached":51,"playtime":3780,"items_purged":["Strike_G","Strike_G+1","Strike_G+1"],"score":1230,"play_id":"b7e8df1d-76c8-4aee-9a47-53d38b2baf8d","local_time":"20180918234022","is_ascension_mode":true,"campfire_choices":[{"data":"Noxious Fumes","floor":6,"key":"SMITH"},{"data":"Bane","floor":8,"key":"SMITH"},{"floor":10,"key":"REST"},{"data":"Dodge and Roll","floor":15,"key":"SMITH"},{"data":"Well Laid Plans","floor":23,"key":"SMITH"},{"data":"Corpse Explosion","floor":25,"key":"SMITH"},{"floor":30,"key":"REST"},{"floor":32,"key":"REST"},{"floor":40,"key":"REST"},{"floor":45,"key":"REST"},{"data":"Strike_G+1","floor":49,"key":"PURGE"}],"neow_cost":"NONE","seed_source_timestamp":509377513145649,"circlet_count":0,"master_deck":["Defend_G+1","Defend_G+1","Defend_G+1","Defend_G+1","Defend_G+1","Survivor","Neutralize+1","AscendersBane","Crippling Poison","Dagger Throw+1","Noxious Fumes+1","Bane+1","Poisoned Stab","Dodge and Roll+1","Blur","Corpse Explosion+1","Well Laid Plans+1","Noxious Fumes+1","Bullet Time","Blur","Dodge and Roll","Backflip","Malaise","Blade Dance","Dodge and Roll","Dodge and Roll+1"],"relics":["Ring of the Snake","Golden Idol","Dream Catcher","Bag of Preparation","Orichalcum","TwistedFunnel","Eternal Feather","Smiling Mask","Strawberry","Bag of Marbles","Bronze Scales","Fusion Hammer","Kunai","Bottled Flame","Bottled Lightning","Ginger","Peace Pipe"],"potions_floor_usage":[12,16,29,31,38,50,50],"damage_taken":[{"damage":0,"enemies":"Cultist","floor":1,"turns":5},{"damage":5,"enemies":"2 Louse","floor":2,"turns":3},{"damage":0,"enemies":"Small Slimes","floor":3,"turns":3},{"damage":15,"enemies":"Exordium Wildlife","floor":4,"turns":5},{"damage":19,"enemies":"Lagavulin","floor":7,"turns":9},{"damage":0,"enemies":"Blue Slaver","floor":11,"turns":5},{"damage":18,"enemies":"Gremlin Nob","floor":12,"turns":5},{"damage":0,"enemies":"Gremlin Gang","floor":14,"turns":3},{"damage":6,"enemies":"The Guardian","floor":16,"turns":10},{"damage":15,"enemies":"Spheric Guardian","floor":18,"turns":6},{"damage":0,"enemies":"3 Byrds","floor":20,"turns":3},{"damage":7,"enemies":"Snake Plant","floor":21,"turns":5},{"damage":6,"enemies":"Chosen and Byrds","floor":28,"turns":8},{"damage":24,"enemies":"Slavers","floor":29,"turns":2},{"damage":38,"enemies":"Gremlin Leader","floor":31,"turns":8},{"damage":57,"enemies":"Automaton","floor":33,"turns":10},{"damage":0,"enemies":"Orb Walker","floor":35,"turns":3},{"damage":0,"enemies":"3 Darklings","floor":36,"turns":1},{"damage":13,"enemies":"Spire Growth","floor":38,"turns":6},{"damage":13,"enemies":"Nemesis","floor":41,"turns":9},{"damage":2,"enemies":"Maw","floor":42,"turns":8},{"damage":19,"enemies":"Giant Head","floor":44,"turns":10},{"damage":0,"enemies":"Mind Bloom Boss Battle","floor":46,"turns":7},{"damage":6,"enemies":"Transient","floor":47,"turns":5},{"damage":4,"enemies":"Mysterious Sphere","floor":48,"turns":5},{"damage":28,"enemies":"Donu and Deca","floor":50,"turns":8}],"seed_played":"4646769534697075651","potions_obtained":[{"floor":2,"key":"Block Potion"},{"floor":3,"key":"SpeedPotion"},{"floor":12,"key":"SkillPotion"},{"floor":18,"key":"FearPotion"},{"floor":20,"key":"Poison Potion"},{"floor":33,"key":"FearPotion"},{"floor":35,"key":"SpeedPotion"},{"floor":36,"key":"EssenceOfSteel"},{"floor":44,"key":"Block Potion"},{"floor":47,"key":"Swift Potion"}],"is_trial":false,"path_per_floor":["M","M","M","M","?","R","E","R","T","R","M","E","$","M","R","B",null,"M","?","M","M","$","R","?","R","T","T","M","E","R","E","R","B",null,"M","M","$","M","?","R","E","M","T","E","R","?","M","?","R","B"],"character_chosen":"THE_SILENT","items_purchased":["TwistedFunnel","Blur","Dodge and Roll"],"campfire_rested":5,"item_purchase_floors":[13,37,37],"current_hp_per_floor":[63,58,58,43,43,43,24,24,24,43,43,25,25,25,25,19,54,39,39,39,32,32,44,44,56,56,63,57,33,66,28,61,4,55,55,55,55,42,42,72,59,57,57,38,71,71,65,61,72,44],"gold":304,"neow_bonus":"UPGRADE_CARD","is_prod":false,"is_daily":false,"chose_seed":false,"campfire_upgraded":5,"win_rate":0,"timestamp":1537328422,"path_taken":["M","M","?","M","?","R","E","R","T","R","M","E","$","M","R","BOSS","M","?","M","M","$","R","?","R","T","?","?","E","R","E","R","BOSS","M","M","$","M","?","R","E","M","T","E","R","?","M","?","R","BOSS"],"build_version":"2018-09-06","purchased_purges":3,"victory":true,"max_hp_per_floor":[70,70,70,70,65,65,65,65,65,65,65,65,65,65,65,65,65,65,65,65,65,65,65,65,65,65,72,72,72,72,72,72,72,72,72,72,72,72,72,72,72,72,72,72,72,72,72,72,72,72],"card_choices":[{"not_picked":["Dagger Spray","Outmaneuver"],"picked":"Crippling Poison","floor":1},{"not_picked":["Setup","Skewer"],"picked":"Dagger Throw","floor":2},{"not_picked":["Reflex","Dagger Throw"],"picked":"Noxious Fumes","floor":3},{"not_picked":["PiercingWail","Slice","Outmaneuver"],"picked":"SKIP","floor":4},{"not_picked":["Slice","Burst"],"picked":"Bane","floor":7},{"not_picked":["Choke","Flying Knee"],"picked":"Poisoned Stab","floor":10},{"not_picked":["Endless Agony","Quick Slash"],"picked":"Dodge and Roll","floor":11},{"not_picked":["Dodge and Roll","Doppelganger"],"picked":"Blur","floor":12},{"not_picked":["Flying Knee","Bane","All Out Attack"],"picked":"SKIP","floor":14},{"not_picked":["Burst","Tools of the Trade"],"picked":"Corpse Explosion","floor":16},{"not_picked":["Predator+1","Skewer+1","Dodge and Roll"],"picked":"SKIP","floor":18},{"not_picked":["Crippling Poison","Calculated Gamble"],"picked":"Well Laid Plans","floor":20},{"not_picked":["Underhanded Strike","Expertise","Quick Slash"],"picked":"SKIP","floor":21},{"not_picked":["Underhanded Strike","Flechettes","Sucker Punch"],"picked":"SKIP","floor":28},{"not_picked":["All Out Attack","Dagger Spray","Predator+1"],"picked":"SKIP","floor":29},{"not_picked":["Finisher","Deflect+1"],"picked":"Noxious Fumes+1","floor":31},{"not_picked":["Corpse Explosion","Envenom"],"picked":"Bullet Time","floor":33},{"not_picked":["Deflect","Flying Knee","Acrobatics"],"picked":"SKIP","floor":35},{"not_picked":["Quick Slash+1","Bane","Masterful Stab"],"picked":"SKIP","floor":36},{"not_picked":["Slice+1","PiercingWail"],"picked":"Backflip","floor":38},{"not_picked":["Acrobatics+1","Blade Dance"],"picked":"Malaise","floor":40},{"not_picked":["Well Laid Plans","Bane+1","PiercingWail+1"],"picked":"SKIP","floor":41},{"not_picked":["Eviscerate","Choke","Poisoned Stab"],"picked":"SKIP","floor":42},{"not_picked":["Slice","Bouncing Flask","Bullet Time"],"picked":"SKIP","floor":44},{"not_picked":["Deadly Poison+1","Deflect+1"],"picked":"Blade Dance","floor":45},{"not_picked":["Deadly Poison","Blade Dance"],"picked":"Dodge and Roll","floor":46},{"not_picked":["PiercingWail+1","Finisher","Slice"],"picked":"SKIP","floor":47},{"not_picked":["PiercingWail+1","Prepared"],"picked":"Dodge and Roll+1","floor":48}],"player_experience":462320,"relics_obtained":[{"floor":7,"key":"Dream Catcher"},{"floor":9,"key":"Bag of Preparation"},{"floor":12,"key":"Orichalcum"},{"floor":26,"key":"Smiling Mask"},{"floor":27,"key":"Strawberry"},{"floor":29,"key":"Bag of Marbles"},{"floor":31,"key":"Bronze Scales"},{"floor":41,"key":"Kunai"},{"floor":43,"key":"Bottled Flame"},{"floor":44,"key":"Bottled Lightning"},{"floor":46,"key":"Ginger"},{"floor":48,"key":"Peace Pipe"}],"event_choices":[{"event_name":"Golden Idol","player_choice":"Lose Max HP","floor":5,"damage_taken":0},{"event_name":"Back to Basics","player_choice":"Simplicity","floor":19,"damage_taken":0},{"event_name":"Designer","player_choice":"Full Service","floor":39,"damage_taken":0},{"event_name":"MindBloom","player_choice":"Fight","floor":46,"damage_taken":0},{"event_name":"Mysterious Sphere","player_choice":"Fight","floor":48,"damage_taken":0}],"is_beta":false,"boss_relics":[{"not_picked":["Runic Dome","Coffee Dripper"],"picked":"Eternal Feather"},{"not_picked":["White Beast Statue","Philosopher\u0027s Stone"],"picked":"Fusion Hammer"}],"items_purged_floors":[13,22,37],"is_endless":false,"potions_floor_spawned":[2,3,4,7,12,18,20,33,35,36,44,47],"ascension_level":13}