{"gold_per_floor":[113,113,113,38,38,65,119,119,144,155,155,183,183,212,212,285,285,302,26,126,142,156,156],"floor_reached":23,"playtime":1234,"items_purged":["Strike_R"],"score":369,"play_id":"d5e26525-cf47-4a73-ae81-7bb703f51102","local_time":"20180923202558","is_ascension_mode":true,"campfire_choices":[{"floor":8,"key":"REST"},{"floor":11,"key":"REST"},{"data":"Uppercut","floor":13,"key":"SMITH"},{"data":"Whirlwind","floor":15,"key":"SMITH"}],"neow_cost":"TEN_PERCENT_HP_LOSS","seed_source_timestamp":932305527915100,"circlet_count":0,"master_deck":["Strike_R","Strike_R","Strike_R+1","Strike_R","Defend_R","Defend_R","Defend_R","Defend_R","Bash","AscendersBane","Fiend Fire","Cleave+1","Evolve","Uppercut+1","Whirlwind+1","Dark Embrace","Feel No Pain","Shrug It Off","True Grit"],"relics":["Burning Blood","Lantern","The Courier","Blood Vial","Oddly Smooth Stone","Turnip","Runic Pyramid","Singing Bowl","Bird Faced Urn","Kunai"],"potions_floor_usage":[12,16,20,22],"damage_taken":[{"damage":2,"enemies":"2 Louse","floor":1,"turns":3},{"damage":40,"enemies":"Lagavulin","floor":6,"turns":5},{"damage":7,"enemies":"Small Slimes","floor":10,"turns":2},{"damage":16,"enemies":"Gremlin Nob","floor":12,"turns":4},{"damage":14,"enemies":"3 Sentries","floor":14,"turns":5},{"damage":20,"enemies":"Slime Boss","floor":16,"turns":8},{"damage":0,"enemies":"3 Byrds","floor":18,"turns":4},{"damage":19,"enemies":"Colosseum Slavers","floor":20,"turns":4},{"damage":32,"enemies":"Colosseum Nobs","floor":20,"turns":5},{"damage":6,"enemies":"Chosen","floor":21,"turns":3},{"damage":0,"enemies":"3 Cultists","floor":22,"turns":4},{"damage":56,"enemies":"Book of Stabbing","floor":23,"turns":7}],"seed_played":"1797540598201550901","potions_obtained":[{"floor":10,"key":"SpeedPotion"},{"floor":12,"key":"Strength Potion"},{"floor":16,"key":"FearPotion"},{"floor":21,"key":"Block Potion"}],"is_trial":false,"path_per_floor":["M","?","?","$","?","E","?","R","T","M","R","E","R","E","R","B",null,"M","$","?","M","M"],"character_chosen":"IRONCLAD","items_purchased":["Singing Bowl","Shrug It Off"],"campfire_rested":2,"item_purchase_floors":[19,19],"current_hp_per_floor":[68,63,43,43,43,9,9,29,29,30,50,42,42,36,36,24,57,65,65,32,40,50,0],"gold":156,"neow_bonus":"THREE_RARE_CARDS","is_prod":false,"is_daily":false,"chose_seed":false,"campfire_upgraded":2,"win_rate":0,"timestamp":1537748758,"path_taken":["M","?","?","$","?","E","?","R","T","?","R","E","R","E","R","BOSS","M","$","?","M","M","E"],"build_version":"2018-09-20","purchased_purges":1,"victory":false,"max_hp_per_floor":[68,68,68,68,68,68,68,68,68,68,68,68,68,68,68,68,68,68,68,70,72,72,72],"card_choices":[{"not_picked":["Reaper","Dark Embrace"],"picked":"Fiend Fire","floor":0},{"not_picked":["Metallicize","Sever Soul"],"picked":"Cleave","floor":1},{"not_picked":["Metallicize","Heavy Blade"],"picked":"Evolve","floor":6},{"not_picked":["Rage","Warcry","Wild Strike"],"picked":"SKIP","floor":10},{"not_picked":["Spot Weakness","Perfected Strike"],"picked":"Uppercut","floor":12},{"not_picked":["Clothesline","Wild Strike"],"picked":"Whirlwind","floor":14},{"not_picked":["Fiend Fire","Bludgeon"],"picked":"Dark Embrace","floor":16},{"not_picked":["Flex","Spot Weakness"],"picked":"Feel No Pain","floor":18},{"not_picked":["Carnage","Heavy Blade","Evolve"],"picked":"Singing Bowl","floor":20},{"not_picked":["Sword Boomerang","Anger","Havoc"],"picked":"Singing Bowl","floor":21},{"not_picked":["Flex","Sword Boomerang+1"],"picked":"True Grit","floor":22}],"player_experience":532519,"relics_obtained":[{"floor":6,"key":"The Courier"},{"floor":9,"key":"Blood Vial"},{"floor":12,"key":"Oddly Smooth Stone"},{"floor":14,"key":"Turnip"},{"floor":20,"key":"Bird Faced Urn"},{"floor":20,"key":"Kunai"}],"event_choices":[{"event_name":"Scrap Ooze","player_choice":"success","floor":2,"damage_taken":5},{"event_name":"Shining Light","player_choice":"Entered Light","floor":3,"damage_taken":0},{"event_name":"Liars Game","player_choice":"disagreed","floor":5,"damage_taken":0},{"event_name":"Golden Wing","player_choice":"Gained Gold","floor":7,"damage_taken":0},{"event_name":"Colosseum","player_choice":"Fight","floor":20,"damage_taken":0},{"event_name":"Colosseum","player_choice":"Fought Nobs","floor":20,"damage_taken":0}],"is_beta":false,"boss_relics":[{"not_picked":["Coffee Dripper","Orrery"],"picked":"Runic Pyramid"}],"items_purged_floors":[4],"is_endless":false,"potions_floor_spawned":[10,12,16,20,21],"killed_by":"Book of Stabbing","ascension_level":16}