{"gold_per_floor":[115,40,57,57,69,69,96,107,189,189],"floor_reached":10,"playtime":344,"items_purged":[],"score":136,"play_id":"f4f02e9e-94a7-4886-b354-2e8e2b916ad1","local_time":"20190717101524","is_ascension_mode":true,"campfire_choices":[{"data":"Doom and Gloom","floor":6,"key":"SMITH"}],"neow_cost":"NONE","seed_source_timestamp":633308343158306,"circlet_count":0,"master_deck":["AscendersBane","Strike_B","Strike_B","Strike_B","Defend_B","Defend_B","Defend_B","Defend_B","Zap+1","Dualcast","Coolheaded","Rebound","Doom and Gloom+1","Cold Snap","Genetic Algorithm"],"relics":["Cracked Core","Nunchaku","Molten Egg 2"],"potions_floor_usage":[10],"damage_taken":[{"damage":7,"enemies":"Small Slimes","floor":1,"turns":3},{"damage":0,"enemies":"2 Louse","floor":3,"turns":3},{"damage":3,"enemies":"Jaw Worm","floor":5,"turns":5},{"damage":20,"enemies":"3 Sentries","floor":7,"turns":4},{"damage":24,"enemies":"Lots of Slimes","floor":8,"turns":3},{"damage":20,"enemies":"Gremlin Nob","floor":10,"turns":3}],"seed_played":"-8470676891045470629","potions_obtained":[{"floor":7,"key":"SteroidPotion"},{"floor":8,"key":"EssenceOfSteel"}],"is_trial":false,"path_per_floor":["M","?","M","$","M","R","E","M","T","E"],"character_chosen":"DEFECT","items_purchased":[],"campfire_rested":0,"item_purchase_floors":[],"current_hp_per_floor":[57,57,57,57,54,54,34,10,10,0],"gold":189,"neow_bonus":"UPGRADE_CARD","is_prod":false,"is_daily":false,"chose_seed":false,"campfire_upgraded":1,"win_rate":0,"timestamp":1563372924,"path_taken":["M","?","M","$","M","R","E","M","T","E"],"build_version":"2019-07-05","purchased_purges":0,"victory":false,"max_hp_per_floor":[71,71,71,71,71,71,71,71,71,71],"card_choices":[{"not_picked":["Hologram","Conserve Battery"],"picked":"Coolheaded","floor":1},{"not_picked":["Turbo","Hologram"],"picked":"Rebound","floor":3},{"not_picked":["Core Surge","Rebound"],"picked":"Doom and Gloom","floor":5},{"not_picked":["Amplify","Thunder Strike"],"picked":"Cold Snap","floor":7},{"not_picked":["Sweeping Beam","Gash"],"picked":"Genetic Algorithm","floor":8}],"player_experience":1612072,"relics_obtained":[{"floor":7,"key":"Nunchaku"},{"floor":9,"key":"Molten Egg 2"}],"event_choices":[{"cards_removed":["Strike_B"],"damage_healed":0,"gold_gain":0,"player_choice":"Card Removal","damage_taken":0,"max_hp_gain":0,"max_hp_loss":0,"event_name":"The Cleric","floor":2,"gold_loss":75}],"is_beta":false,"boss_relics":[],"items_purged_floors":[],"is_endless":false,"potions_floor_spawned":[7,8],"killed_by":"Gremlin Nob","ascension_level":20}