{"gold_per_floor":[115,115,125,143,19,52,52,87,87,145,145],"floor_reached":11,"playtime":503,"items_purged":["Strike_R"],"score":93,"play_id":"60c5333d-9681-4456-8c7b-d14034a8a4d1","local_time":"20180820182441","is_ascension_mode":true,"campfire_choices":[{"data":"Inflame","floor":7,"key":"SMITH"}],"neow_cost":"","seed_source_timestamp":400093794908484,"circlet_count":0,"master_deck":["Strike_R","Strike_R","Strike_R","Strike_R","Defend_R","Defend_R","Defend_R","Defend_R","Bash","Whirlwind","Inflame+1","Flex","Reaper","Armaments"],"relics":["Burning Blood","Ice Cream","Smiling Mask","Shuriken","Bird Faced Urn","Juzu Bracelet"],"potions_floor_usage":[10,11],"damage_taken":[{"damage":7,"enemies":"Small Slimes","floor":1,"turns":5},{"damage":9,"enemies":"Jaw Worm","floor":3,"turns":4},{"damage":0,"enemies":"2 Louse","floor":4,"turns":1},{"damage":32,"enemies":"Gremlin Nob","floor":6,"turns":4},{"damage":20,"enemies":"Lagavulin","floor":8,"turns":6},{"damage":46,"enemies":"Lagavulin Event","floor":10,"turns":7},{"damage":23,"enemies":"Large Slime","floor":11,"turns":3}],"seed_played":"5510497842527336813","potions_obtained":[{"floor":4,"key":"SkillPotion"},{"floor":8,"key":"Block Potion"},{"floor":10,"key":"PowerPotion"}],"is_trial":false,"path_per_floor":["M","?","M","M","$","E","R","E","T","?"],"character_chosen":"IRONCLAD","items_purchased":["Flex"],"campfire_rested":0,"item_purchase_floors":[5],"current_hp_per_floor":[79,76,73,79,79,53,53,49,49,18,0],"gold":145,"neow_bonus":"","is_prod":false,"is_daily":false,"chose_seed":false,"campfire_upgraded":1,"win_rate":0,"timestamp":1534803881,"path_taken":["M","?","M","M","$","E","R","E","T","?","M"],"build_version":"2018-08-16","purchased_purges":1,"victory":false,"max_hp_per_floor":[80,80,80,80,80,80,80,80,80,80,80],"card_choices":[{"not_picked":["Clothesline","Wild Strike"],"picked":"Whirlwind","floor":1},{"not_picked":["Headbutt","Burning Pact","Thunderclap"],"picked":"SKIP","floor":3},{"not_picked":["Shrug It Off","Pommel Strike"],"picked":"Inflame","floor":4},{"not_picked":["Sentinel","Clothesline"],"picked":"Reaper","floor":6},{"not_picked":["Twin Strike","Sword Boomerang","Dropkick"],"picked":"SKIP","floor":8},{"not_picked":["Thunderclap","Bloodletting"],"picked":"Armaments","floor":10}],"player_experience":86175,"relics_obtained":[{"floor":6,"key":"Smiling Mask"},{"floor":8,"key":"Shuriken"},{"floor":9,"key":"Bird Faced Urn"},{"floor":10,"key":"Juzu Bracelet"}],"event_choices":[{"event_name":"Scrap Ooze","player_choice":"success","floor":2,"damage_taken":3},{"event_name":"Dead Adventurer","player_choice":"Searched \u00272\u0027 times","floor":10,"damage_taken":0}],"is_beta":false,"boss_relics":[],"items_purged_floors":[5],"is_endless":false,"potions_floor_spawned":[4,8,10],"killed_by":"Large Slime","ascension_level":3}