{"gold_per_floor":[109,29,179,62,62,94,94,122,122,148,148,95,106,120,120,197,197,212,212],"floor_reached":19,"playtime":632,"items_purged":["Doubt"],"score":466,"play_id":"3907541f-5757-4218-b34f-01456c349ac1","local_time":"20190627184820","is_ascension_mode":true,"campfire_choices":[{"data":"Doom and Gloom","floor":7,"key":"SMITH"},{"data":"Zap","floor":11,"key":"SMITH"},{"data":"Multi-Cast","floor":15,"key":"SMITH"}],"neow_cost":"NONE","seed_source_timestamp":1056785201006425,"circlet_count":0,"master_deck":["AscendersBane","Strike_B","Strike_B","Strike_B","Strike_B","Defend_B","Defend_B","Defend_B","Defend_B","Zap+1","Dualcast","Ball Lightning","Doom and Gloom+1","Undo","Consume","Cold Snap","Self Repair","Multi-Cast+1","Creative AI","Reinforced Body"],"relics":["Cracked Core","NeowsBlessing","Bird Faced Urn","Pen Nib","Symbiotic Virus","StoneCalendar","Omamori","Blood Vial","Inserter"],"potions_floor_usage":[],"damage_taken":[{"damage":0,"enemies":"Jaw Worm","floor":1,"turns":1},{"damage":0,"enemies":"3 Sentries","floor":6,"turns":1},{"damage":0,"enemies":"Lagavulin","floor":8,"turns":1},{"damage":18,"enemies":"3 Sentries","floor":10,"turns":5},{"damage":0,"enemies":"2 Louse","floor":13,"turns":2},{"damage":0,"enemies":"Cultist","floor":14,"turns":3},{"damage":7,"enemies":"Slime Boss","floor":16,"turns":5},{"damage":58,"enemies":"3 Byrds","floor":18,"turns":5},{"damage":25,"enemies":"Shell Parasite","floor":19,"turns":4}],"seed_played":"-8977884698138996691","potions_obtained":[{"floor":8,"key":"Weak Potion"},{"floor":13,"key":"AttackPotion"}],"is_trial":false,"path_per_floor":["M","$","?","$","?","E","R","E","T","E","R","?","M","M","R","B",null,"M","M"],"character_chosen":"DEFECT","items_purchased":["Doom and Gloom","Undo"],"campfire_rested":0,"item_purchase_floors":[2,4],"current_hp_per_floor":[64,64,64,64,53,53,53,53,53,35,35,35,37,48,48,52,66,24,1],"gold":212,"neow_bonus":"THREE_ENEMY_KILL","is_prod":false,"is_daily":false,"chose_seed":false,"campfire_upgraded":3,"win_rate":0,"timestamp":1561675700,"path_taken":["M","$","?","$","?","E","R","E","T","E","R","?","M","?","R","BOSS","M","M"],"build_version":"2019-01-23","purchased_purges":1,"victory":false,"max_hp_per_floor":[71,71,71,71,71,71,71,71,71,71,71,71,71,71,71,71,71,71,71],"card_choices":[{"not_picked":["Barrage","Cold Snap"],"picked":"Ball Lightning","floor":1},{"not_picked":["Recycle","Turbo"],"picked":"Consume","floor":6},{"not_picked":["Barrage","Compile Driver"],"picked":"Cold Snap","floor":8},{"not_picked":["Seek","Storm"],"picked":"Self Repair","floor":10},{"not_picked":["Gash","Streamline","Beam Cell"],"picked":"SKIP","floor":13},{"not_picked":["White Noise","Turbo"],"picked":"Multi-Cast","floor":14},{"not_picked":["Thunder Strike","Electrodynamics"],"picked":"Creative AI","floor":16},{"not_picked":["Steam","Redo+1"],"picked":"Reinforced Body","floor":18}],"player_experience":1562776,"relics_obtained":[{"floor":6,"key":"Pen Nib"},{"floor":8,"key":"Symbiotic Virus"},{"floor":9,"key":"StoneCalendar"},{"floor":10,"key":"Omamori"}],"event_choices":[{"damage_healed":0,"gold_gain":150,"player_choice":"AGREE","damage_taken":0,"max_hp_gain":0,"max_hp_loss":0,"event_name":"Liars Game","floor":3,"gold_loss":0,"cards_obtained":["Doubt"]},{"damage_healed":0,"gold_gain":0,"player_choice":"Success","damage_taken":11,"relics_obtained":["Bird Faced Urn"],"max_hp_gain":0,"max_hp_loss":0,"event_name":"Scrap Ooze","floor":5,"gold_loss":0},{"damage_healed":0,"gold_gain":0,"player_choice":"Paid Gold","damage_taken":0,"relics_obtained":["Blood Vial"],"max_hp_gain":0,"max_hp_loss":0,"event_name":"WeMeetAgain","floor":12,"gold_loss":53}],"is_beta":false,"boss_relics":[{"not_picked":["Black Star","Coffee Dripper"],"picked":"Inserter"}],"items_purged_floors":[4],"is_endless":false,"potions_floor_spawned":[8,13,16],"killed_by":"Shell Parasite","ascension_level":20}