{"gold_per_floor":[363,33,33,53,71,105,161,176,203,268,268,287,304,86,86,183,183,198,65,79,4,20,20,34,69,95,121,132,167,185,110,110,110],"floor_reached":33,"playtime":4323,"items_purged":["Choke"],"score":303,"play_id":"88c3bd43-ced2-466e-b8fc-87f1d5650f8b","local_time":"20190704150412","is_ascension_mode":true,"campfire_choices":[{"floor":15.0,"key":"REST"},{"floor":23.0,"key":"REST"},{"floor":32,"key":"REST"}],"neow_cost":"PERCENT_DAMAGE","seed_source_timestamp":0,"circlet_count":0,"master_deck":["Strike_G","Strike_G","Strike_G","Strike_G","Defend_G+1","Defend_G+1","Defend_G","Defend_G+1","Defend_G","Survivor","Neutralize","Blur+1","Well Laid Plans","Deadly Poison","Slice","Poisoned Stab","Skewer","Backstab","Die Die Die","Deadly Poison","Footwork","Bane","PiercingWail","Blur","PiercingWail","Poisoned Stab","Backflip","Crippling Poison+1","Calculated Gamble"],"special_seed":0,"relics":["Ring of the Snake","Paper Crane","War Paint","Potion Belt","PreservedInsect","Lizard Tail","Red Mask","Orichalcum","Mercury Hourglass","Molten Egg 2"],"potions_floor_usage":[29,33,33],"damage_taken":[{"damage":0.0,"enemies":"2 Louse","floor":1.0,"turns":4.0},{"damage":0.0,"enemies":"Jaw Worm","floor":4.0,"turns":5.0},{"damage":0.0,"enemies":"Small Slimes","floor":5.0,"turns":4.0},{"damage":21.0,"enemies":"3 Sentries","floor":6.0,"turns":19.0},{"damage":11.0,"enemies":"Gremlin Nob","floor":7.0,"turns":4.0},{"damage":0.0,"enemies":"Looter","floor":8.0,"turns":3.0},{"damage":1.0,"enemies":"2 Fungi Beasts","floor":12.0,"turns":4.0},{"damage":0.0,"enemies":"3 Louse","floor":13.0,"turns":4.0},{"damage":12.0,"enemies":"Hexaghost","floor":16.0,"turns":12.0},{"damage":15.0,"enemies":"Spheric Guardian","floor":18.0,"turns":7.0},{"damage":6.0,"enemies":"Shell Parasite","floor":20.0,"turns":5.0},{"damage":15.0,"enemies":"Snecko","floor":22.0,"turns":7.0},{"damage":1.0,"enemies":"Centurion and Healer","floor":24.0,"turns":11.0},{"damage":52.0,"enemies":"Masked Bandits","floor":25.0,"turns":10.0},{"damage":18.0,"enemies":"Gremlin Leader","floor":27.0,"turns":7.0},{"damage":5,"enemies":"Cultist and Chosen","floor":28,"turns":6},{"damage":6,"enemies":"Slavers","floor":29,"turns":4},{"damage":5,"enemies":"Snake Plant","floor":30,"turns":4},{"damage":41,"enemies":"Collector","floor":33,"turns":6}],"seed_played":"-918436455374988104","potions_obtained":[{"floor":4.0,"key":"GamblersBrew"},{"floor":6.0,"key":"FearPotion"},{"floor":7.0,"key":"Block Potion"},{"floor":16.0,"key":"EssenceOfSteel"},{"floor":20.0,"key":"SneckoOil"},{"floor":27.0,"key":"Weak Potion"},{"floor":29,"key":"SpeedPotion"},{"floor":30,"key":"Dexterity Potion"}],"is_trial":false,"path_per_floor":["M","$","?","M","M","E","?","M","T","?","?","M","M","$","R","B",null,"M","$","M","$","M","R","M","?","T","E","M","E","M","?","R","B"],"character_chosen":"THE_SILENT","items_purchased":["Paper Crane","Blur","PreservedInsect","Footwork","Bane","Blur"],"campfire_rested":3,"item_purchase_floors":[2,2,14,19,19,21],"current_hp_per_floor":[49,49,35,35,35,14,3,3,3,3,26,25,25,25,46,34,70,55,55,49,49,34,55,54,2,2,26,21,15,10,10,31,0],"gold":110,"neow_bonus":"TWO_FIFTY_GOLD","is_prod":false,"is_daily":false,"chose_seed":false,"campfire_upgraded":0,"win_rate":0,"timestamp":1562267052,"path_taken":["M","$","?","M","M","E","?","M","T","?","?","?","M","$","R","BOSS","M","$","M","$","M","R","M","?","T","E","M","E","M","?","R","BOSS"],"build_version":"2019-07-01","purchased_purges":1,"victory":false,"max_hp_per_floor":[70,70,70,70,70,70,70,70,70,70,70,70,70,70,70,70,70,70,70,70,70,70,70,70,70,70,70,70,70,70,70,70,70],"card_choices":[{"not_picked":["Acrobatics","Dagger Spray","Quick Slash"],"picked":"SKIP","floor":1.0},{"not_picked":["Underhanded Strike","Infinite Blades"],"picked":"Well Laid Plans","floor":4.0},{"not_picked":["Dagger Throw","Distraction"],"picked":"Deadly Poison","floor":5.0},{"not_picked":["Acrobatics","Dagger Throw"],"picked":"Slice","floor":6.0},{"not_picked":["Quick Slash","Outmaneuver"],"picked":"Poisoned Stab","floor":7.0},{"not_picked":["Heel Hook","Underhanded Strike"],"picked":"Choke","floor":8.0},{"not_picked":["Outmaneuver","Dodge and Roll"],"picked":"Skewer","floor":12.0},{"not_picked":["Escape Plan","Prepared"],"picked":"Backstab","floor":13.0},{"not_picked":["Corpse Explosion","Storm of Steel"],"picked":"Die Die Die","floor":16.0},{"not_picked":["Outmaneuver+1","Flying Knee"],"picked":"Deadly Poison","floor":18.0},{"not_picked":["Distraction","Calculated Gamble"],"picked":"PiercingWail","floor":20.0},{"not_picked":["Deflect","Quick Slash","Slice"],"picked":"SKIP","floor":22.0},{"not_picked":["Dagger Throw","Sucker Punch"],"picked":"PiercingWail","floor":24.0},{"not_picked":["Prepared","Quick Slash+1"],"picked":"Poisoned Stab","floor":25.0},{"not_picked":["Riddle With Holes+1","Underhanded Strike+1"],"picked":"Backflip","floor":27.0},{"not_picked":["Cloak And Dagger","Backflip","Choke"],"picked":"SKIP","floor":28},{"not_picked":["Dodge and Roll+1","Heel Hook"],"picked":"Crippling Poison+1","floor":29},{"not_picked":["Eviscerate+1","Choke+1"],"picked":"Calculated Gamble","floor":30}],"player_experience":173330,"relics_obtained":[{"floor":6.0,"key":"War Paint"},{"floor":25.0,"key":"Red Mask"},{"floor":26.0,"key":"Orichalcum"},{"floor":27.0,"key":"Mercury Hourglass"},{"floor":29,"key":"Molten Egg 2"}],"event_choices":[{"damage_healed":0.0,"max_hp_gain":0.0,"max_hp_loss":0.0,"gold_gain":0.0,"event_name":"Shining Light","player_choice":"Entered Light","floor":3.0,"gold_loss":0.0,"damage_taken":14.0,"cards_upgraded":["Defend_G","Defend_G"]},{"damage_healed":0.0,"max_hp_gain":0.0,"max_hp_loss":0.0,"gold_gain":30.0,"event_name":"Dead Adventurer","player_choice":"Searched \u00273\u0027 times","floor":7.0,"gold_loss":0.0,"damage_taken":0.0,"relics_obtained":["Potion Belt"]},{"damage_healed":0.0,"max_hp_gain":0.0,"max_hp_loss":0.0,"gold_gain":65.0,"event_name":"Golden Wing","player_choice":"Gained Gold","floor":10.0,"gold_loss":0.0,"damage_taken":0.0},{"damage_healed":23.0,"max_hp_gain":0.0,"max_hp_loss":0.0,"gold_gain":0.0,"event_name":"Big Fish","player_choice":"Banana","floor":11.0,"gold_loss":0.0,"damage_taken":0.0},{"damage_healed":0.0,"max_hp_gain":0.0,"max_hp_loss":0.0,"gold_gain":0.0,"event_name":"Masked Bandits","player_choice":"Fought Bandits","floor":25.0,"gold_loss":0.0,"damage_taken":0.0},{"cards_removed":["Strike_G"],"damage_healed":0,"gold_gain":0,"player_choice":"Gave Gold","damage_taken":0,"max_hp_gain":0,"max_hp_loss":0,"event_name":"Beggar","floor":31,"gold_loss":75}],"is_beta":false,"boss_relics":[{"not_picked":["Empty Cage","Runic Pyramid"],"picked":"Lizard Tail"}],"items_purged_floors":[14],"is_endless":false,"potions_floor_spawned":[4,6,7,16,20,27,29,30],"killed_by":"Collector","ascension_level":1}