{"gold_per_floor":[115,115,140,140,140,140,174,44,44,44,58,91,91,112,112,203,203,227,227,227,240,240,240,21,21,21,21,39,63,63],"floor_reached":30,"playtime":890,"items_purged":["Strike_B","Strike_B"],"score":522,"play_id":"b1d9cc6f-39af-4b75-a4c0-2d00818fe9a4","local_time":"20190502221037","is_ascension_mode":true,"campfire_choices":[{"data":"Zap","floor":6,"key":"SMITH"},{"floor":10,"key":"REST"},{"data":"Tempest","floor":13,"key":"SMITH"},{"floor":15,"key":"REST"},{"data":"Thunder Strike","floor":23,"key":"SMITH"},{"data":"Loop","floor":25,"key":"SMITH"},{"data":"Reinforced Body","floor":27,"key":"SMITH"}],"neow_cost":"NONE","seed_source_timestamp":244150072014574,"circlet_count":0,"master_deck":["AscendersBane","Defend_B","Defend_B+1","Defend_B","Defend_B+1","Zap+1","Dualcast","Rebound","Tempest+1","Ball Lightning","Cold Snap","Ball Lightning","Barrage","Thunder Strike+1","Recycle+1","Turbo","Reinforced Body+1","Loop+1","Auto Shields","Conserve Battery"],"relics":["Cracked Core","NeowsBlessing","Golden Idol","Turnip","Mercury Hourglass","Sundial","Runic Pyramid","Dream Catcher"],"potions_floor_usage":[12,12,21,30,30],"damage_taken":[{"damage":0,"enemies":"Cultist","floor":1,"turns":1},{"damage":0,"enemies":"Small Slimes","floor":3,"turns":1},{"damage":0,"enemies":"3 Sentries","floor":7,"turns":1},{"damage":3,"enemies":"2 Louse","floor":11,"turns":2},{"damage":9,"enemies":"Gremlin Nob","floor":12,"turns":3},{"damage":12,"enemies":"2 Fungi Beasts","floor":14,"turns":2},{"damage":26,"enemies":"Hexaghost","floor":16,"turns":8},{"damage":14,"enemies":"Spheric Guardian","floor":18,"turns":4},{"damage":7,"enemies":"3 Byrds","floor":21,"turns":2},{"damage":0,"enemies":"Sentry and Sphere","floor":28,"turns":3},{"damage":16,"enemies":"Snake Plant","floor":29,"turns":4},{"damage":34,"enemies":"Slavers","floor":30,"turns":2}],"seed_played":"7216742902853770759","potions_obtained":[{"floor":3,"key":"Ancient Potion"},{"floor":12,"key":"SmokeBomb"},{"floor":16,"key":"GamblersBrew"},{"floor":18,"key":"Explosive Potion"},{"floor":29,"key":"Energy Potion"}],"is_trial":false,"path_per_floor":["M","?","M","?","?","R","E","$","T","R","M","E","R","M","R","B",null,"M","?","?","M","?","R","$","R","T","R","M","M","E"],"character_chosen":"DEFECT","items_purchased":["Fire Potion","Reinforced Body","Loop"],"campfire_rested":2,"item_purchase_floors":[8,24,24],"current_hp_per_floor":[64,40,40,19,19,19,19,19,19,40,37,28,28,16,37,11,56,42,42,42,35,40,40,40,40,40,40,40,24,0],"gold":63,"neow_bonus":"THREE_ENEMY_KILL","is_prod":false,"is_daily":false,"chose_seed":false,"campfire_upgraded":5,"win_rate":0,"timestamp":1556849437,"path_taken":["M","?","M","?","?","R","E","$","T","R","M","E","R","M","R","BOSS","M","?","?","M","?","R","$","R","T","R","?","M","E"],"build_version":"2019-01-23","purchased_purges":2,"victory":false,"max_hp_per_floor":[71,71,71,71,71,71,71,71,71,71,71,71,71,71,71,71,71,71,71,71,71,71,71,71,71,71,71,71,71,71],"card_choices":[{"not_picked":["Turbo","Redo"],"picked":"Rebound","floor":1},{"not_picked":["Beam Cell","Heatsinks"],"picked":"Gash","floor":3},{"not_picked":["Multi-Cast","White Noise"],"picked":"Ball Lightning","floor":7},{"not_picked":["Storm","Redo"],"picked":"Cold Snap","floor":11},{"not_picked":["Coolheaded","Tempest"],"picked":"Ball Lightning","floor":12},{"not_picked":["Reprogram","Rebound"],"picked":"Barrage","floor":14},{"not_picked":["Meteor Strike","Creative AI"],"picked":"Thunder Strike","floor":16},{"not_picked":["Barrage","Beam Cell"],"picked":"Recycle+1","floor":18},{"not_picked":["Double Energy","Cold Snap"],"picked":"Turbo","floor":21},{"not_picked":["Cold Snap","Scrape"],"picked":"Auto Shields","floor":28},{"not_picked":["Hologram","Compile Driver+1"],"picked":"Conserve Battery","floor":29}],"player_experience":1134946,"relics_obtained":[{"floor":7,"key":"Turnip"},{"floor":9,"key":"Mercury Hourglass"},{"floor":12,"key":"Sundial"},{"floor":26,"key":"Dream Catcher"}],"event_choices":[{"damage_healed":0,"gold_gain":0,"player_choice":"Take Damage","damage_taken":24,"relics_obtained":["Golden Idol"],"max_hp_gain":0,"max_hp_loss":0,"event_name":"Golden Idol","floor":2,"gold_loss":0},{"damage_healed":0,"gold_gain":0,"player_choice":"Entered Light","damage_taken":21,"max_hp_gain":0,"max_hp_loss":0,"event_name":"Shining Light","floor":4,"gold_loss":0,"cards_upgraded":["Defend_B","Defend_B"]},{"damage_healed":0,"gold_gain":0,"cards_transformed":["Strike_B"],"player_choice":"Change","damage_taken":0,"max_hp_gain":0,"max_hp_loss":0,"event_name":"Living Wall","floor":5,"gold_loss":0,"cards_obtained":["Tempest"]},{"damage_healed":0,"gold_gain":0,"player_choice":"Ignored","damage_taken":0,"max_hp_gain":0,"max_hp_loss":0,"event_name":"Vampires","floor":19,"gold_loss":0},{"cards_removed":["Strike_B"],"damage_healed":0,"gold_gain":0,"player_choice":"Elegance","damage_taken":0,"max_hp_gain":0,"max_hp_loss":0,"event_name":"Back to Basics","floor":20,"gold_loss":0},{"cards_removed":["Gash"],"damage_healed":5,"gold_gain":0,"player_choice":"Offered Common","damage_taken":0,"max_hp_gain":0,"max_hp_loss":0,"event_name":"Bonfire Elementals","floor":22,"gold_loss":0},{"cards_removed":["Gash"],"damage_healed":5,"gold_gain":0,"player_choice":"Offered Special","damage_taken":0,"max_hp_gain":0,"max_hp_loss":0,"event_name":"Bonfire Elementals","floor":22,"gold_loss":0}],"is_beta":false,"boss_relics":[{"not_picked":["Ectoplasm","Coffee Dripper"],"picked":"Runic Pyramid"}],"items_purged_floors":[8,24],"is_endless":false,"potions_floor_spawned":[3,12,16,18,29],"killed_by":"Slavers","ascension_level":20}