{"gold_per_floor":[117,127,139,32,32,59,59,70,122,122,122,155,105,119,119,119],"floor_reached":16,"playtime":831,"items_purged":[],"score":110,"play_id":"180c5b62-f745-42d4-ae17-ab1bb2054d75","local_time":"20190719101653","is_ascension_mode":false,"campfire_choices":[{"data":"Crippling Poison","floor":7.0,"key":"SMITH"},{"floor":10.0,"key":"REST"},{"data":"Bane","floor":15,"key":"SMITH"}],"neow_cost":"NONE","seed_source_timestamp":0,"circlet_count":0,"master_deck":["Strike_G","Strike_G","Strike_G","Defend_G","Defend_G","Defend_G","Defend_G","Defend_G","Survivor","Neutralize","Dagger Spray","PiercingWail","Well Laid Plans","Crippling Poison+1","Flying Knee","Blade Dance","Bane+1","Parasite","Backflip"],"special_seed":0,"relics":["Ring of the Snake","Dodecahedron","Bag of Preparation","Snake Skull"],"potions_floor_usage":[16],"damage_taken":[{"damage":0.0,"enemies":"Cultist","floor":1.0,"turns":4.0},{"damage":2.0,"enemies":"Small Slimes","floor":2.0,"turns":5.0},{"damage":1.0,"enemies":"Jaw Worm","floor":3.0,"turns":5.0},{"damage":26.0,"enemies":"3 Sentries","floor":6.0,"turns":11.0},{"damage":4.0,"enemies":"2 Fungi Beasts","floor":8.0,"turns":2.0},{"damage":30,"enemies":"Gremlin Nob","floor":12,"turns":5},{"damage":1,"enemies":"3 Louse","floor":14,"turns":2},{"damage":51,"enemies":"The Guardian","floor":16,"turns":10}],"seed_played":"-8634857389597322543","potions_obtained":[{"floor":2.0,"key":"AttackPotion"},{"floor":6.0,"key":"Swift Potion"}],"is_trial":false,"path_per_floor":["M","M","M","$","?","E","R","M","T","R","?","E","?","M","R","B"],"character_chosen":"THE_SILENT","items_purchased":["Crippling Poison","Flying Knee"],"campfire_rested":1,"item_purchase_floors":[4,4],"current_hp_per_floor":[77,75,74,74,67,41,41,37,37,60,77,47,47,46,46,0],"gold":119,"neow_bonus":"TEN_PERCENT_HP_BONUS","is_prod":false,"is_daily":false,"chose_seed":false,"campfire_upgraded":2,"win_rate":0,"timestamp":1563545813,"path_taken":["M","?","M","$","?","E","R","M","T","R","?","E","?","M","R","BOSS"],"build_version":"2019-07-17","purchased_purges":0,"victory":false,"max_hp_per_floor":[77,77,77,77,77,77,77,77,77,77,77,77,77,77,77,77],"card_choices":[{"not_picked":["Dagger Throw","Eviscerate"],"picked":"Dagger Spray","floor":1.0},{"not_picked":["Endless Agony","Blade Dance"],"picked":"PiercingWail","floor":2.0},{"not_picked":["Heel Hook","Tactician"],"picked":"Well Laid Plans","floor":3.0},{"not_picked":["Flechettes","Skewer"],"picked":"Blade Dance","floor":6.0},{"not_picked":["Flying Knee","Escape Plan"],"picked":"Bane","floor":8.0},{"not_picked":["Tactician","Slice"],"picked":"Backflip","floor":12},{"not_picked":["Dagger Spray","Tactician","Prepared"],"picked":"SKIP","floor":14}],"player_experience":86120,"relics_obtained":[{"floor":6.0,"key":"Dodecahedron"},{"floor":9.0,"key":"Bag of Preparation"},{"floor":12,"key":"Snake Skull"}],"event_choices":[{"cards_removed":["Strike_G"],"damage_healed":0.0,"max_hp_gain":0.0,"max_hp_loss":0.0,"gold_gain":0.0,"event_name":"Golden Wing","player_choice":"Card Removal","floor":5.0,"gold_loss":0.0,"damage_taken":7.0},{"damage_healed":19.0,"max_hp_gain":0.0,"max_hp_loss":0.0,"gold_gain":0.0,"event_name":"Mushrooms","player_choice":"Healed and dodged fight","floor":11.0,"gold_loss":0.0,"damage_taken":0.0,"cards_obtained":["Parasite"]},{"cards_removed":["Strike_G"],"damage_healed":0,"gold_gain":0,"player_choice":"Card Removal","damage_taken":0,"max_hp_gain":0,"max_hp_loss":0,"event_name":"The Cleric","floor":13,"gold_loss":50}],"is_beta":false,"boss_relics":[],"items_purged_floors":[],"is_endless":false,"potions_floor_spawned":[2,6],"killed_by":"The Guardian","ascension_level":0}