{"gold_per_floor":[116,95,95,115,131,131,143,74,98,98,128,144,158,190,190,290,290,307,327,47,66,66,66,84,100,171,185,185,198,198,212,212,212],"floor_reached":33,"playtime":1483,"items_purged":["Strike_R"],"score":253,"play_id":"a5cefbe3-6f9b-430a-8dc8-f821b4e66cbd","local_time":"20190716184047","is_ascension_mode":false,"campfire_choices":[{"data":"Bludgeon","floor":6.0,"key":"SMITH"},{"data":"Double Tap","floor":10.0,"key":"SMITH"},{"floor":15.0,"key":"REST"},{"data":"Whirlwind","floor":23.0,"key":"SMITH"},{"floor":28.0,"key":"REST"},{"data":"Barricade","floor":32,"key":"SMITH"}],"neow_cost":"NONE","seed_source_timestamp":0,"circlet_count":0,"master_deck":["Strike_R","Strike_R","Strike_R","Defend_R","Defend_R","Defend_R","Defend_R","Bash","Bludgeon+1","Shrug It Off","Clothesline","Pommel Strike","Double Tap+1","Disarm","Shrug It Off","Anger","Battle Trance","Barricade+1","Headbutt","Whirlwind+1","Pommel Strike+1","True Grit+1","Flame Barrier","Feel No Pain","Impervious","Finesse","Metallicize"],"special_seed":0,"relics":["Burning Blood","Bag of Preparation","Odd Mushroom","Omamori","Cursed Key","Lee\u0027s Waffle","Letter Opener"],"potions_floor_usage":[33,33,33],"damage_taken":[{"damage":1.0,"enemies":"Jaw Worm","floor":1.0,"turns":3.0},{"damage":2.0,"enemies":"Small Slimes","floor":4.0,"turns":3.0},{"damage":6.0,"enemies":"Cultist","floor":5.0,"turns":3.0},{"damage":2.0,"enemies":"Exordium Wildlife","floor":7.0,"turns":3.0},{"damage":16.0,"enemies":"The Mushroom Lair","floor":11.0,"turns":4.0},{"damage":7.0,"enemies":"Blue Slaver","floor":12.0,"turns":5.0},{"damage":11.0,"enemies":"3 Louse","floor":13.0,"turns":4.0},{"damage":19.0,"enemies":"Lagavulin","floor":14.0,"turns":6.0},{"damage":37.0,"enemies":"Slime Boss","floor":16.0,"turns":8.0},{"damage":9.0,"enemies":"2 Thieves","floor":18.0,"turns":4.0},{"damage":10.0,"enemies":"Spheric Guardian","floor":19.0,"turns":3.0},{"damage":27.0,"enemies":"Snake Plant","floor":21.0,"turns":4.0},{"damage":10.0,"enemies":"3 Cultists","floor":24.0,"turns":5.0},{"damage":35.0,"enemies":"Centurion and Healer","floor":25.0,"turns":4.0},{"damage":1.0,"enemies":"Snecko","floor":27.0,"turns":3.0},{"damage":0.0,"enemies":"Snake Plant","floor":29.0,"turns":1.0},{"damage":19.0,"enemies":"Centurion and Healer","floor":31.0,"turns":5.0},{"damage":87,"enemies":"Automaton","floor":33,"turns":12}],"seed_played":"6826112858183034411","potions_obtained":[{"floor":1.0,"key":"SkillPotion"},{"floor":5.0,"key":"Swift Potion"},{"floor":7.0,"key":"BloodPotion"},{"floor":16.0,"key":"SkillPotion"},{"floor":19.0,"key":"EssenceOfSteel"},{"floor":21.0,"key":"Energy Potion"},{"floor":31.0,"key":"SteroidPotion"}],"is_trial":false,"path_per_floor":["M","?","?","M","M","R","M","$","T","R","?","M","M","E","R","B",null,"M","M","$","M","?","R","M","M","T","M","R","M","?","M","R","B"],"character_chosen":"IRONCLAD","items_purchased":["Disarm","Lee\u0027s Waffle"],"campfire_rested":2,"item_purchase_floors":[8,20],"current_hp_per_floor":[80,80,80,80,80,80,80,80,80,80,70,69,64,51,75,44,80,77,73,87,66,66,66,62,33,33,38,64,70,70,57,57,0],"gold":212,"neow_bonus":"ONE_RANDOM_RARE_CARD","is_prod":false,"is_daily":false,"chose_seed":false,"campfire_upgraded":4,"win_rate":0.0,"timestamp":1563316847,"path_taken":["M","?","?","M","M","R","?","$","T","R","?","M","M","E","R","BOSS","M","M","$","M","?","R","M","M","T","M","R","M","?","?","R","BOSS"],"build_version":"2019-07-05","purchased_purges":1,"victory":false,"max_hp_per_floor":[80,80,80,80,80,80,80,80,80,80,80,80,80,80,80,80,80,80,80,87,87,87,87,87,87,87,87,87,87,87,87,87,87],"card_choices":[{"not_picked":["Rupture","Bloodletting"],"picked":"Shrug It Off","floor":1.0},{"not_picked":["Twin Strike","Infernal Blade"],"picked":"Clothesline","floor":4.0},{"not_picked":["Perfected Strike","Headbutt"],"picked":"Pommel Strike","floor":5.0},{"not_picked":["Heavy Blade","Headbutt"],"picked":"Double Tap","floor":7.0},{"not_picked":["Sever Soul","Armaments"],"picked":"Shrug It Off","floor":11.0},{"not_picked":["Sword Boomerang","Twin Strike","Clash"],"picked":"SKIP","floor":12.0},{"not_picked":["Thunderclap","Clash"],"picked":"Anger","floor":13.0},{"not_picked":["Anger","Seeing Red"],"picked":"Battle Trance","floor":14.0},{"not_picked":["Impervious","Double Tap"],"picked":"Barricade","floor":16.0},{"not_picked":["Warcry+1","Hemokinesis"],"picked":"Headbutt","floor":18.0},{"not_picked":["Seeing Red","Combust"],"picked":"Whirlwind","floor":19.0},{"not_picked":["Rampage","Body Slam"],"picked":"Pommel Strike+1","floor":21.0},{"not_picked":["Evolve+1","Body Slam"],"picked":"True Grit+1","floor":24.0},{"not_picked":["Burning Pact","Anger"],"picked":"Flame Barrier","floor":25.0},{"not_picked":["Flex","Shrug It Off"],"picked":"Feel No Pain","floor":27.0},{"not_picked":["Wild Strike","Cleave","Shockwave"],"picked":"SKIP","floor":29.0},{"not_picked":["Combust","Havoc"],"picked":"Metallicize","floor":31.0}],"player_experience":79725,"relics_obtained":[{"floor":9.0,"key":"Bag of Preparation"},{"floor":11.0,"key":"Odd Mushroom"},{"floor":14.0,"key":"Omamori"},{"floor":26.0,"key":"Letter Opener"}],"event_choices":[{"damage_healed":0.0,"max_hp_gain":0.0,"max_hp_loss":0.0,"gold_gain":0.0,"event_name":"World of Goop","player_choice":"Left Gold","floor":2.0,"gold_loss":21.0,"damage_taken":0.0},{"cards_removed":["Strike_R"],"damage_healed":0.0,"max_hp_gain":0.0,"max_hp_loss":0.0,"gold_gain":0.0,"event_name":"Bonfire Elementals","player_choice":"Offered Basic","floor":3.0,"gold_loss":0.0,"damage_taken":0.0},{"damage_healed":0.0,"max_hp_gain":0.0,"max_hp_loss":0.0,"gold_gain":0.0,"event_name":"Mushrooms","player_choice":"Fought Mushrooms","floor":11.0,"gold_loss":0.0,"damage_taken":0.0},{"damage_healed":0.0,"max_hp_gain":0.0,"max_hp_loss":0.0,"gold_gain":0.0,"event_name":"The Mausoleum","player_choice":"Ignored","floor":22.0,"gold_loss":0.0,"damage_taken":0.0},{"damage_healed":0.0,"max_hp_gain":0.0,"max_hp_loss":0.0,"gold_gain":0.0,"event_name":"Match and Keep!","player_choice":"2 cards matched","floor":30.0,"gold_loss":0.0,"damage_taken":0.0,"cards_obtained":["Impervious","Finesse"]}],"is_beta":false,"boss_relics":[{"not_picked":["Fusion Hammer","Empty Cage"],"picked":"Cursed Key"}],"items_purged_floors":[20],"is_endless":false,"potions_floor_spawned":[1,5,7,13,16,19,21,27,31],"killed_by":"Automaton","ascension_level":0}