{"gold_per_floor":[111,111,130,142,93,93,23,23,73,73,88,108,179,207,207,303,303,321,140,157,72,89,89,103,103,103,115,15,33,33,33,33,132,132,146,160,160,35,51,51,62,62,116,136,155,175,175],"floor_reached":47,"playtime":3562,"items_purged":["Strike_B","Strike_B","Lockon"],"score":429,"play_id":"d3e0a1b9-0865-4194-86db-2cf604841eb7","local_time":"20190709170025","is_ascension_mode":false,"campfire_choices":[{"data":"Zap","floor":6,"key":"SMITH"},{"floor":8,"key":"REST"},{"data":"Dualcast","floor":10,"key":"SMITH"},{"floor":15,"key":"REST"},{"floor":23,"key":"REST"},{"floor":32,"key":"REST"},{"floor":40,"key":"REST"}],"neow_cost":"NONE","seed_source_timestamp":104400075997165,"circlet_count":0,"master_deck":["Defend_B","Defend_B","Defend_B","Zap+1","Dualcast+1","Defragment","Sweeping Beam","Doom and Gloom","Tempest","Storm","Steam","Electrodynamics","Capacitor","Glacier","Loop","Static Discharge+1","Barrage+1","Leap","Buffer","Biased Cognition","Stack+1","Double Energy","Skim+1","Chaos+1","Compile Driver+1","Parasite","Self Repair"],"relics":["Cracked Core","Regal Pillow","Odd Mushroom","Molten Egg 2","Gambling Chip","Nuclear Battery","Gremlin Horn","Orichalcum","Empty Cage","Bag of Preparation"],"potions_floor_usage":[],"damage_taken":[{"damage":1,"enemies":"Cultist","floor":1,"turns":4},{"damage":7,"enemies":"Small Slimes","floor":3,"turns":4},{"damage":0,"enemies":"2 Louse","floor":4,"turns":2},{"damage":5,"enemies":"Looter","floor":11,"turns":2},{"damage":18,"enemies":"The Mushroom Lair","floor":12,"turns":3},{"damage":21,"enemies":"3 Sentries","floor":14,"turns":5},{"damage":46,"enemies":"The Guardian","floor":16,"turns":11},{"damage":22,"enemies":"Shell Parasite","floor":18,"turns":4},{"damage":0,"enemies":"3 Byrds","floor":20,"turns":2},{"damage":14,"enemies":"Snake Plant","floor":22,"turns":3},{"damage":3,"enemies":"Snecko","floor":24,"turns":4},{"damage":21,"enemies":"Shelled Parasite and Fungi","floor":27,"turns":3},{"damage":5,"enemies":"Centurion and Healer","floor":29,"turns":4},{"damage":16,"enemies":"Champ","floor":33,"turns":11},{"damage":25,"enemies":"3 Darklings","floor":35,"turns":3},{"damage":12,"enemies":"3 Shapes","floor":36,"turns":3},{"damage":33,"enemies":"Jaw Worm Horde","floor":39,"turns":3},{"damage":0,"enemies":"Transient","floor":41,"turns":5},{"damage":14,"enemies":"Maw","floor":44,"turns":8},{"damage":14,"enemies":"3 Darklings","floor":45,"turns":1},{"damage":9,"enemies":"Writhing Mass","floor":46,"turns":5},{"damage":9,"enemies":"Sphere and 2 Shapes","floor":47,"turns":5}],"seed_played":"8406665625331460988","potions_obtained":[{"floor":1,"key":"SpeedPotion"},{"floor":4,"key":"GamblersBrew"},{"floor":12,"key":"SteroidPotion"},{"floor":36,"key":"SmokeBomb"}],"is_trial":false,"path_per_floor":["M","?","M","M","?","R","$","R","T","R","M","?","T","E","R","B",null,"M","$","M","?","M","R","M","?","T","M","$","M","$","?","R","B",null,"M","M","?","$","M","R","M","$","T","M","M","M","M"],"character_chosen":"DEFECT","items_purchased":["Doom and Gloom","Glacier","Loop"],"campfire_rested":5,"item_purchase_floors":[7,19,19],"current_hp_per_floor":[74,74,67,67,67,67,67,75,75,75,70,52,52,31,68,22,75,53,53,53,53,39,75,72,72,72,51,51,46,46,46,75,59,75,50,38,38,38,5,42,42,42,42,28,14,5,0],"gold":175,"neow_bonus":"REMOVE_CARD","is_prod":false,"is_daily":false,"chose_seed":false,"campfire_upgraded":2,"win_rate":0.0,"timestamp":1562706025,"path_taken":["M","?","M","M","?","R","$","R","T","R","M","?","?","E","R","BOSS","M","$","M","?","M","R","M","?","T","M","?","M","$","?","R","BOSS","M","M","?","$","M","R","M","?","T","M","M","?","M"],"build_version":"2019-07-05","purchased_purges":3,"victory":false,"max_hp_per_floor":[75,75,75,75,75,75,75,75,75,75,75,75,75,75,75,75,75,75,75,75,75,75,75,75,75,75,75,75,75,75,75,75,75,75,75,75,75,75,75,75,75,75,75,75,75,75,75],"card_choices":[{"not_picked":["Tempest","Genetic Algorithm"],"picked":"Defragment","floor":1},{"not_picked":["Hello World","Aggregate"],"picked":"Lockon","floor":3},{"not_picked":["Static Discharge","Conserve Battery"],"picked":"Sweeping Beam","floor":4},{"not_picked":["Reinforced Body","Barrage"],"picked":"Tempest","floor":11},{"not_picked":["Cold Snap","Steam"],"picked":"Storm","floor":12},{"not_picked":["Hello World","Hologram"],"picked":"Steam","floor":14},{"not_picked":["Reboot","Multi-Cast"],"picked":"Electrodynamics","floor":16},{"not_picked":["Melter+1","Skim+1"],"picked":"Capacitor","floor":18},{"not_picked":["White Noise","Conserve Battery+1"],"picked":"Static Discharge+1","floor":20},{"not_picked":["Cold Snap+1","Gash+1"],"picked":"Barrage+1","floor":22},{"not_picked":["Lockon+1","Streamline+1"],"picked":"Leap","floor":24},{"not_picked":["Hologram","Consume","Gash+1"],"picked":"SKIP","floor":27},{"not_picked":["Tempest","Beam Cell+1"],"picked":"Buffer","floor":29},{"not_picked":["All For One+1","Seek"],"picked":"Biased Cognition","floor":33},{"not_picked":["Rip and Tear+1","Tempest+1"],"picked":"Stack+1","floor":35},{"not_picked":["Beam Cell+1","Streamline+1"],"picked":"Double Energy","floor":36},{"not_picked":["Ball Lightning+1","Redo"],"picked":"Skim+1","floor":39},{"not_picked":["Blizzard+1","Steam Power"],"picked":"Chaos+1","floor":41},{"not_picked":["Stack","Force Field"],"picked":"Compile Driver+1","floor":44},{"not_picked":["Leap","Streamline+1","Barrage+1"],"picked":"SKIP","floor":45},{"not_picked":["Streamline+1","Steam"],"picked":"Self Repair","floor":46}],"player_experience":51418,"relics_obtained":[{"floor":9,"key":"Regal Pillow"},{"floor":12,"key":"Odd Mushroom"},{"floor":13,"key":"Molten Egg 2"},{"floor":14,"key":"Gambling Chip"},{"floor":26,"key":"Orichalcum"},{"floor":43,"key":"Bag of Preparation"}],"event_choices":[{"damage_healed":0,"gold_gain":0,"player_choice":"Ignored","damage_taken":0,"max_hp_gain":0,"max_hp_loss":0,"event_name":"Liars Game","floor":2,"gold_loss":0},{"damage_healed":0,"gold_gain":0,"player_choice":"Left Gold","damage_taken":0,"max_hp_gain":0,"max_hp_loss":0,"event_name":"World of Goop","floor":5,"gold_loss":49},{"damage_healed":0,"gold_gain":0,"player_choice":"Fought Mushrooms","damage_taken":0,"max_hp_gain":0,"max_hp_loss":0,"event_name":"Mushrooms","floor":12,"gold_loss":0},{"damage_healed":0,"gold_gain":0,"player_choice":"Obtained Relic","damage_taken":0,"relics_obtained":["Gremlin Horn"],"max_hp_gain":0,"max_hp_loss":0,"event_name":"Addict","floor":21,"gold_loss":85},{"damage_healed":0,"gold_gain":0,"player_choice":"Ignored","damage_taken":0,"max_hp_gain":0,"max_hp_loss":0,"event_name":"Ghosts","floor":25,"gold_loss":0},{"damage_healed":0,"gold_gain":0,"cards_transformed":["Strike_B"],"player_choice":"Transformed","damage_taken":0,"max_hp_gain":0,"max_hp_loss":0,"event_name":"Transmorgrifier","floor":31,"gold_loss":0,"cards_obtained":["Reinforced Body"]},{"damage_healed":0,"gold_gain":0,"player_choice":"Ignored","damage_taken":0,"max_hp_gain":0,"max_hp_loss":0,"event_name":"NoteForYourself","floor":37,"gold_loss":0}],"is_beta":false,"boss_relics":[{"not_picked":["Tiny House","Velvet Choker"],"picked":"Nuclear Battery"},{"not_picked":["Coffee Dripper","White Beast Statue"],"picked":"Empty Cage"}],"items_purged_floors":[19,28,38],"is_endless":false,"potions_floor_spawned":[1,4,12,14,20,24,36,41,46],"killed_by":"Sphere and 2 Shapes","ascension_level":0}