{"gold_per_floor":[110,110,124,124,104,104,134,134,134,154,26,52,52,79,79,157,157,113,129,146,146,34,34,45,45,45,75,75,93,93,108,108,187,187,207,207,226,245,245,271,271,290,370,395,405,440,459,479,479,479,479,479,479,24,52,52],"floor_reached":56,"playtime":5572,"items_purged":["Strike_G","Strike_G"],"score":2004,"play_id":"ecf253ec-cb87-415c-9a01-e00983078a47","local_time":"20190710003513","is_ascension_mode":true,"campfire_choices":[{"data":"Dagger Throw","floor":6.0,"key":"SMITH"},{"data":"Well Laid Plans","floor":8.0,"key":"SMITH"},{"floor":15.0,"key":"REST"},{"data":"Wraith Form v2","floor":23.0,"key":"SMITH"},{"data":"Noxious Fumes","floor":25.0,"key":"SMITH"},{"data":"Crippling Poison","floor":28.0,"key":"SMITH"},{"data":"Neutralize","floor":30.0,"key":"SMITH"},{"data":"Deadly Poison","floor":32.0,"key":"SMITH"},{"floor":41.0,"key":"RECALL"},{"data":"Footwork","floor":49.0,"key":"SMITH"},{"data":"Well Laid Plans","floor":53.0,"key":"SMITH"}],"neow_cost":"NONE","seed_source_timestamp":721361654432213,"circlet_count":0,"master_deck":["AscendersBane","Strike_G+1","Defend_G","Defend_G","Defend_G+1","Defend_G","Defend_G","Survivor","Neutralize+1","Well Laid Plans+1","Dagger Throw+1","Grand Finale","PiercingWail","Noxious Fumes+1","Acrobatics","Wraith Form v2+1","Infinite Blades+1","Deflect+1","Deadly Poison+1","Escape Plan","Caltrops","Well Laid Plans+1","Masterful Stab+1","Crippling Poison+1","Bullet Time","Backflip+1","Pain","Backflip","Tactician+1","Bouncing Flask+1","Doubt","Cloak And Dagger+1","Footwork+1","PiercingWail","PiercingWail+1","PiercingWail","Noxious Fumes","PiercingWail"],"special_seed":0,"relics":["Ring of the Snake","NeowsBlessing","Pantograph","Ginger","Mummified Hand","Darkstone Periapt","Dodecahedron","Eternal Feather","Vajra","Gremlin Horn","Cursed Key","WarpedTongs","Incense Burner","Potion Belt","Anchor","Blue Candle","Orichalcum"],"potions_floor_usage":[56],"damage_taken":[{"damage":0.0,"enemies":"Jaw Worm","floor":1.0,"turns":1.0},{"damage":0.0,"enemies":"2 Louse","floor":3.0,"turns":2.0},{"damage":0.0,"enemies":"Lagavulin","floor":7.0,"turns":1.0},{"damage":6.0,"enemies":"Cultist","floor":10.0,"turns":4.0},{"damage":20.0,"enemies":"Gremlin Nob","floor":12.0,"turns":5.0},{"damage":8.0,"enemies":"Lagavulin","floor":14.0,"turns":6.0},{"damage":16.0,"enemies":"Slime Boss","floor":16.0,"turns":10.0},{"damage":11.0,"enemies":"2 Thieves","floor":18.0,"turns":5.0},{"damage":21.0,"enemies":"Shell Parasite","floor":19.0,"turns":7.0},{"damage":2.0,"enemies":"Centurion and Healer","floor":20.0,"turns":6.0},{"damage":14.0,"enemies":"Shelled Parasite and Fungi","floor":24.0,"turns":6.0},{"damage":9.0,"enemies":"Gremlin Leader","floor":27.0,"turns":6.0},{"damage":10.0,"enemies":"Snake Plant","floor":29.0,"turns":4.0},{"damage":29.0,"enemies":"Centurion and Healer","floor":31.0,"turns":5.0},{"damage":42.0,"enemies":"Collector","floor":33.0,"turns":8.0},{"damage":0.0,"enemies":"3 Darklings","floor":35.0,"turns":4.0},{"damage":10.0,"enemies":"Orb Walker","floor":37.0,"turns":4.0},{"damage":0.0,"enemies":"Jaw Worm Horde","floor":38.0,"turns":4.0},{"damage":5.0,"enemies":"Nemesis","floor":40.0,"turns":7.0},{"damage":22.0,"enemies":"Spire Growth","floor":42.0,"turns":5.0},{"damage":4.0,"enemies":"Giant Head","floor":44.0,"turns":8.0},{"damage":1.0,"enemies":"Transient","floor":45.0,"turns":6.0},{"damage":2.0,"enemies":"Reptomancer","floor":46.0,"turns":8.0},{"damage":2.0,"enemies":"Maw","floor":47.0,"turns":7.0},{"damage":8.0,"enemies":"Sphere and 2 Shapes","floor":48.0,"turns":10.0},{"damage":74.0,"enemies":"Awakened One","floor":50.0,"turns":20.0},{"damage":28.0,"enemies":"Time Eater","floor":51.0,"turns":17.0},{"damage":27.0,"enemies":"Shield and Spear","floor":55.0,"turns":9.0},{"damage":78,"enemies":"The Heart","floor":56,"turns":8}],"seed_played":"-1887637527347266447","potions_obtained":[{"floor":1.0,"key":"Block Potion"},{"floor":5.0,"key":"Ancient Potion"},{"floor":14.0,"key":"Weak Potion"},{"floor":18.0,"key":"Weak Potion"},{"floor":20.0,"key":"Regen Potion"},{"floor":27.0,"key":"Fire Potion"},{"floor":33.0,"key":"GhostInAJar"},{"floor":44.0,"key":"GhostInAJar"},{"floor":45.0,"key":"EssenceOfSteel"},{"floor":48.0,"key":"SkillPotion"},{"floor":55.0,"key":"PowerPotion"}],"is_trial":false,"path_per_floor":["M","?","M","T","?","R","E","R","T","M","$","E","$","E","R","B",null,"M","M","M","?","$","R","M","R","T","E","R","M","R","M","R","B",null,"M","?","M","M","?","E","R","M","T","E","M","E","M","M","R","B","B",null,"R","$","E","B"],"character_chosen":"THE_SILENT","items_purchased":["Noxious Fumes","Acrobatics","Well Laid Plans","Blue Candle","Noxious Fumes"],"campfire_rested":1,"item_purchase_floors":[11,11,22,54,54],"current_hp_per_floor":[59,39,39,39,39,39,39,39,39,33,33,13,13,5,24,33,58,47,26,24,24,24,36,37,49,49,40,55,45,60,31,46,24,56,56,62,52,52,52,47,65,43,49,45,44,42,40,32,53,4,1,59,78,78,51,0],"gold":52,"neow_bonus":"THREE_ENEMY_KILL","is_prod":false,"is_daily":false,"chose_seed":false,"campfire_upgraded":9,"win_rate":0,"timestamp":1562733313,"path_taken":["M","?","M","?","?","R","E","R","T","?","?","E","$","E","R","BOSS","M","?","M","?","$","R","M","R","T","E","R","M","R","M","R","BOSS","M","?","M","?","?","E","R","M","T","E","M","E","M","M","R","BOSS","BOSS","R","$","E","BOSS"],"build_version":"2019-07-05","purchased_purges":2,"victory":false,"max_hp_per_floor":[66,66,66,66,66,66,66,66,66,66,66,66,66,66,66,66,66,66,66,66,66,66,66,66,66,66,66,66,66,66,66,66,66,66,66,72,72,72,72,72,72,72,78,78,78,78,78,78,78,78,78,78,78,78,78,78],"card_choices":[{"not_picked":["Dodge and Roll","Sucker Punch"],"picked":"Well Laid Plans","floor":1.0},{"not_picked":["Acrobatics","Blur"],"picked":"Dagger Throw","floor":3.0},{"not_picked":["Endless Agony","Reflex"],"picked":"Grand Finale","floor":7.0},{"not_picked":["Prepared","Acrobatics"],"picked":"PiercingWail","floor":10.0},{"not_picked":["Dagger Throw","Flying Knee","Distraction"],"picked":"SKIP","floor":12.0},{"not_picked":["Poisoned Stab","Slice","Quick Slash"],"picked":"SKIP","floor":14.0},{"not_picked":["Grand Finale","Bullet Time"],"picked":"Wraith Form v2","floor":16.0},{"not_picked":["Acrobatics","Poisoned Stab"],"picked":"Infinite Blades+1","floor":18.0},{"not_picked":["Riddle With Holes","Predator"],"picked":"Deflect+1","floor":19.0},{"not_picked":["PiercingWail","Riddle With Holes"],"picked":"Deadly Poison","floor":20.0},{"not_picked":["Dash","Poisoned Stab+1"],"picked":"Masterful Stab+1","floor":24.0},{"not_picked":["Underhanded Strike","Finisher"],"picked":"Crippling Poison","floor":27.0},{"not_picked":["Distraction","Dagger Throw","Blade Dance"],"picked":"SKIP","floor":29.0},{"not_picked":["Outmaneuver","Dash","Deflect"],"picked":"SKIP","floor":31.0},{"not_picked":["Envenom","Venomology"],"picked":"Bullet Time","floor":33.0},{"not_picked":["Sucker Punch","Calculated Gamble"],"picked":"Backflip+1","floor":35.0},{"not_picked":["Cloak And Dagger","Poisoned Stab"],"picked":"Backflip","floor":37.0},{"not_picked":["Dagger Throw","Tools of the Trade"],"picked":"Tactician+1","floor":38.0},{"not_picked":["Cloak And Dagger","Blade Dance"],"picked":"Bouncing Flask+1","floor":40.0},{"not_picked":["Heel Hook","Predator","Quick Slash"],"picked":"SKIP","floor":42.0},{"not_picked":["Concentrate","Dodge and Roll+1"],"picked":"Cloak And Dagger+1","floor":44.0},{"not_picked":["All Out Attack","Dodge and Roll"],"picked":"Footwork","floor":45.0},{"not_picked":["Tactician","Sucker Punch+1"],"picked":"PiercingWail","floor":46.0},{"not_picked":["Slice+1","Noxious Fumes"],"picked":"PiercingWail+1","floor":47.0},{"not_picked":["Bullet Time","Well Laid Plans"],"picked":"PiercingWail","floor":48.0},{"not_picked":["Bane","Slice+1"],"picked":"PiercingWail","floor":55.0}],"player_experience":1591246,"relics_obtained":[{"floor":4.0,"key":"Pantograph"},{"floor":7.0,"key":"Ginger"},{"floor":9.0,"key":"Mummified Hand"},{"floor":12.0,"key":"Darkstone Periapt"},{"floor":14.0,"key":"Dodecahedron"},{"floor":26.0,"key":"Vajra"},{"floor":27.0,"key":"Gremlin Horn"},{"floor":40.0,"key":"Incense Burner"},{"floor":44.0,"key":"Potion Belt"},{"floor":46.0,"key":"Anchor"},{"floor":55.0,"key":"Orichalcum"}],"event_choices":[{"damage_healed":0.0,"max_hp_gain":0.0,"max_hp_loss":0.0,"gold_gain":0.0,"event_name":"Shining Light","player_choice":"Entered Light","floor":2.0,"gold_loss":0.0,"damage_taken":20.0,"cards_upgraded":["Strike_G","Defend_G"]},{"damage_healed":0.0,"max_hp_gain":0.0,"max_hp_loss":0.0,"gold_gain":0.0,"event_name":"The Woman in Blue","player_choice":"Bought 1 Potion","floor":5.0,"gold_loss":0.0,"damage_taken":0.0},{"damage_healed":0.0,"max_hp_gain":0.0,"max_hp_loss":0.0,"gold_gain":0.0,"cards_transformed":["Strike_G","Strike_G"],"event_name":"Drug Dealer","player_choice":"Became Test Subject","floor":21.0,"gold_loss":0.0,"damage_taken":0.0,"cards_obtained":["Escape Plan","Caltrops"]},{"damage_healed":0.0,"max_hp_gain":0.0,"max_hp_loss":0.0,"gold_gain":0.0,"event_name":"Accursed Blacksmith","player_choice":"Rummage","floor":36.0,"gold_loss":0.0,"damage_taken":0.0,"relics_obtained":["WarpedTongs"],"cards_obtained":["Pain"]},{"damage_healed":0.0,"max_hp_gain":0.0,"max_hp_loss":0.0,"gold_gain":0.0,"event_name":"Tomb of Lord Red Mask","player_choice":"Ignored","floor":39.0,"gold_loss":0.0,"damage_taken":0.0}],"is_beta":false,"boss_relics":[{"not_picked":["Lizard Tail","Calling Bell"],"picked":"Eternal Feather"},{"not_picked":["Fusion Hammer","Ring of the Serpent"],"picked":"Cursed Key"}],"items_purged_floors":[22,54],"is_endless":false,"potions_floor_spawned":[1,14,18,20,27,33,40,42,44,45,48,55],"killed_by":"The Heart","ascension_level":20}