{"gold_per_floor":[123,155,180,192,215,256,268,342,354,382,426,438,144,144,144,248,248,264,276,276,296,308,339,352,372,372,372,406,406,420,432,432,532,532,542,542,561,580,595,254,254],"floor_reached":41,"playtime":3093,"items_purged":["Strike_B","Defend_B"],"score":597,"play_id":"f65a9d95-3922-492e-aded-e27b14c3a70b","local_time":"20180824005904","is_ascension_mode":true,"campfire_choices":[{"floor":7,"key":"REST"},{"data":"Defragment","floor":12,"key":"SMITH"},{"floor":15,"key":"REST"},{"floor":27,"key":"REST"},{"data":"Defragment","floor":29,"key":"SMITH"},{"floor":32,"key":"REST"}],"neow_cost":"NONE","seed_source_timestamp":680388711032725,"circlet_count":0,"master_deck":["Strike_B+1","Strike_B+1","Defend_B","Defend_B","Defend_B","Zap","Dualcast","Steam","Go for the Eyes","Glacier","Defragment+1","Defragment+1","Steam","Coolheaded","Compile Driver","Seek","FTL","Ball Lightning","Coolheaded+1","Electrodynamics","Double Energy+1","Capacitor","Barrage+1","Consume+1","BootSequence+1","Madness","Madness","Conserve Battery"],"relics":["Cracked Core","MawBank","Dodecahedron","Tiny Chest","Gremlin Horn","Matryoshka","Anchor","Nuclear Battery","DataDisk","Juzu Bracelet","Symbiotic Virus","Orichalcum","Sundial","Bag of Marbles","Orrery","Cables"],"potions_floor_usage":[6,11,11,23,23,33],"damage_taken":[{"damage":1,"enemies":"Cultist","floor":1,"turns":3},{"damage":1,"enemies":"Jaw Worm","floor":2,"turns":3},{"damage":5,"enemies":"Small Slimes","floor":3,"turns":3},{"damage":8,"enemies":"Looter","floor":5,"turns":3},{"damage":18,"enemies":"Gremlin Nob","floor":6,"turns":4},{"damage":2,"enemies":"Lagavulin","floor":8,"turns":9},{"damage":0,"enemies":"Red Slaver","floor":10,"turns":4},{"damage":6,"enemies":"Gremlin Nob","floor":11,"turns":3},{"damage":28,"enemies":"Slime Boss","floor":16,"turns":14},{"damage":0,"enemies":"Shell Parasite","floor":18,"turns":10},{"damage":8,"enemies":"3 Byrds","floor":19,"turns":9},{"damage":0,"enemies":"Shelled Parasite and Fungi","floor":21,"turns":11},{"damage":0,"enemies":"Centurion and Healer","floor":22,"turns":10},{"damage":11,"enemies":"Slavers","floor":23,"turns":9},{"damage":0,"enemies":"Cultist and Chosen","floor":24,"turns":4},{"damage":10,"enemies":"Snecko","floor":25,"turns":4},{"damage":1,"enemies":"Book of Stabbing","floor":28,"turns":6},{"damage":3,"enemies":"Centurion and Healer","floor":30,"turns":5},{"damage":10,"enemies":"Snake Plant","floor":31,"turns":5},{"damage":19,"enemies":"Collector","floor":33,"turns":11},{"damage":0,"enemies":"3 Shapes","floor":35,"turns":3},{"damage":23,"enemies":"Flame Bruiser 1 Orb","floor":37,"turns":5},{"damage":8,"enemies":"3 Darklings","floor":38,"turns":3},{"damage":23,"enemies":"Flame Bruiser 2 Orb","floor":39,"turns":4},{"damage":9,"enemies":"Nemesis","floor":41,"turns":3}],"seed_played":"-6284510062067792177","potions_obtained":[{"floor":1,"key":"LiquidBronze"},{"floor":3,"key":"FocusPotion"},{"floor":6,"key":"Energy Potion"},{"floor":10,"key":"Poison Potion"},{"floor":16,"key":"Energy Potion"},{"floor":18,"key":"Fire Potion"},{"floor":23,"key":"Dexterity Potion"},{"floor":25,"key":"Fire Potion"},{"floor":33,"key":"Dexterity Potion"}],"is_trial":false,"path_per_floor":["M","M","M","?","M","E","R","E","T","M","E","R","$","?","R","B",null,"M","M","T","M","M","E","M","M","T","R","E","R","M","M","R","B",null,"M","?","M","M","M","$"],"character_chosen":"DEFECT","items_purchased":["Anchor","Coolheaded","Compile Driver","Cables"],"campfire_rested":4,"item_purchase_floors":[13,13,13,40],"current_hp_per_floor":[67,66,61,46,38,20,42,40,40,40,34,34,34,27,49,21,62,62,54,54,54,54,43,43,33,33,55,54,54,51,41,63,44,67,67,58,35,27,4,4,0],"gold":254,"neow_bonus":"RANDOM_COMMON_RELIC","is_prod":false,"is_daily":false,"chose_seed":false,"campfire_upgraded":2,"win_rate":0,"timestamp":1535086744,"path_taken":["M","?","M","?","M","E","R","E","T","?","E","R","?","?","R","BOSS","M","M","?","M","M","E","M","M","T","R","E","R","M","M","R","BOSS","M","?","M","M","M","$","E"],"build_version":"2018-08-23","purchased_purges":2,"victory":false,"max_hp_per_floor":[75,75,75,75,75,75,75,75,75,75,75,75,75,75,75,75,75,75,75,75,75,75,75,75,75,75,75,75,75,75,75,75,75,75,75,75,75,75,75,75,75],"card_choices":[{"not_picked":["Melter","Sweeping Beam"],"picked":"Steam","floor":1},{"not_picked":["Compile Driver","Rip and Tear"],"picked":"Go for the Eyes","floor":2},{"not_picked":["Streamline","Doom and Gloom"],"picked":"Glacier","floor":3},{"not_picked":["Melter","Stack"],"picked":"Defragment","floor":5},{"not_picked":["Hologram","Hello World"],"picked":"Defragment","floor":6},{"not_picked":["Core Surge","Doom and Gloom","Turbo"],"picked":"SKIP","floor":8},{"not_picked":["Leap","Chill"],"picked":"Steam","floor":10},{"not_picked":["Steam","Genetic Algorithm","Stack"],"picked":"SKIP","floor":11},{"not_picked":["Biased Cognition","Creative AI"],"picked":"Seek","floor":16},{"not_picked":["Beam Cell","Coolheaded"],"picked":"FTL","floor":18},{"not_picked":["Stack+1","Leap","Go for the Eyes"],"picked":"SKIP","floor":19},{"not_picked":["Streamline","Biased Cognition","Reinforced Body"],"picked":"SKIP","floor":21},{"not_picked":["Gash","Aggregate+1","Recycle"],"picked":"SKIP","floor":22},{"not_picked":["Static Discharge","Genetic Algorithm","Recycle"],"picked":"SKIP","floor":23},{"not_picked":["Scrape","Hologram"],"picked":"Ball Lightning","floor":24},{"not_picked":["Barrage","Fusion","Leap"],"picked":"SKIP","floor":25},{"not_picked":["Turbo","All For One","Sunder"],"picked":"SKIP","floor":28},{"not_picked":["Turbo","Go for the Eyes","Scrape"],"picked":"SKIP","floor":30},{"not_picked":["Gash","Cold Snap"],"picked":"Coolheaded+1","floor":31},{"not_picked":["Amplify","Biased Cognition"],"picked":"Electrodynamics","floor":33},{"not_picked":["Beam Cell+1","Steam"],"picked":"Double Energy+1","floor":34},{"not_picked":["Redo","Fusion+1"],"picked":"Capacitor","floor":34},{"not_picked":["Melter","Sweeping Beam"],"picked":"Barrage+1","floor":34},{"not_picked":["Stack","Leap"],"picked":"Consume+1","floor":34},{"not_picked":["Skim","Hologram+1"],"picked":"BootSequence+1","floor":35},{"not_picked":["Stack+1","Gash","Reprogram"],"picked":"SKIP","floor":37},{"not_picked":["Turbo","Compile Driver"],"picked":"Conserve Battery","floor":38},{"not_picked":["Chaos","Multi-Cast","Storm"],"picked":"SKIP","floor":39}],"player_experience":193867,"relics_obtained":[{"floor":6,"key":"Dodecahedron"},{"floor":8,"key":"Tiny Chest"},{"floor":9,"key":"Gremlin Horn"},{"floor":11,"key":"Matryoshka"},{"floor":20,"key":"DataDisk"},{"floor":20,"key":"Juzu Bracelet"},{"floor":23,"key":"Symbiotic Virus"},{"floor":26,"key":"Orichalcum"},{"floor":26,"key":"Sundial"},{"floor":28,"key":"Bag of Marbles"}],"event_choices":[{"event_name":"Shining Light","player_choice":"Entered Light","floor":4,"damage_taken":0},{"event_name":"Golden Wing","player_choice":"Card Removal","floor":14,"damage_taken":0},{"event_name":"Winding Halls","player_choice":"Embrace Madness","floor":36,"damage_taken":0}],"is_beta":false,"boss_relics":[{"not_picked":["FrozenCore","Pandora\u0027s Box"],"picked":"Nuclear Battery"},{"not_picked":["Black Star","Snecko Eye"],"picked":"Orrery"}],"items_purged_floors":[13,40],"is_endless":false,"potions_floor_spawned":[1,3,6,10,16,18,23,25,28,33,38,39],"killed_by":"Nemesis","ascension_level":6}