{"gold_per_floor":[116,41,41,54,54,54,81,100,123,123,143,153,183,201,201,273,273,289,305,305,325,158,158,171,205,283,311,311,327,337,84,84,84],"floor_reached":33,"playtime":1998,"items_purged":["Strike_R"],"score":608,"play_id":"83fb6ca9-97f1-4df9-b319-84ee19501356","local_time":"20190508234606","is_ascension_mode":true,"campfire_choices":[{"data":"Bash","floor":6,"key":"SMITH"},{"data":"Fiend Fire","floor":10,"key":"SMITH"},{"data":"Cleave","floor":15,"key":"SMITH"},{"floor":23,"key":"REST"},{"data":"True Grit","floor":28,"key":"SMITH"},{"data":"Spot Weakness","floor":32,"key":"SMITH"}],"neow_cost":"NONE","seed_source_timestamp":425441927154652,"circlet_count":0,"master_deck":["AscendersBane","Defend_R+1","Defend_R","Defend_R+1","Defend_R","Bash+1","Anger","Fiend Fire+1","Twin Strike","Hemokinesis","Spot Weakness+1","Disarm","Cleave+1","Iron Wave","Corruption","Immolate","Pommel Strike+1","Rupture+1","Fire Breathing+1","Metallicize","Combust+1","Shrug It Off+1","True Grit+1","Battle Trance+1","Flame Barrier","Metallicize"],"relics":["Burning Blood","NeowsBlessing","Lantern","Omamori","Oddly Smooth Stone","Astrolabe","Enchiridion","Red Skull","Self Forming Clay","Meat on the Bone","Red Mask","War Paint"],"potions_floor_usage":[8,13,16,25,30],"damage_taken":[{"damage":0,"enemies":"Small Slimes","floor":1,"turns":1},{"damage":0,"enemies":"Cultist","floor":4,"turns":1},{"damage":0,"enemies":"3 Sentries","floor":7,"turns":1},{"damage":0,"enemies":"2 Louse","floor":8,"turns":2},{"damage":1,"enemies":"Looter","floor":11,"turns":2},{"damage":0,"enemies":"Exordium Wildlife","floor":12,"turns":2},{"damage":20,"enemies":"Lagavulin","floor":13,"turns":4},{"damage":0,"enemies":"2 Fungi Beasts","floor":14,"turns":2},{"damage":38,"enemies":"Slime Boss","floor":16,"turns":7},{"damage":15,"enemies":"3 Byrds","floor":18,"turns":4},{"damage":23,"enemies":"Chosen","floor":19,"turns":5},{"damage":2,"enemies":"Snecko","floor":21,"turns":4},{"damage":35,"enemies":"Cultist and Chosen","floor":24,"turns":7},{"damage":14,"enemies":"Slavers","floor":25,"turns":2},{"damage":12,"enemies":"Masked Bandits","floor":27,"turns":2},{"damage":5,"enemies":"Centurion and Healer","floor":29,"turns":7},{"damage":2,"enemies":"Chosen and Byrds","floor":30,"turns":3},{"damage":54,"enemies":"Automaton","floor":33,"turns":6}],"seed_played":"2508770827925889756","potions_obtained":[{"floor":1,"key":"Fruit Juice"},{"floor":4,"key":"FearPotion"},{"floor":8,"key":"Strength Potion"},{"floor":13,"key":"Dexterity Potion"},{"floor":18,"key":"Poison Potion"},{"floor":29,"key":"Explosive Potion"}],"is_trial":false,"path_per_floor":["M","$","?","M","?","R","E","M","T","R","M","M","E","M","R","B",null,"M","M","?","M","$","R","M","E","T","?","R","M","M","$","R","B"],"character_chosen":"IRONCLAD","items_purchased":["Red Skull","War Paint","Metallicize"],"campfire_rested":1,"item_purchase_floors":[22,31,31],"current_hp_per_floor":[74,74,74,75,57,57,63,74,74,74,79,80,66,72,72,40,70,61,44,23,27,27,51,22,14,14,20,20,33,49,49,49,0],"gold":84,"neow_bonus":"THREE_ENEMY_KILL","is_prod":false,"is_daily":false,"chose_seed":false,"campfire_upgraded":5,"win_rate":0,"timestamp":1557373566,"path_taken":["M","$","?","?","?","R","E","M","T","R","M","M","E","M","R","BOSS","M","M","?","M","$","R","M","E","T","?","R","M","M","$","R","BOSS"],"build_version":"2019-01-23","purchased_purges":1,"victory":false,"max_hp_per_floor":[75,75,75,75,75,75,75,80,80,80,80,80,80,80,80,80,80,80,80,80,80,80,80,80,80,80,80,80,80,80,80,80,80],"card_choices":[{"not_picked":["Disarm","Intimidate"],"picked":"Anger","floor":1},{"not_picked":["Seeing Red","Infernal Blade"],"picked":"Twin Strike","floor":4},{"not_picked":["Shrug It Off","Clash"],"picked":"Hemokinesis","floor":7},{"not_picked":["Heavy Blade","Clash"],"picked":"Spot Weakness","floor":8},{"not_picked":["Heavy Blade","Armaments"],"picked":"Disarm","floor":11},{"not_picked":["Uppercut","Shrug It Off"],"picked":"Cleave","floor":12},{"not_picked":["Pommel Strike","Barricade"],"picked":"Iron Wave","floor":13},{"not_picked":["Warcry","Havoc"],"picked":"Corruption","floor":14},{"not_picked":["Dark Embrace","Double Tap"],"picked":"Immolate","floor":16},{"not_picked":["Burning Pact","Thunderclap","Fire Breathing"],"picked":"SKIP","floor":18},{"not_picked":["Hemokinesis","Wild Strike"],"picked":"Metallicize","floor":19},{"not_picked":["Anger","Cleave"],"picked":"Combust+1","floor":21},{"not_picked":["Body Slam","Wild Strike"],"picked":"Shrug It Off+1","floor":24},{"not_picked":["Flex","Armaments"],"picked":"True Grit","floor":25},{"not_picked":["Combust","Armaments"],"picked":"Battle Trance+1","floor":27},{"not_picked":["Pommel Strike","Clash","Immolate"],"picked":"SKIP","floor":29},{"not_picked":["Spot Weakness","Cleave"],"picked":"Flame Barrier","floor":30}],"player_experience":1250041,"relics_obtained":[{"floor":7,"key":"Omamori"},{"floor":13,"key":"Oddly Smooth Stone"},{"floor":20,"key":"Enchiridion"},{"floor":25,"key":"Self Forming Clay"},{"floor":26,"key":"Meat on the Bone"},{"floor":27,"key":"Red Mask"}],"event_choices":[{"damage_healed":0,"gold_gain":0,"cards_transformed":["Strike_R"],"player_choice":"Transformed","damage_taken":0,"max_hp_gain":0,"max_hp_loss":0,"event_name":"Transmorgrifier","floor":3,"gold_loss":0,"cards_obtained":["Fiend Fire"]},{"damage_healed":0,"gold_gain":0,"player_choice":"Success","damage_taken":18,"relics_obtained":["Lantern"],"max_hp_gain":0,"max_hp_loss":0,"event_name":"Scrap Ooze","floor":5,"gold_loss":0},{"damage_healed":0,"gold_gain":0,"player_choice":"Obtained Book","damage_taken":21,"max_hp_gain":0,"max_hp_loss":0,"event_name":"Cursed Tome","floor":20,"gold_loss":0},{"damage_healed":0,"gold_gain":0,"player_choice":"Fought Bandits","damage_taken":0,"max_hp_gain":0,"max_hp_loss":0,"event_name":"Masked Bandits","floor":27,"gold_loss":0}],"is_beta":false,"boss_relics":[{"not_picked":["Runic Dome","Eternal Feather"],"picked":"Astrolabe"}],"items_purged_floors":[2],"is_endless":false,"potions_floor_spawned":[1,4,8,11,13,18,29],"killed_by":"Automaton","ascension_level":20}