{"gold_per_floor":[112,187,206,54,74,74,102,102,129,144,144,161,161,193,193,297,297,312,158,108,123,123,153,153,180,180,180,211,231,231,181,181,277,277,294,33,43,62,62,92,111,142,165,203,215,227,239,280,292,304],"floor_reached":51,"playtime":3808,"items_purged":["Strike_R","Strike_R","Strike_R"],"score":1517,"play_id":"14f0bce8-9dd8-4337-bc5e-05e8cc8e630f","local_time":"20180912221042","is_ascension_mode":true,"campfire_choices":[{"data":"True Grit","floor":6,"key":"SMITH"},{"data":"Demon Form","floor":11,"key":"SMITH"},{"floor":13,"key":"REST"},{"data":"Armaments","floor":15,"key":"SMITH"},{"floor":24,"key":"REST"},{"floor":32,"key":"REST"},{"floor":45,"key":"REST"},{"floor":47,"key":"REST"},{"floor":49,"key":"REST"}],"neow_cost":"NONE","seed_source_timestamp":2397716240215122,"circlet_count":0,"master_deck":["Strike_R","Defend_R+1","Defend_R","Defend_R","Defend_R","Bash","AscendersBane","True Grit+1","Armaments+1","Cleave","True Grit+1","Disarm","Demon Form+1","Battle Trance+1","Offering","Feel No Pain","Shrug It Off","Body Slam","True Grit","Sword Boomerang+1","Limit Break+1","Shrug It Off+1","Barricade","Metallicize","Warcry+1"],"relics":["Burning Blood","Dream Catcher","Regal Pillow","Smiling Mask","Meat on the Bone","Fusion Hammer","Art of War","Toxic Egg 2","Blue Candle","Enchiridion","Happy Flower","MutagenicStrength","Busted Crown","Bottled Lightning","War Paint","Torii","MawBank","Anchor","Gambling Chip","Shuriken"],"potions_floor_usage":[16,28,33,40,41,41,42,50],"damage_taken":[{"damage":7,"enemies":"Small Slimes","floor":1,"turns":3},{"damage":5,"enemies":"Jaw Worm","floor":3,"turns":4},{"damage":1,"enemies":"2 Louse","floor":5,"turns":3},{"damage":39,"enemies":"3 Sentries","floor":7,"turns":16},{"damage":0,"enemies":"2 Fungi Beasts","floor":10,"turns":5},{"damage":13,"enemies":"Blue Slaver","floor":12,"turns":7},{"damage":11,"enemies":"Lagavulin","floor":14,"turns":7},{"damage":23,"enemies":"Hexaghost","floor":16,"turns":12},{"damage":23,"enemies":"Spheric Guardian","floor":18,"turns":7},{"damage":6,"enemies":"Shell Parasite","floor":21,"turns":6},{"damage":35,"enemies":"Gremlin Leader","floor":23,"turns":6},{"damage":24,"enemies":"Slavers","floor":25,"turns":8},{"damage":6,"enemies":"Gremlin Leader","floor":28,"turns":6},{"damage":26,"enemies":"Centurion and Healer","floor":29,"turns":4},{"damage":11,"enemies":"Collector","floor":33,"turns":6},{"damage":9,"enemies":"Orb Walker","floor":35,"turns":4},{"damage":29,"enemies":"3 Darklings","floor":37,"turns":5},{"damage":1,"enemies":"Maw","floor":38,"turns":6},{"damage":36,"enemies":"Nemesis","floor":40,"turns":7},{"damage":22,"enemies":"Transient","floor":41,"turns":5},{"damage":6,"enemies":"Giant Head","floor":42,"turns":7},{"damage":37,"enemies":"2 Orb Walkers","floor":44,"turns":8},{"damage":6,"enemies":"Mind Bloom Boss Battle","floor":46,"turns":6},{"damage":6,"enemies":"Nemesis","floor":48,"turns":11},{"damage":6,"enemies":"Donu and Deca","floor":50,"turns":10}],"seed_played":"8091022490431864449","potions_obtained":[{"floor":1,"key":"SteroidPotion"},{"floor":10,"key":"Fire Potion"},{"floor":12,"key":"PowerPotion"},{"floor":16,"key":"Dexterity Potion"},{"floor":28,"key":"Regen Potion"},{"floor":33,"key":"Energy Potion"},{"floor":37,"key":"Block Potion"},{"floor":40,"key":"Swift Potion"},{"floor":41,"key":"Fruit Juice"},{"floor":48,"key":"Energy Potion"}],"is_trial":false,"path_per_floor":["M","?","M","$","M","R","E","?","T","M","R","M","R","E","R","B",null,"M","$","?","M","?","E","R","E","T","?","E","M","?","$","R","B",null,"M","$","M","M","?","E","M","E","T","E","R","?","R","E","R","B"],"character_chosen":"IRONCLAD","items_purchased":["Cleave","True Grit","Shrug It Off","Body Slam","Bottled Lightning"],"campfire_rested":6,"item_purchase_floors":[4,4,19,19,36],"current_hp_per_floor":[71,60,61,61,66,66,33,33,33,39,39,32,71,66,66,49,72,55,55,55,55,55,38,77,59,59,43,55,47,47,47,80,75,79,76,76,53,58,58,40,41,56,56,37,77,77,85,85,85,85],"gold":316,"neow_bonus":"RANDOM_COMMON_RELIC","is_prod":false,"is_daily":false,"chose_seed":false,"campfire_upgraded":3,"win_rate":0,"timestamp":1536804642,"path_taken":["M","?","M","$","M","R","E","?","T","M","R","M","R","E","R","BOSS","M","$","?","M","?","E","R","E","T","?","E","M","?","?","R","BOSS","M","$","?","M","?","E","M","E","T","E","R","?","R","E","R","BOSS"],"build_version":"2018-09-06","purchased_purges":3,"victory":true,"max_hp_per_floor":[80,80,80,80,80,80,80,80,80,80,80,80,80,80,80,80,80,80,80,80,80,80,80,80,80,80,80,80,80,80,80,80,80,80,80,80,80,80,80,80,85,85,85,85,85,85,85,85,85,85],"card_choices":[{"not_picked":["Carnage","Clash"],"picked":"True Grit","floor":1},{"not_picked":["Clash","Burning Pact"],"picked":"Armaments","floor":3},{"not_picked":["Ghostly Armor","Perfected Strike"],"picked":"Disarm","floor":5},{"not_picked":["Anger","Cleave","Blood for Blood"],"picked":"SKIP","floor":7},{"not_picked":["Sword Boomerang","Rampage"],"picked":"Demon Form","floor":10},{"not_picked":["Twin Strike","Flex","Armaments"],"picked":"SKIP","floor":12},{"not_picked":["Flex","Thunderclap"],"picked":"Battle Trance","floor":13},{"not_picked":["Sever Soul","Clash","Double Tap"],"picked":"SKIP","floor":14},{"not_picked":["Feed","Demon Form"],"picked":"Offering","floor":16},{"not_picked":["Thunderclap","Cleave+1"],"picked":"Feel No Pain","floor":18},{"not_picked":["Cleave+1","Iron Wave"],"picked":"True Grit","floor":21},{"not_picked":["Carnage","Warcry"],"picked":"Sword Boomerang+1","floor":23},{"not_picked":["Demon Form","Headbutt","Rampage"],"picked":"SKIP","floor":25},{"not_picked":["Spot Weakness+1","Perfected Strike"],"picked":"Limit Break+1","floor":28},{"not_picked":["Anger","Flame Barrier+1","Dropkick+1"],"picked":"SKIP","floor":29},{"not_picked":["Shockwave+1","Flex+1"],"picked":"Shrug It Off+1","floor":32},{"not_picked":["Bludgeon","Offering+1"],"picked":"Barricade","floor":33},{"not_picked":["Thunderclap"],"picked":"SKIP","floor":35},{"not_picked":["Thunderclap"],"picked":"SKIP","floor":37},{"not_picked":["Flex+1"],"picked":"SKIP","floor":38},{"not_picked":["Havoc+1"],"picked":"SKIP","floor":40},{"not_picked":[],"picked":"Metallicize","floor":41},{"not_picked":["Combust"],"picked":"SKIP","floor":42},{"not_picked":["Clothesline+1"],"picked":"SKIP","floor":44},{"not_picked":["Rage+1"],"picked":"SKIP","floor":48},{"not_picked":[],"picked":"Warcry+1","floor":49}],"player_experience":333998,"relics_obtained":[{"floor":7,"key":"Regal Pillow"},{"floor":9,"key":"Smiling Mask"},{"floor":14,"key":"Meat on the Bone"},{"floor":23,"key":"Art of War"},{"floor":25,"key":"Toxic Egg 2"},{"floor":26,"key":"Blue Candle"},{"floor":27,"key":"Enchiridion"},{"floor":28,"key":"Happy Flower"},{"floor":40,"key":"War Paint"},{"floor":42,"key":"Torii"},{"floor":43,"key":"MawBank"},{"floor":44,"key":"Anchor"},{"floor":46,"key":"Gambling Chip"},{"floor":48,"key":"Shuriken"}],"event_choices":[{"event_name":"World of Goop","player_choice":"Gather Gold","floor":2,"damage_taken":0},{"event_name":"Living Wall","player_choice":"Grow","floor":8,"damage_taken":0},{"event_name":"The Joust","player_choice":"Bet on Owner","floor":20,"damage_taken":0},{"event_name":"Purifier","player_choice":"One Purge","floor":22,"damage_taken":0},{"event_name":"Cursed Tome","player_choice":"Obtained Book","floor":27,"damage_taken":0},{"event_name":"Drug Dealer","player_choice":"Inject Mutagens","floor":30,"damage_taken":0},{"event_name":"SensoryStone","player_choice":"Memory 1","floor":39,"damage_taken":0},{"event_name":"MindBloom","player_choice":"Fight","floor":46,"damage_taken":0}],"is_beta":false,"boss_relics":[{"not_picked":["Pandora\u0027s Box","White Beast Statue"],"picked":"Fusion Hammer"},{"not_picked":["Lizard Tail","Velvet Choker"],"picked":"Busted Crown"}],"items_purged_floors":[4,19,31],"is_endless":false,"potions_floor_spawned":[1,10,12,16,18,28,33,37,38,40,41,48],"ascension_level":11}