{"gold_per_floor":[115,129,79,96,114,114,15,15,15,15,15,29,29,29,29,29],"floor_reached":16,"playtime":1003,"items_purged":[],"score":90,"play_id":"332de51f-5b5b-436c-8b86-dbe28360f083","local_time":"20190708200223","is_ascension_mode":false,"campfire_choices":[{"data":"Backflip","floor":6,"key":"SMITH"},{"data":"Footwork","floor":8,"key":"SMITH"},{"data":"Escape Plan","floor":13,"key":"SMITH"},{"data":"Sucker Punch","floor":15,"key":"SMITH"}],"neow_cost":"NONE","seed_source_timestamp":31490824614091,"circlet_count":0,"master_deck":["Strike_G","Strike_G","Strike_G","Strike_G","Strike_G","Defend_G+1","Defend_G","Defend_G","Defend_G","Survivor+1","Neutralize","Backflip+1","Quick Slash","Flying Knee","Sucker Punch+1","Footwork+1","Prepared","Escape Plan+1"],"relics":["Ring of the Snake","War Paint","Molten Egg 2"],"potions_floor_usage":[],"damage_taken":[{"damage":0,"enemies":"2 Louse","floor":1,"turns":4},{"damage":0,"enemies":"Small Slimes","floor":2,"turns":4},{"damage":0,"enemies":"Jaw Worm","floor":4,"turns":4},{"damage":4,"enemies":"Looter","floor":5,"turns":4},{"damage":1,"enemies":"Blue Slaver","floor":12,"turns":4},{"damage":65,"enemies":"Slime Boss","floor":16,"turns":20}],"seed_played":"4004757510329093804","potions_obtained":[{"floor":5,"key":"EssenceOfSteel"}],"is_trial":false,"path_per_floor":["M","M","?","M","M","R","$","R","T","?","$","M","R","?","R","B"],"character_chosen":"THE_SILENT","items_purchased":["Footwork","Prepared"],"campfire_rested":0,"item_purchase_floors":[7,7],"current_hp_per_floor":[70,70,70,70,66,66,66,66,66,66,66,65,65,65,65,0],"gold":29,"neow_bonus":"RANDOM_COMMON_RELIC","is_prod":false,"is_daily":false,"chose_seed":false,"campfire_upgraded":4,"win_rate":0.0,"timestamp":1562630543,"path_taken":["M","M","?","M","M","R","$","R","T","?","?","M","R","?","R","BOSS"],"build_version":"2019-07-05","purchased_purges":0,"victory":false,"max_hp_per_floor":[70,70,70,70,70,70,70,70,70,70,70,70,70,70,70,70],"card_choices":[{"not_picked":["Dagger Throw","Sucker Punch"],"picked":"Backflip","floor":1},{"not_picked":["Slice","Backflip"],"picked":"Quick Slash","floor":2},{"not_picked":["Deflect","Calculated Gamble"],"picked":"Flying Knee","floor":4},{"not_picked":["Slice","Bouncing Flask"],"picked":"Sucker Punch","floor":5},{"not_picked":["Prepared","Poisoned Stab+1"],"picked":"Escape Plan","floor":12}],"player_experience":22881,"relics_obtained":[{"floor":9,"key":"Molten Egg 2"}],"event_choices":[{"cards_removed":["Defend_G"],"damage_healed":0,"gold_gain":0,"player_choice":"Card Removal","damage_taken":0,"max_hp_gain":0,"max_hp_loss":0,"event_name":"The Cleric","floor":3,"gold_loss":50},{"damage_healed":0,"gold_gain":0,"player_choice":"Ignored","damage_taken":0,"max_hp_gain":0,"max_hp_loss":0,"event_name":"Golden Wing","floor":10,"gold_loss":0},{"damage_healed":0,"gold_gain":0,"player_choice":"Ignored","damage_taken":0,"max_hp_gain":0,"max_hp_loss":0,"event_name":"Golden Idol","floor":14,"gold_loss":0}],"is_beta":false,"boss_relics":[],"items_purged_floors":[],"is_endless":false,"potions_floor_spawned":[5],"killed_by":"Slime Boss","ascension_level":0}