{"gold_per_floor":[110,123,133,149,161,161,195,195,195,40,50,50,68,84,84,187,187,203,237,13,23,33,61,74,107,107,126,126,146,146,165,165,264,264,281,299,313,58,58,71,85,97,97,97,97,97,117,133,133,133],"floor_reached":51,"playtime":1378,"items_purged":["Defend_R","Defend_R"],"score":751,"play_id":"08baf961-e421-416c-a080-c944f360249a","local_time":"20190722191119","is_ascension_mode":false,"campfire_choices":[{"data":"1","floor":6,"key":"LIFT"},{"data":"2","floor":8,"key":"LIFT"},{"data":"3","floor":12,"key":"LIFT"},{"data":"Heavy Blade","floor":15,"key":"SMITH"},{"data":"Heavy Blade","floor":28,"key":"SMITH"},{"data":"Heavy Blade","floor":30,"key":"SMITH"},{"data":"Limit Break","floor":32,"key":"SMITH"},{"data":"Perfected Strike","floor":44,"key":"SMITH"},{"data":"Double Tap","floor":49,"key":"SMITH"}],"neow_cost":"TEN_PERCENT_HP_LOSS","seed_source_timestamp":469094495599777,"circlet_count":0,"master_deck":["Strike_R","Strike_R+1","Strike_R","Strike_R","Strike_R","Defend_R","Defend_R","Bash","Metallicize","Heavy Blade+1","Heavy Blade+1","Perfected Strike+1","Whirlwind+1","Anger","Perfected Strike+1","Thunderclap","Double Tap+1","Spot Weakness+1","Havoc+1","True Grit","Shrug It Off","Feel No Pain","Burning Pact+1","Flex","Heavy Blade+1","Wild Strike","Dual Wield","Limit Break+1","Reaper","Wild Strike+1","Flex+1","Twin Strike+1","Corruption","Battle Trance","Spot Weakness+1"],"relics":["Burning Blood","Girya","Gremlin Horn","Dodecahedron","Blood Vial","Philosopher\u0027s Stone","Red Mask","Lantern","Pen Nib","Prayer Wheel","Letter Opener","Eternal Feather","Whetstone","Gambling Chip"],"potions_floor_usage":[7,16,33],"damage_taken":[{"damage":1,"enemies":"Cultist","floor":1,"turns":4},{"damage":2,"enemies":"2 Louse","floor":2,"turns":4},{"damage":3,"enemies":"Jaw Worm","floor":3,"turns":4},{"damage":16,"enemies":"Red Slaver","floor":4,"turns":3},{"damage":12,"enemies":"2 Fungi Beasts","floor":5,"turns":3},{"damage":19,"enemies":"Gremlin Nob","floor":7,"turns":4},{"damage":11,"enemies":"Exordium Wildlife","floor":11,"turns":3},{"damage":0,"enemies":"3 Louse","floor":13,"turns":1},{"damage":5,"enemies":"Gremlin Gang","floor":14,"turns":2},{"damage":32,"enemies":"Hexaghost","floor":16,"turns":8},{"damage":12,"enemies":"Chosen","floor":18,"turns":2},{"damage":0,"enemies":"Masked Bandits","floor":19,"turns":2},{"damage":0,"enemies":"Spheric Guardian","floor":21,"turns":2},{"damage":15,"enemies":"Snake Plant","floor":22,"turns":2},{"damage":16,"enemies":"Book of Stabbing","floor":23,"turns":3},{"damage":0,"enemies":"Centurion and Healer","floor":24,"turns":3},{"damage":18,"enemies":"Slavers","floor":25,"turns":3},{"damage":0,"enemies":"3 Cultists","floor":27,"turns":2},{"damage":16,"enemies":"Snecko","floor":29,"turns":3},{"damage":0,"enemies":"Centurion and Healer","floor":31,"turns":2},{"damage":35,"enemies":"Champ","floor":33,"turns":6},{"damage":5,"enemies":"Orb Walker","floor":35,"turns":2},{"damage":26,"enemies":"3 Darklings","floor":36,"turns":3},{"damage":29,"enemies":"Maw","floor":37,"turns":7},{"damage":9,"enemies":"4 Shapes","floor":40,"turns":2},{"damage":25,"enemies":"Spire Growth","floor":41,"turns":3},{"damage":8,"enemies":"Writhing Mass","floor":42,"turns":2},{"damage":32,"enemies":"Maw","floor":47,"turns":5},{"damage":16,"enemies":"Jaw Worm Horde","floor":48,"turns":2},{"damage":45,"enemies":"Time Eater","floor":50,"turns":5}],"seed_played":"-6558699139817615893","potions_obtained":[{"floor":1,"key":"SkillPotion"},{"floor":2,"key":"Ancient Potion"},{"floor":11,"key":"Fire Potion"},{"floor":13,"key":"EssenceOfSteel"},{"floor":18,"key":"Poison Potion"},{"floor":33,"key":"Poison Potion"}],"is_trial":false,"path_per_floor":["M","M","M","M","M","R","E","R","T","$","M","R","M","M","R","B",null,"M","?","$","M","M","E","M","E","T","M","R","M","R","M","R","B",null,"M","M","M","$","?","M","M","M","T","R","?","?","M","M","R","B",null],"character_chosen":"IRONCLAD","items_purchased":["Blood Vial","Lantern","Whetstone"],"campfire_rested":0,"item_purchase_floors":[10,20,38],"current_hp_per_floor":[72,72,72,62,56,56,43,43,43,43,40,40,48,51,51,27,72,66,72,72,72,63,55,63,53,53,61,61,53,53,61,61,34,72,72,52,31,31,31,72,53,53,53,72,72,68,42,58,68,29],"gold":133,"neow_bonus":"ONE_RARE_RELIC","is_prod":false,"is_daily":false,"chose_seed":false,"campfire_upgraded":6,"win_rate":0,"timestamp":1563815479,"path_taken":["M","M","M","M","?","R","E","R","T","$","M","R","M","M","R","BOSS","M","?","$","M","M","E","M","E","T","M","R","M","R","M","R","BOSS","M","M","M","$","?","M","?","M","T","R","?","?","M","M","R","BOSS"],"build_version":"2019-07-17","purchased_purges":2,"victory":true,"max_hp_per_floor":[72,72,72,72,72,72,72,72,72,72,72,72,72,72,72,72,72,72,72,72,72,72,72,72,72,72,72,72,72,72,72,72,72,72,72,72,72,72,72,72,72,72,72,72,72,68,68,68,68,68],"card_choices":[{"not_picked":["Sword Boomerang","Searing Blow"],"picked":"Metallicize","floor":1},{"not_picked":["Dual Wield","Havoc"],"picked":"Heavy Blade","floor":2},{"not_picked":["Iron Wave","Clash"],"picked":"Heavy Blade","floor":3},{"not_picked":["Heavy Blade","Warcry"],"picked":"Perfected Strike","floor":4},{"not_picked":["Rupture","Barricade","Clash"],"picked":"SKIP","floor":5},{"not_picked":["Infernal Blade","Shrug It Off"],"picked":"Whirlwind","floor":7},{"not_picked":["Shockwave","Intimidate"],"picked":"Anger","floor":11},{"not_picked":["Sword Boomerang","Twin Strike"],"picked":"Perfected Strike","floor":13},{"not_picked":["Rage","Rampage"],"picked":"Thunderclap","floor":14},{"not_picked":["Barricade","Impervious"],"picked":"Double Tap","floor":16},{"not_picked":["Burning Pact+1","Uppercut"],"picked":"Spot Weakness+1","floor":18},{"not_picked":["Anger","Armaments+1"],"picked":"Havoc+1","floor":19},{"not_picked":["Burning Pact","Thunderclap+1"],"picked":"True Grit","floor":21},{"not_picked":["Headbutt+1","Power Through"],"picked":"Shrug It Off","floor":22},{"not_picked":["Disarm","Juggernaut"],"picked":"Feel No Pain","floor":23},{"not_picked":["Thunderclap","Warcry"],"picked":"Burning Pact+1","floor":24},{"not_picked":["Anger","Juggernaut"],"picked":"Flex","floor":25},{"not_picked":["Twin Strike","Clothesline"],"picked":"Heavy Blade","floor":27},{"not_picked":["Flame Barrier","Reckless Charge"],"picked":"Wild Strike","floor":27},{"not_picked":["Thunderclap","Cleave"],"picked":"Dual Wield","floor":29},{"not_picked":["Clothesline","Blood for Blood","Flame Barrier"],"picked":"SKIP","floor":29},{"not_picked":["Reckless Charge+1","Perfected Strike+1"],"picked":"Limit Break","floor":31},{"not_picked":["Rage","Entrench","Seeing Red"],"picked":"SKIP","floor":31},{"not_picked":["Impervious","Double Tap"],"picked":"Reaper","floor":33},{"not_picked":["Headbutt","Infernal Blade"],"picked":"Wild Strike+1","floor":35},{"not_picked":["Sever Soul","Searing Blow+1"],"picked":"Flex+1","floor":35},{"not_picked":["Uppercut","Armaments"],"picked":"Twin Strike+1","floor":36},{"not_picked":["Twin Strike","Cleave"],"picked":"Corruption","floor":36},{"not_picked":["Shrug It Off","Burning Pact"],"picked":"Battle Trance","floor":37},{"not_picked":["Disarm","Rupture+1","Combust"],"picked":"SKIP","floor":37},{"not_picked":["Body Slam+1","Pommel Strike+1"],"picked":"Spot Weakness+1","floor":40},{"not_picked":["Uppercut","Pommel Strike","Entrench"],"picked":"SKIP","floor":40},{"not_picked":["Perfected Strike","Anger+1","Immolate"],"picked":"SKIP","floor":41},{"not_picked":["Searing Blow","Thunderclap+1","Wild Strike+1"],"picked":"SKIP","floor":41},{"not_picked":["Second Wind+1","Iron Wave+1","Shrug It Off+1"],"picked":"SKIP","floor":42},{"not_picked":["Power Through","Intimidate+1","Havoc"],"picked":"SKIP","floor":42},{"not_picked":["Thunderclap+1","Feel No Pain","Body Slam"],"picked":"SKIP","floor":47},{"not_picked":["Flame Barrier+1","Entrench","Cleave"],"picked":"SKIP","floor":47},{"not_picked":["Disarm+1","Juggernaut","Shrug It Off"],"picked":"SKIP","floor":48},{"not_picked":["Thunderclap+1","Body Slam+1","Clash+1"],"picked":"SKIP","floor":48}],"player_experience":506754,"relics_obtained":[{"floor":7,"key":"Gremlin Horn"},{"floor":9,"key":"Dodecahedron"},{"floor":19,"key":"Red Mask"},{"floor":23,"key":"Pen Nib"},{"floor":25,"key":"Prayer Wheel"},{"floor":26,"key":"Letter Opener"},{"floor":43,"key":"Gambling Chip"}],"event_choices":[{"damage_healed":0,"gold_gain":0,"player_choice":"Fought Bandits","damage_taken":0,"max_hp_gain":0,"max_hp_loss":0,"event_name":"Masked Bandits","floor":19,"gold_loss":0},{"damage_healed":0,"gold_gain":0,"player_choice":"Upgraded","damage_taken":0,"max_hp_gain":0,"max_hp_loss":0,"event_name":"Upgrade Shrine","floor":39,"gold_loss":0,"cards_upgraded":["Whirlwind"]},{"damage_healed":0,"gold_gain":0,"player_choice":"Ignored","damage_taken":0,"max_hp_gain":0,"max_hp_loss":0,"event_name":"Mysterious Sphere","floor":45,"gold_loss":0},{"damage_healed":0,"gold_gain":0,"player_choice":"Max HP","damage_taken":0,"max_hp_gain":0,"max_hp_loss":4,"event_name":"Winding Halls","floor":46,"gold_loss":0}],"is_beta":false,"boss_relics":[{"not_picked":["Lizard Tail","Cursed Key"],"picked":"Philosopher\u0027s Stone"},{"not_picked":["Velvet Choker","Calling Bell"],"picked":"Eternal Feather"}],"items_purged_floors":[20,38],"is_endless":false,"potions_floor_spawned":[1,2,11,13,18,21,29,33,40,41,47,48],"ascension_level":0}