{"gold_per_floor":[116,135,148,73,73,99,99,99],"floor_reached":8,"playtime":291,"items_purged":[],"score":112,"play_id":"22193215-51ca-4417-975e-4fb436893d87","local_time":"20190605233351","is_ascension_mode":true,"campfire_choices":[{"floor":7.0,"key":"REST"}],"neow_cost":"NONE","seed_source_timestamp":1829962622754905,"circlet_count":0,"master_deck":["AscendersBane","Strike_R","Strike_R","Strike_R","Defend_R","Defend_R","Defend_R","Defend_R","Bash","Uppercut","Thunderclap","Shrug It Off","Body Slam"],"special_seed":0,"relics":["Burning Blood","Ancient Tea Set","Pocketwatch"],"potions_floor_usage":[],"damage_taken":[{"damage":9.0,"enemies":"2 Louse","floor":1.0,"turns":3.0},{"damage":4.0,"enemies":"Small Slimes","floor":2.0,"turns":3.0},{"damage":7.0,"enemies":"Jaw Worm","floor":3.0,"turns":4.0},{"damage":50.0,"enemies":"Lagavulin","floor":6.0,"turns":8.0},{"damage":3,"enemies":"Red Slaver","floor":8,"turns":5}],"seed_played":"-6487217356908775572","potions_obtained":[{"floor":1.0,"key":"Dexterity Potion"}],"is_trial":false,"path_per_floor":["M","M","M","?","?","E","R","M"],"character_chosen":"IRONCLAD","items_purchased":[],"campfire_rested":1,"item_purchase_floors":[],"current_hp_per_floor":[65,67,66,66,59,15,37,34],"gold":99,"neow_bonus":"RANDOM_COMMON_RELIC","is_prod":false,"is_daily":false,"chose_seed":false,"campfire_upgraded":0,"win_rate":0,"timestamp":1559792031,"path_taken":["M","M","M","?","?","E","R","M"],"build_version":"2019-01-23","purchased_purges":0,"victory":false,"max_hp_per_floor":[75,75,75,75,75,75,75,75],"card_choices":[{"not_picked":["Corruption","True Grit"],"picked":"Uppercut","floor":1.0},{"not_picked":["Armaments","Metallicize"],"picked":"Thunderclap","floor":2.0},{"not_picked":["Bloodletting","Thunderclap"],"picked":"Shrug It Off","floor":3.0},{"not_picked":["True Grit","Clash"],"picked":"Body Slam","floor":6.0}],"player_experience":1509422,"relics_obtained":[{"floor":6.0,"key":"Pocketwatch"}],"event_choices":[{"cards_removed":["Strike_R"],"damage_healed":0.0,"max_hp_gain":0.0,"max_hp_loss":0.0,"gold_gain":0.0,"event_name":"The Cleric","player_choice":"Card Removal","floor":4.0,"gold_loss":75.0,"damage_taken":0.0},{"cards_removed":["Strike_R"],"damage_healed":0.0,"max_hp_gain":0.0,"max_hp_loss":0.0,"gold_gain":0.0,"event_name":"Golden Wing","player_choice":"Card Removal","floor":5.0,"gold_loss":0.0,"damage_taken":7.0}],"is_beta":false,"boss_relics":[],"items_purged_floors":[],"is_endless":false,"potions_floor_spawned":[1],"killed_by":"Red Slaver","ascension_level":20}