{"gold_per_floor":[118,21,21,39,114,152,152,171,171,190,190,213,213,233,233,356,356,375,43,68,92,105,105,105],"floor_reached":24,"playtime":1279,"items_purged":[],"score":220,"play_id":"7f462c1d-3104-48fe-8c5a-dace2b221965","local_time":"20190620031207","is_ascension_mode":true,"campfire_choices":[{"floor":7,"key":"REST"},{"floor":11,"key":"REST"},{"floor":15,"key":"REST"},{"floor":23,"key":"REST"}],"neow_cost":"NONE","seed_source_timestamp":3772804708800,"circlet_count":0,"master_deck":["Strike_B","Strike_B","Strike_B","Strike_B","Defend_B","Defend_B","Defend_B","Defend_B","Zap","Dualcast","Leap","Steam","Auto Shields","Gash","Injury","Coolheaded","Capacitor","Echo Form","Gash","Cold Snap","Ball Lightning","Biased Cognition","Steam","Redo","Defragment","Redo","Steam","Self Repair"],"relics":["Cracked Core","Golden Idol","Sundial","NlothsMask","Sozu","Toolbox"],"potions_floor_usage":[16,16,18],"damage_taken":[{"damage":4,"enemies":"Small Slimes","floor":1,"turns":3},{"damage":7,"enemies":"Jaw Worm","floor":4,"turns":3},{"damage":23,"enemies":"Lagavulin","floor":6,"turns":10},{"damage":14,"enemies":"2 Louse","floor":8,"turns":3},{"damage":34,"enemies":"Gremlin Gang","floor":10,"turns":7},{"damage":0,"enemies":"Looter","floor":12,"turns":3},{"damage":2,"enemies":"Large Slime","floor":14,"turns":7},{"damage":21,"enemies":"Hexaghost","floor":16,"turns":11},{"damage":17,"enemies":"Shell Parasite","floor":18,"turns":7},{"damage":12,"enemies":"Spheric Guardian","floor":20,"turns":5},{"damage":24,"enemies":"Centurion and Healer","floor":21,"turns":10},{"damage":13,"enemies":"Cultist and Chosen","floor":22,"turns":9},{"damage":35,"enemies":"Shelled Parasite and Fungi","floor":24,"turns":4}],"seed_played":"-1095642367730725679","potions_obtained":[{"floor":6,"key":"SkillPotion"},{"floor":14,"key":"SkillPotion"},{"floor":16,"key":"Fire Potion"}],"is_trial":false,"path_per_floor":["M","$","?","M","?","E","R","M","T","M","R","M","?","M","R","B",null,"M","$","M","M","M","R","M"],"character_chosen":"DEFECT","items_purchased":["Auto Shields","Gash","Redo","Defragment","Toolbox"],"campfire_rested":4,"item_purchase_floors":[2,2,19,19,19],"current_hp_per_floor":[71,71,71,64,53,30,52,38,38,4,26,26,26,24,46,25,75,58,58,46,22,9,31,0],"gold":105,"neow_bonus":"THREE_CARDS","is_prod":false,"is_daily":false,"chose_seed":false,"campfire_upgraded":0,"win_rate":0,"timestamp":1561014727,"path_taken":["M","$","?","M","?","E","R","M","T","M","R","?","?","?","R","BOSS","M","$","M","M","M","R","M"],"build_version":"2019-01-23","purchased_purges":0,"victory":false,"max_hp_per_floor":[75,75,75,75,75,75,75,75,75,75,75,75,75,75,75,75,75,75,75,75,75,75,75,75],"card_choices":[{"not_picked":["Barrage","Ball Lightning"],"picked":"Leap","floor":0},{"not_picked":["Compile Driver","Hologram"],"picked":"Steam","floor":1},{"not_picked":["Barrage","Recycle"],"picked":"Coolheaded","floor":4},{"not_picked":["FTL","Turbo"],"picked":"Capacitor","floor":6},{"not_picked":["Compile Driver","Streamline"],"picked":"Echo Form","floor":8},{"not_picked":["Beam Cell","White Noise"],"picked":"Gash","floor":10},{"not_picked":["Barrage","Coolheaded"],"picked":"Cold Snap","floor":12},{"not_picked":["Steam Power","Force Field"],"picked":"Ball Lightning","floor":14},{"not_picked":["Reboot","Fission"],"picked":"Biased Cognition","floor":16},{"not_picked":["Barrage","Rebound+1"],"picked":"Steam","floor":18},{"not_picked":["Barrage","Leap"],"picked":"Redo","floor":20},{"not_picked":["Force Field","Recycle"],"picked":"Steam","floor":21},{"not_picked":["Reprogram","White Noise"],"picked":"Self Repair","floor":22}],"player_experience":102900,"relics_obtained":[{"floor":6,"key":"Sundial"}],"event_choices":[{"damage_healed":0,"gold_gain":0,"player_choice":"Take Wound","damage_taken":0,"relics_obtained":["Golden Idol"],"max_hp_gain":0,"max_hp_loss":0,"event_name":"Golden Idol","floor":3,"gold_loss":0,"cards_obtained":["Injury"]},{"damage_healed":0,"gold_gain":75,"player_choice":"Gather Gold","damage_taken":11,"max_hp_gain":0,"max_hp_loss":0,"event_name":"World of Goop","floor":5,"gold_loss":0},{"damage_healed":0,"gold_gain":0,"player_choice":"Trade","damage_taken":0,"relics_obtained":["NlothsMask"],"max_hp_gain":0,"max_hp_loss":0,"event_name":"FaceTrader","floor":13,"gold_loss":0}],"is_beta":false,"boss_relics":[{"not_picked":["Astrolabe","Calling Bell"],"picked":"Sozu"}],"items_purged_floors":[],"is_endless":false,"potions_floor_spawned":[6,14,16,20,22],"killed_by":"Shelled Parasite and Fungi","ascension_level":2}