{"gold_per_floor":[110,110,110,121,18,80,97,97,97,108,108,126,126,159,159,230,230,250,269,286,304,50,50,100,115,115,115,134,165,165,165,165,241,241,251,251,151,151,41,76,76,108,108,108,133,133,133,143,143,143,143,143,143,27,61,61],"floor_reached":56,"playtime":4793,"items_purged":["Accuracy","Accuracy"],"score":1922,"play_id":"e65a5050-c1ea-4414-8ee5-b167d0a442ad","local_time":"20190513000513","is_ascension_mode":true,"campfire_choices":[{"data":"Cloak And Dagger","floor":8,"key":"SMITH"},{"data":"A Thousand Cuts","floor":11,"key":"SMITH"},{"floor":15,"key":"REST"},{"data":"Wraith Form v2","floor":23,"key":"SMITH"},{"floor":27,"key":"REST"},{"data":"Wraith Form v2","floor":32,"key":"SMITH"},{"data":"Setup","floor":41,"key":"SMITH"},{"data":"Night Terror","floor":44,"key":"SMITH"},{"floor":47,"key":"RECALL"},{"floor":49,"key":"REST"},{"floor":53,"key":"REST"}],"neow_cost":"NONE","seed_source_timestamp":769418683794767,"circlet_count":0,"master_deck":["AscendersBane","Survivor","Neutralize","Dagger Throw","Footwork","Cloak And Dagger+1","Backflip","All Out Attack","A Thousand Cuts+1","Dodge and Roll","Wraith Form v2+1","Malaise","Wraith Form v2+1","Burst","Phantasmal Killer","Setup+1","Flechettes","Noxious Fumes+1","Backflip","Master of Strategy","Cloak And Dagger","Night Terror+1","Cloak And Dagger+1","Terror","Accuracy"],"relics":["Ring of the Snake","NeowsBlessing","Ornamental Fan","Tiny Chest","Meat on the Bone","Art of War","Pandora\u0027s Box","Potion Belt","Bag of Marbles","Runic Pyramid","Vajra","Ice Cream","Question Card"],"potions_floor_usage":[14,14,20,33,33,40,45,50,50,56],"damage_taken":[{"damage":0,"enemies":"Small Slimes","floor":1,"turns":1},{"damage":0,"enemies":"Cultist","floor":4,"turns":1},{"damage":0,"enemies":"Lagavulin","floor":6,"turns":1},{"damage":0,"enemies":"2 Louse","floor":7,"turns":2},{"damage":0,"enemies":"Blue Slaver","floor":10,"turns":4},{"damage":0,"enemies":"Looter","floor":12,"turns":4},{"damage":27,"enemies":"Gremlin Nob","floor":14,"turns":5},{"damage":24,"enemies":"Slime Boss","floor":16,"turns":11},{"damage":19,"enemies":"Spheric Guardian","floor":18,"turns":6},{"damage":22,"enemies":"Shell Parasite","floor":19,"turns":9},{"damage":21,"enemies":"Shelled Parasite and Fungi","floor":20,"turns":5},{"damage":16,"enemies":"Cultist and Chosen","floor":21,"turns":6},{"damage":7,"enemies":"3 Cultists","floor":25,"turns":5},{"damage":7,"enemies":"Snake Plant","floor":28,"turns":6},{"damage":30,"enemies":"Gremlin Leader","floor":29,"turns":7},{"damage":15,"enemies":"Collector","floor":33,"turns":9},{"damage":31,"enemies":"3 Darklings","floor":35,"turns":7},{"damage":12,"enemies":"Reptomancer","floor":40,"turns":11},{"damage":1,"enemies":"Giant Head","floor":42,"turns":9},{"damage":12,"enemies":"Nemesis","floor":45,"turns":11},{"damage":10,"enemies":"Orb Walker","floor":48,"turns":5},{"damage":29,"enemies":"Time Eater","floor":50,"turns":14},{"damage":17,"enemies":"Awakened One","floor":51,"turns":14},{"damage":20,"enemies":"Shield and Spear","floor":55,"turns":9},{"damage":45,"enemies":"The Heart","floor":56,"turns":2}],"seed_played":"-5311938729466633104","potions_obtained":[{"floor":4,"key":"Weak Potion"},{"floor":6,"key":"PowerPotion"},{"floor":19,"key":"Strength Potion"},{"floor":20,"key":"SteroidPotion"},{"floor":21,"key":"AttackPotion"},{"floor":29,"key":"LiquidBronze"},{"floor":33,"key":"Dexterity Potion"},{"floor":42,"key":"EssenceOfSteel"},{"floor":45,"key":"SteroidPotion"},{"floor":48,"key":"Weak Potion"}],"is_trial":false,"path_per_floor":["M","?","?","M","$","E","M","R","T","M","R","M","?","E","R","B",null,"M","M","M","M","$","R","?","M","T","R","M","E","?","?","R","B",null,"M","?","$","?","$","E","R","E","T","R","E","?","R","M","R","B","B",null,"R","$","E","B"],"character_chosen":"THE_SILENT","items_purchased":["Footwork","Cloak And Dagger","Master of Strategy","AttackPotion","Fire Potion","Terror","Accuracy"],"campfire_rested":4,"item_purchase_floors":[5,5,22,39,39,54,54],"current_hp_per_floor":[59,39,13,13,13,13,13,13,13,25,25,37,37,22,41,29,57,38,28,19,15,15,15,15,20,20,39,44,26,26,39,39,36,59,40,40,40,40,40,40,40,39,39,39,39,39,39,41,59,42,37,57,63,63,43,0],"gold":61,"neow_bonus":"THREE_ENEMY_KILL","is_prod":false,"is_daily":false,"chose_seed":false,"campfire_upgraded":6,"win_rate":0,"timestamp":1557720313,"path_taken":["M","?","?","M","$","E","M","R","T","M","R","M","?","E","R","BOSS","M","M","M","M","?","R","?","M","T","R","?","E","?","?","R","BOSS","M","?","$","?","$","E","R","E","T","R","E","?","R","?","R","BOSS","BOSS","R","$","E","BOSS"],"build_version":"2019-01-23","purchased_purges":2,"victory":false,"max_hp_per_floor":[66,66,66,66,66,66,66,66,66,66,66,66,66,66,66,66,66,66,66,66,66,66,66,66,66,66,66,66,66,66,66,66,66,66,66,66,66,66,66,66,66,66,66,66,66,63,63,63,63,63,63,63,63,63,63,63],"card_choices":[{"not_picked":["Outmaneuver","Underhanded Strike","Dodge and Roll"],"picked":"SKIP","floor":1},{"not_picked":["PiercingWail","Eviscerate"],"picked":"Dagger Throw","floor":4},{"not_picked":["Poisoned Stab","Caltrops"],"picked":"Backflip","floor":6},{"not_picked":["Deflect","Footwork"],"picked":"All Out Attack","floor":7},{"not_picked":["Concentrate","All Out Attack"],"picked":"A Thousand Cuts","floor":10},{"not_picked":["Distraction","Dodge and Roll","Prepared"],"picked":"SKIP","floor":12},{"not_picked":["Quick Slash","Flying Knee","Poisoned Stab"],"picked":"SKIP","floor":14},{"not_picked":["Die Die Die","Malaise"],"picked":"Wraith Form v2","floor":16},{"not_picked":["Expertise","Accuracy"],"picked":"Noxious Fumes+1","floor":18},{"not_picked":["Setup","Sucker Punch","Dagger Throw"],"picked":"SKIP","floor":19},{"not_picked":["Quick Slash+1","Prepared"],"picked":"Backflip","floor":20},{"not_picked":["Poisoned Stab","Setup","Blade Dance"],"picked":"SKIP","floor":21},{"not_picked":["Distraction","All Out Attack","Dodge and Roll"],"picked":"SKIP","floor":25},{"not_picked":["Poisoned Stab","Storm of Steel","Quick Slash"],"picked":"SKIP","floor":28},{"not_picked":["Backflip","Flechettes"],"picked":"Cloak And Dagger","floor":29},{"not_picked":["Tools of the Trade","Malaise"],"picked":"Night Terror","floor":33},{"not_picked":["Blur","Flying Knee+1","Deflect"],"picked":"SKIP","floor":35},{"not_picked":["Tools of the Trade","Die Die Die","Backflip"],"picked":"SKIP","floor":40},{"not_picked":["Infinite Blades","Distraction","Bane+1"],"picked":"SKIP","floor":42},{"not_picked":["Slice","Sucker Punch","Masterful Stab"],"picked":"SKIP","floor":45},{"not_picked":["Footwork","Deadly Poison","Quick Slash"],"picked":"Cloak And Dagger+1","floor":48},{"not_picked":["Quick Slash","Calculated Gamble","Noxious Fumes","Underhanded Strike"],"picked":"SKIP","floor":55}],"player_experience":1321680,"relics_obtained":[{"floor":6,"key":"Tiny Chest"},{"floor":9,"key":"Meat on the Bone"},{"floor":14,"key":"Art of War"},{"floor":26,"key":"Potion Belt"},{"floor":29,"key":"Bag of Marbles"},{"floor":40,"key":"Vajra"},{"floor":42,"key":"Ice Cream"},{"floor":45,"key":"Question Card"}],"event_choices":[{"damage_healed":0,"gold_gain":0,"player_choice":"Entered Light","damage_taken":20,"max_hp_gain":0,"max_hp_loss":0,"event_name":"Shining Light","floor":2,"gold_loss":0,"cards_upgraded":["Strike_G","Defend_G"]},{"damage_healed":0,"gold_gain":0,"player_choice":"Success","damage_taken":26,"relics_obtained":["Ornamental Fan"],"max_hp_gain":0,"max_hp_loss":0,"event_name":"Scrap Ooze","floor":3,"gold_loss":0},{"damage_healed":0,"gold_gain":0,"cards_transformed":["Strike_G"],"player_choice":"Transformed","damage_taken":0,"max_hp_gain":0,"max_hp_loss":0,"event_name":"Transmorgrifier","floor":13,"gold_loss":0,"cards_obtained":["Dodge and Roll"]},{"damage_healed":0,"gold_gain":50,"player_choice":"Pray","damage_taken":0,"max_hp_gain":0,"max_hp_loss":0,"event_name":"Golden Shrine","floor":24,"gold_loss":0},{"damage_healed":0,"gold_gain":0,"player_choice":"Ignored","damage_taken":0,"max_hp_gain":0,"max_hp_loss":0,"event_name":"Cursed Tome","floor":30,"gold_loss":0},{"damage_healed":13,"gold_gain":0,"player_choice":"Heal","damage_taken":0,"max_hp_gain":0,"max_hp_loss":0,"event_name":"The Library","floor":31,"gold_loss":0},{"cards_removed":["Flying Knee"],"damage_healed":0,"gold_gain":0,"player_choice":"Removed Attack","damage_taken":0,"max_hp_gain":0,"max_hp_loss":0,"event_name":"Falling","floor":36,"gold_loss":0},{"damage_healed":0,"gold_gain":0,"player_choice":"Ignored","damage_taken":0,"max_hp_gain":0,"max_hp_loss":0,"event_name":"Tomb of Lord Red Mask","floor":38,"gold_loss":0},{"damage_healed":0,"gold_gain":0,"player_choice":"Max HP","damage_taken":0,"max_hp_gain":0,"max_hp_loss":3,"event_name":"Winding Halls","floor":46,"gold_loss":0}],"is_beta":false,"boss_relics":[{"not_picked":["Cursed Key","Sozu"],"picked":"Pandora\u0027s Box"},{"not_picked":["Lizard Tail","White Beast Statue"],"picked":"Runic Pyramid"}],"items_purged_floors":[22,37],"is_endless":false,"potions_floor_spawned":[4,6,10,19,20,21,29,33,42,45,48],"killed_by":"The Heart","ascension_level":20}