{"gold_per_floor":[115,132,132,57,57,90,90,110,110,127,127,161,181,200,200,299,299,310,210,192,192,291,291],"floor_reached":23,"playtime":779,"items_purged":["Strike_R","Strike_R"],"score":249,"play_id":"4c9dd7aa-7bb6-4461-9033-4880fb307e65","local_time":"20190716175955","is_ascension_mode":true,"campfire_choices":[{"data":"Flex","floor":7.0,"key":"SMITH"},{"data":"Flex","floor":11.0,"key":"SMITH"},{"floor":15.0,"key":"REST"}],"neow_cost":"NONE","seed_source_timestamp":199187548238508,"circlet_count":0,"master_deck":["Strike_R+1","Strike_R+1","Strike_R","Defend_R","Defend_R","Defend_R","Defend_R","Bash","Flex+1","Flex+1","Perfected Strike","Heavy Blade","Reaper"],"special_seed":0,"relics":["Burning Blood","NeowsBlessing","Question Card","Omamori","Whetstone","Mark of Pain"],"potions_floor_usage":[23],"damage_taken":[{"damage":0.0,"enemies":"Jaw Worm","floor":1.0,"turns":1.0},{"damage":0.0,"enemies":"Cultist","floor":2.0,"turns":1.0},{"damage":0.0,"enemies":"Gremlin Nob","floor":6.0,"turns":1.0},{"damage":5.0,"enemies":"Small Slimes","floor":8.0,"turns":3.0},{"damage":16.0,"enemies":"Exordium Wildlife","floor":10.0,"turns":3.0},{"damage":30.0,"enemies":"3 Sentries","floor":12.0,"turns":10.0},{"damage":10.0,"enemies":"2 Fungi Beasts","floor":13.0,"turns":3.0},{"damage":9.0,"enemies":"3 Louse","floor":14.0,"turns":3.0},{"damage":40.0,"enemies":"Slime Boss","floor":16.0,"turns":10.0},{"damage":25.0,"enemies":"3 Byrds","floor":18.0,"turns":7.0},{"damage":34.0,"enemies":"2 Thieves","floor":20.0,"turns":4.0},{"damage":83,"enemies":"Gremlin Leader","floor":23,"turns":4}],"seed_played":"5227333970130449498","potions_obtained":[{"floor":1.0,"key":"Block Potion"},{"floor":5.0,"key":"PowerPotion"},{"floor":5.0,"key":"Swift Potion"},{"floor":18.0,"key":"PowerPotion"}],"is_trial":false,"path_per_floor":["M","M","?","$","?","E","R","M","T","M","R","E","M","M","R","B",null,"M","$","M","?","?","E"],"character_chosen":"IRONCLAD","items_purchased":[],"campfire_rested":1,"item_purchase_floors":[],"current_hp_per_floor":[80,80,80,80,80,80,80,80,80,70,70,46,42,39,63,29,80,65,65,52,52,52,0],"gold":291,"neow_bonus":"THREE_ENEMY_KILL","is_prod":false,"is_daily":false,"chose_seed":false,"campfire_upgraded":2,"win_rate":0,"timestamp":1563314395,"path_taken":["M","M","?","$","?","E","R","?","T","M","R","E","M","M","R","BOSS","M","$","M","?","?","E"],"build_version":"2019-07-05","purchased_purges":2,"victory":false,"max_hp_per_floor":[80,80,80,80,80,80,80,80,80,80,80,80,80,80,80,80,80,80,80,80,80,80,80],"card_choices":[{"not_picked":["Armaments","True Grit"],"picked":"Flex","floor":1.0},{"not_picked":["Infernal Blade","Double Tap"],"picked":"Flex","floor":2.0},{"not_picked":["Headbutt","Combust","Pummel"],"picked":"SKIP","floor":6.0},{"not_picked":["Havoc","Power Through","Shrug It Off"],"picked":"Perfected Strike","floor":8.0},{"not_picked":["Feel No Pain","Thunderclap","Armaments","Ghostly Armor"],"picked":"SKIP","floor":10.0},{"not_picked":["Wild Strike","Rampage","Rupture","Shrug It Off"],"picked":"SKIP","floor":12.0},{"not_picked":["Thunderclap","Metallicize","Havoc","Carnage"],"picked":"SKIP","floor":13.0},{"not_picked":["Twin Strike","Cleave","Anger"],"picked":"Heavy Blade","floor":14.0},{"not_picked":["Fiend Fire","Impervious","Berserk"],"picked":"Reaper","floor":16.0},{"not_picked":["Headbutt","Warcry","Fire Breathing+1","Havoc"],"picked":"SKIP","floor":18.0},{"not_picked":["Thunderclap","Perfected Strike","Sword Boomerang","Burning Pact+1"],"picked":"SKIP","floor":20.0}],"player_experience":139194,"relics_obtained":[{"floor":6.0,"key":"Question Card"},{"floor":9.0,"key":"Omamori"},{"floor":12.0,"key":"Whetstone"}],"event_choices":[{"damage_healed":0.0,"max_hp_gain":0.0,"max_hp_loss":0.0,"gold_gain":0.0,"event_name":"Golden Idol","player_choice":"Ignored","floor":3.0,"gold_loss":0.0,"damage_taken":0.0},{"damage_healed":0.0,"max_hp_gain":0.0,"max_hp_loss":0.0,"gold_gain":0.0,"event_name":"Lab","player_choice":"Got Potions","floor":5.0,"gold_loss":0.0,"damage_taken":0.0},{"damage_healed":0.0,"max_hp_gain":0.0,"max_hp_loss":0.0,"gold_gain":0.0,"event_name":"Ghosts","player_choice":"Ignored","floor":21.0,"gold_loss":0.0,"damage_taken":0.0},{"damage_healed":0.0,"max_hp_gain":0.0,"max_hp_loss":0.0,"gold_gain":99.0,"event_name":"Nest","player_choice":"Stole From Cult","floor":22.0,"gold_loss":0.0,"damage_taken":0.0}],"is_beta":false,"boss_relics":[{"not_picked":["Calling Bell","Tiny House"],"picked":"Mark of Pain"}],"items_purged_floors":[4,19],"is_endless":false,"potions_floor_spawned":[1,6,12,18],"killed_by":"Gremlin Leader","ascension_level":2}