{"gold_per_floor":[112,132,82,7,7,7,33,33,57,57,82,82,57,84,84,186,186,206,224,274,120,137,170,170,200,200,200,232,252,252,267,267,367,367,382,396,396,120,0,0,20,54,54,54,154,167,180,200,200,200],"floor_reached":51,"playtime":2577,"items_purged":["Strike_R","Strike_R","Strike_R","Strike_R+1"],"score":816,"play_id":"ff418764-b996-4580-aaec-14d3236842d9","local_time":"20190711010427","is_ascension_mode":false,"campfire_choices":[{"data":"Heavy Blade","floor":6.0,"key":"SMITH"},{"floor":8.0,"key":"REST"},{"data":"Battle Trance","floor":12.0,"key":"SMITH"},{"floor":15.0,"key":"REST"},{"data":"Spot Weakness","floor":30.0,"key":"SMITH"},{"data":"Limit Break","floor":32.0,"key":"SMITH"},{"data":"Flex","floor":40.0,"key":"SMITH"},{"data":"Pommel Strike","floor":44.0,"key":"SMITH"},{"floor":49,"key":"REST"}],"neow_cost":"NONE","seed_source_timestamp":220715031253244,"circlet_count":0,"master_deck":["Defend_R","Defend_R","Defend_R","Defend_R","Bash","Offering","Heavy Blade+1","Battle Trance+1","Heavy Blade+1","Limit Break+1","Pommel Strike","Flex+1","Disarm","Pommel Strike+1","Spot Weakness+1","Flex+1","Inflame","Bloodletting+1","Spot Weakness+1","Shrug It Off"],"special_seed":0,"relics":["Burning Blood","Meat on the Bone","Vajra","Bottled Flame","Lantern","Cursed Key","Whetstone","Omamori","The Courier","Art of War","Mark of Pain","Bronze Scales","Red Skull","Paper Frog"],"potions_floor_usage":[50,50],"damage_taken":[{"damage":6.0,"enemies":"Small Slimes","floor":1.0,"turns":4.0},{"damage":9.0,"enemies":"Jaw Worm","floor":2.0,"turns":5.0},{"damage":68.0,"enemies":"Lagavulin","floor":7.0,"turns":10.0},{"damage":31.0,"enemies":"3 Sentries","floor":11.0,"turns":9.0},{"damage":67.0,"enemies":"The Guardian","floor":16.0,"turns":15.0},{"damage":5.0,"enemies":"Chosen","floor":18.0,"turns":3.0},{"damage":26.0,"enemies":"Shell Parasite","floor":19.0,"turns":5.0},{"damage":26.0,"enemies":"Chosen and Byrds","floor":22.0,"turns":5.0},{"damage":35.0,"enemies":"Book of Stabbing","floor":23.0,"turns":5.0},{"damage":6.0,"enemies":"Gremlin Leader","floor":25.0,"turns":4.0},{"damage":13.0,"enemies":"Book of Stabbing","floor":28.0,"turns":5.0},{"damage":26.0,"enemies":"Centurion and Healer","floor":29.0,"turns":3.0},{"damage":16.0,"enemies":"3 Cultists","floor":31.0,"turns":4.0},{"damage":45.0,"enemies":"Collector","floor":33.0,"turns":4.0},{"damage":6.0,"enemies":"3 Darklings","floor":35.0,"turns":3.0},{"damage":10.0,"enemies":"Orb Walker","floor":36.0,"turns":2.0},{"damage":14.0,"enemies":"Jaw Worm Horde","floor":41.0,"turns":3.0},{"damage":0.0,"enemies":"Reptomancer","floor":42.0,"turns":1.0},{"damage":46,"enemies":"Writhing Mass","floor":46,"turns":3},{"damage":8,"enemies":"4 Shapes","floor":47,"turns":3},{"damage":5,"enemies":"Jaw Worm Horde","floor":48,"turns":4},{"damage":67,"enemies":"Time Eater","floor":50,"turns":6}],"seed_played":"989268917345102725","potions_obtained":[{"floor":2.0,"key":"GamblersBrew"},{"floor":7.0,"key":"FearPotion"},{"floor":16.0,"key":"SpeedPotion"},{"floor":18.0,"key":"BloodPotion"},{"floor":23.0,"key":"SkillPotion"},{"floor":25.0,"key":"AttackPotion"},{"floor":28.0,"key":"Poison Potion"},{"floor":36.0,"key":"FearPotion"},{"floor":46,"key":"Block Potion"},{"floor":48,"key":"BloodPotion"}],"is_trial":false,"path_per_floor":["M","M","?","$","?","R","E","R","T","?","E","R","$","T","R","B",null,"M","M","?","$","M","E","?","E","T","?","E","M","R","M","R","B",null,"M","M","?","$","$","R","M","E","T","R","?","M","M","M","R","B",null],"character_chosen":"IRONCLAD","items_purchased":["Heavy Blade","Flex","Bronze Scales","Inflame"],"campfire_rested":3,"item_purchase_floors":[13,21,38,38],"current_hp_per_floor":[80,77,77,77,77,77,15,39,39,59,46,46,46,46,70,21,80,80,60,60,60,52,35,20,53,53,53,58,50,50,52,52,25,85,85,81,81,81,81,81,73,79,79,79,79,51,49,50,74,45],"gold":200,"neow_bonus":"ONE_RANDOM_RARE_CARD","is_prod":false,"is_daily":false,"chose_seed":false,"campfire_upgraded":6,"win_rate":0.0,"timestamp":1562821467,"path_taken":["M","M","?","$","?","R","E","R","T","?","E","R","$","?","R","BOSS","M","M","?","?","?","E","?","E","T","?","E","M","R","M","R","BOSS","M","M","?","?","$","R","?","E","T","R","?","M","?","M","R","BOSS"],"build_version":"2019-07-05","purchased_purges":4,"victory":true,"max_hp_per_floor":[80,80,80,80,80,80,80,80,80,80,80,80,80,80,80,80,80,80,80,80,80,80,80,85,85,85,85,85,85,85,85,85,85,85,85,85,82,82,82,82,82,82,82,82,82,82,82,82,82,82],"card_choices":[{"not_picked":["Anger","Seeing Red"],"picked":"Heavy Blade","floor":1.0},{"not_picked":["Ghostly Armor","Clothesline"],"picked":"Battle Trance","floor":2.0},{"not_picked":["Second Wind","Blood for Blood","Fire Breathing"],"picked":"SKIP","floor":7.0},{"not_picked":["Body Slam","Clothesline","Thunderclap"],"picked":"SKIP","floor":11.0},{"not_picked":["Impervious","Fiend Fire"],"picked":"Limit Break","floor":16.0},{"not_picked":["Clash","Body Slam","Cleave"],"picked":"SKIP","floor":18.0},{"not_picked":["Searing Blow","Feel No Pain"],"picked":"Pommel Strike","floor":19.0},{"not_picked":["Perfected Strike","True Grit"],"picked":"Disarm","floor":22.0},{"not_picked":["Power Through","Brutality","True Grit"],"picked":"SKIP","floor":23.0},{"not_picked":["Anger","Impervious"],"picked":"Pommel Strike","floor":25.0},{"not_picked":["Infernal Blade+1","Thunderclap+1","Uppercut"],"picked":"SKIP","floor":28.0},{"not_picked":["Shrug It Off","Body Slam"],"picked":"Spot Weakness","floor":29.0},{"not_picked":["Corruption+1","Sword Boomerang+1"],"picked":"Flex+1","floor":31.0},{"not_picked":["Warcry+1","Infernal Blade+1","Burning Pact+1"],"picked":"SKIP","floor":35.0},{"not_picked":["Dropkick+1","Power Through","Feel No Pain"],"picked":"SKIP","floor":36.0},{"not_picked":["Clash+1","Anger","Hemokinesis+1"],"picked":"SKIP","floor":41.0},{"not_picked":["Shockwave","Pummel"],"picked":"Bloodletting+1","floor":42.0},{"not_picked":["Flex","Armaments"],"picked":"Spot Weakness+1","floor":46},{"not_picked":["Twin Strike","Reckless Charge"],"picked":"Shrug It Off","floor":47},{"not_picked":["Warcry+1","Ghostly Armor","Cleave"],"picked":"SKIP","floor":48}],"player_experience":94030,"relics_obtained":[{"floor":7.0,"key":"Meat on the Bone"},{"floor":9.0,"key":"Vajra"},{"floor":11.0,"key":"Bottled Flame"},{"floor":14.0,"key":"Lantern"},{"floor":23.0,"key":"Whetstone"},{"floor":25.0,"key":"Omamori"},{"floor":26.0,"key":"The Courier"},{"floor":28.0,"key":"Art of War"},{"floor":42.0,"key":"Red Skull"},{"floor":43.0,"key":"Paper Frog"}],"event_choices":[{"cards_removed":["Strike_R"],"damage_healed":0.0,"max_hp_gain":0.0,"max_hp_loss":0.0,"gold_gain":0.0,"event_name":"The Cleric","player_choice":"Card Removal","floor":3.0,"gold_loss":50.0,"damage_taken":0.0},{"damage_healed":0.0,"max_hp_gain":0.0,"max_hp_loss":0.0,"gold_gain":0.0,"event_name":"Shining Light","player_choice":"Ignored","floor":5.0,"gold_loss":0.0,"damage_taken":0.0},{"damage_healed":20.0,"max_hp_gain":0.0,"max_hp_loss":0.0,"gold_gain":0.0,"event_name":"Mushrooms","player_choice":"Healed and dodged fight","floor":10.0,"gold_loss":0.0,"damage_taken":0.0,"cards_obtained":["Parasite"]},{"damage_healed":0.0,"max_hp_gain":0.0,"max_hp_loss":0.0,"gold_gain":100.0,"event_name":"The Joust","player_choice":"Bet on Murderer","floor":20.0,"gold_loss":50.0,"damage_taken":0.0},{"damage_healed":0.0,"max_hp_gain":5.0,"max_hp_loss":0.0,"gold_gain":0.0,"event_name":"Forgotten Altar","player_choice":"Shed Blood","floor":24.0,"gold_loss":0.0,"damage_taken":20.0},{"damage_healed":0.0,"max_hp_gain":0.0,"max_hp_loss":0.0,"gold_gain":0.0,"event_name":"Cursed Tome","player_choice":"Ignored","floor":27.0,"gold_loss":0.0,"damage_taken":0.0},{"cards_removed":["Parasite"],"damage_healed":0.0,"max_hp_gain":0.0,"max_hp_loss":0.0,"gold_gain":0.0,"event_name":"Purifier","player_choice":"Purged","floor":37.0,"gold_loss":0.0,"damage_taken":0.0},{"damage_healed":0.0,"max_hp_gain":0.0,"max_hp_loss":0.0,"gold_gain":100.0,"event_name":"Golden Shrine","player_choice":"Pray","floor":45.0,"gold_loss":0.0,"damage_taken":0.0}],"is_beta":false,"boss_relics":[{"not_picked":["Eternal Feather","White Beast Statue"],"picked":"Cursed Key"},{"not_picked":["Philosopher\u0027s Stone","Busted Crown"],"picked":"Mark of Pain"}],"items_purged_floors":[4,21,38,39],"is_endless":false,"potions_floor_spawned":[2,7,16,18,23,25,28,36,46,48],"ascension_level":0}