{"gold_per_floor":[119,119,133,133,208,231,231,231,231,231,246,246,266,13,13,107,107,126,176,176,11,35,75,0,19,73,73,106,106,119,138,138,138],"floor_reached":33,"playtime":1480,"items_purged":["Strike_G"],"score":550,"play_id":"c33a02c0-e446-4486-bc12-6027cad705c8","local_time":"20190628093309","is_ascension_mode":true,"campfire_choices":[{"data":"Noxious Fumes","floor":7,"key":"SMITH"},{"data":"Neutralize","floor":12,"key":"SMITH"},{"data":"Footwork","floor":15,"key":"SMITH"},{"data":"Glass Knife","floor":27,"key":"SMITH"},{"data":"Skewer","floor":32,"key":"SMITH"}],"neow_cost":"NONE","seed_source_timestamp":1109032145695814,"circlet_count":0,"master_deck":["AscendersBane","Defend_G+1","Defend_G+1","Defend_G+1","Defend_G+1","Defend_G+1","Strike_G+1","Strike_G+1","Survivor+1","Neutralize+1","Noxious Fumes+1","PiercingWail","Footwork+1","Skewer+1","Glass Knife+1","Predator","Backflip","Poisoned Stab","Escape Plan+1","PiercingWail","Deadly Poison+1","Backflip"],"relics":["Ring of the Snake","Happy Flower","Golden Idol","Ancient Tea Set","Mummified Hand","Lantern","Coffee Dripper","Strawberry","War Paint","Paper Crane"],"potions_floor_usage":[16,23,33,33],"damage_taken":[{"damage":0,"enemies":"2 Louse","floor":1,"turns":3},{"damage":1,"enemies":"Jaw Worm","floor":3,"turns":7},{"damage":0,"enemies":"Small Slimes","floor":6,"turns":4},{"damage":0,"enemies":"2 Fungi Beasts","floor":11,"turns":4},{"damage":0,"enemies":"3 Louse","floor":13,"turns":4},{"damage":14,"enemies":"The Guardian","floor":16,"turns":13},{"damage":17,"enemies":"Chosen","floor":18,"turns":6},{"damage":4,"enemies":"3 Byrds","floor":22,"turns":4},{"damage":14,"enemies":"Slavers","floor":23,"turns":6},{"damage":0,"enemies":"Centurion and Healer","floor":25,"turns":6},{"damage":2,"enemies":"Book of Stabbing","floor":28,"turns":5},{"damage":0,"enemies":"Sentry and Sphere","floor":30,"turns":6},{"damage":0,"enemies":"Cultist and Chosen","floor":31,"turns":6},{"damage":20,"enemies":"Collector","floor":33,"turns":7}],"seed_played":"6490783022260575942","potions_obtained":[{"floor":6,"key":"Ancient Potion"},{"floor":13,"key":"LiquidBronze"},{"floor":16,"key":"AttackPotion"},{"floor":23,"key":"AttackPotion"},{"floor":25,"key":"Energy Potion"}],"is_trial":false,"path_per_floor":["M","?","M","?","?","M","R","?","T","?","M","R","M","$","R","B",null,"M","?","?","$","M","E","$","M","T","R","E","?","M","M","R","B"],"character_chosen":"THE_SILENT","items_purchased":["Skewer","Lantern","Backflip","GhostInAJar","Poisoned Stab"],"campfire_rested":0,"item_purchase_floors":[14,14,21,21,21],"current_hp_per_floor":[59,39,38,38,27,27,27,22,22,22,22,22,22,22,22,8,47,30,30,30,30,26,19,19,19,19,19,17,17,17,17,17,0],"gold":138,"neow_bonus":"RANDOM_COMMON_RELIC","is_prod":false,"is_daily":false,"chose_seed":false,"campfire_upgraded":5,"win_rate":0,"timestamp":1561728789,"path_taken":["M","?","M","?","?","M","R","?","T","?","M","R","M","$","R","BOSS","M","?","?","$","M","E","$","?","T","R","E","?","M","M","R","BOSS"],"build_version":"2019-01-23","purchased_purges":1,"victory":false,"max_hp_per_floor":[66,66,66,60,60,60,60,60,60,60,60,60,60,60,60,60,60,60,60,60,60,60,67,67,67,67,67,67,67,67,67,67,67],"card_choices":[{"not_picked":["Prepared","Acrobatics","Slice"],"picked":"SKIP","floor":1},{"not_picked":["Flying Knee","Crippling Poison"],"picked":"Noxious Fumes","floor":3},{"not_picked":["Prepared","Eviscerate","Storm of Steel"],"picked":"SKIP","floor":6},{"not_picked":["Sucker Punch","Dagger Spray"],"picked":"PiercingWail","floor":11},{"not_picked":["Sucker Punch","Poisoned Stab"],"picked":"Footwork","floor":13},{"not_picked":["Tools of the Trade","Phantasmal Killer"],"picked":"Glass Knife","floor":16},{"not_picked":["Deflect","Dagger Throw"],"picked":"Predator","floor":18},{"not_picked":["Cloak And Dagger","All Out Attack"],"picked":"Escape Plan","floor":22},{"not_picked":["Cloak And Dagger","Outmaneuver"],"picked":"PiercingWail","floor":23},{"not_picked":["Calculated Gamble","Quick Slash"],"picked":"Deadly Poison+1","floor":25},{"not_picked":["Choke","Flying Knee"],"picked":"Backflip","floor":28},{"not_picked":["Quick Slash","Unload","Concentrate"],"picked":"SKIP","floor":30},{"not_picked":["Predator","Underhanded Strike","Outmaneuver"],"picked":"SKIP","floor":31}],"player_experience":1566046,"relics_obtained":[{"floor":9,"key":"Mummified Hand"},{"floor":23,"key":"Strawberry"},{"floor":26,"key":"War Paint"},{"floor":28,"key":"Paper Crane"}],"event_choices":[{"damage_healed":0,"gold_gain":0,"player_choice":"Entered Light","damage_taken":20,"max_hp_gain":0,"max_hp_loss":0,"event_name":"Shining Light","floor":2,"gold_loss":0,"cards_upgraded":["Defend_G","Survivor"]},{"damage_healed":0,"gold_gain":0,"player_choice":"Lose Max HP","damage_taken":0,"relics_obtained":["Golden Idol"],"max_hp_gain":0,"max_hp_loss":6,"event_name":"Golden Idol","floor":4,"gold_loss":0},{"damage_healed":0,"gold_gain":75,"player_choice":"Gather Gold","damage_taken":11,"max_hp_gain":0,"max_hp_loss":0,"event_name":"World of Goop","floor":5,"gold_loss":0},{"damage_healed":0,"gold_gain":0,"player_choice":"Success","damage_taken":5,"relics_obtained":["Ancient Tea Set"],"max_hp_gain":0,"max_hp_loss":0,"event_name":"Scrap Ooze","floor":8,"gold_loss":0},{"cards_removed":["Strike_G"],"damage_healed":0,"gold_gain":0,"player_choice":"Forget","damage_taken":0,"max_hp_gain":0,"max_hp_loss":0,"event_name":"Living Wall","floor":10,"gold_loss":0},{"damage_healed":0,"gold_gain":50,"player_choice":"Stole From Cult","damage_taken":0,"max_hp_gain":0,"max_hp_loss":0,"event_name":"Nest","floor":19,"gold_loss":0},{"cards_removed":["Strike_G"],"damage_healed":0,"gold_gain":0,"player_choice":"Offered Basic","damage_taken":0,"max_hp_gain":0,"max_hp_loss":0,"event_name":"Bonfire Elementals","floor":20,"gold_loss":0},{"damage_healed":0,"gold_gain":0,"player_choice":"Simplicity","damage_taken":0,"max_hp_gain":0,"max_hp_loss":0,"event_name":"Back to Basics","floor":29,"gold_loss":0,"cards_upgraded":["Defend_G","Defend_G","Defend_G","Strike_G","Strike_G"]}],"is_beta":false,"boss_relics":[{"not_picked":["Busted Crown","Philosopher\u0027s Stone"],"picked":"Coffee Dripper"}],"items_purged_floors":[24],"is_endless":false,"potions_floor_spawned":[6,13,16,22,23,25,31],"killed_by":"Collector","ascension_level":20}