{"gold_per_floor":[111,125,125,136,136,136,154,104,129,54,54,85,97,124,124,226,226,243,229,229,240,140,140,150,150,150,150,183,183],"floor_reached":29,"playtime":1454,"items_purged":["Strike_R","Defend_R"],"score":278,"play_id":"6ee6fd26-9412-4646-bc9c-0843687ed619","local_time":"20190716173559","is_ascension_mode":true,"campfire_choices":[{"data":"Havoc","floor":6.0,"key":"SMITH"},{"floor":15,"key":"REST"},{"floor":23,"key":"REST"},{"floor":27,"key":"REST"}],"neow_cost":"NONE","seed_source_timestamp":196791250070658,"circlet_count":0,"master_deck":["Strike_R","Defend_R","Bash","Rampage","True Grit","Havoc+1","Dark Embrace","Warcry","Impervious","Sentinel","Flex","Infernal Blade","Wild Strike+1","Ghostly Armor+1","Seeing Red","Carnage+1"],"special_seed":0,"relics":["Burning Blood","Dream Catcher","Potion Belt","Omamori","Pocketwatch","Empty Cage","The Courier","Shuriken"],"potions_floor_usage":[19,28],"damage_taken":[{"damage":7.0,"enemies":"Small Slimes","floor":1.0,"turns":3.0},{"damage":7.0,"enemies":"Jaw Worm","floor":2.0,"turns":3.0},{"damage":1.0,"enemies":"Cultist","floor":4.0,"turns":3.0},{"damage":6.0,"enemies":"Looter","floor":7.0,"turns":4.0},{"damage":30.0,"enemies":"3 Sentries","floor":12.0,"turns":10.0},{"damage":19.0,"enemies":"Blue Slaver","floor":13.0,"turns":4.0},{"damage":14,"enemies":"Lagavulin","floor":14,"turns":6},{"damage":46,"enemies":"Hexaghost","floor":16,"turns":11},{"damage":25,"enemies":"Shell Parasite","floor":18,"turns":6},{"damage":15,"enemies":"2 Thieves","floor":19,"turns":4},{"damage":60,"enemies":"Snake Plant","floor":21,"turns":6},{"damage":17,"enemies":"Snecko","floor":24,"turns":5},{"damage":51,"enemies":"Book of Stabbing","floor":28,"turns":5},{"damage":12,"enemies":"Shelled Parasite and Fungi","floor":29,"turns":1}],"seed_played":"3999164673959180481","potions_obtained":[{"floor":4.0,"key":"Regen Potion"},{"floor":12.0,"key":"Explosive Potion"},{"floor":14,"key":"BloodPotion"},{"floor":18,"key":"SkillPotion"},{"floor":28,"key":"SpeedPotion"}],"is_trial":false,"path_per_floor":["M","M","?","M","?","R","M","?","T","$","?","E","M","E","R","B",null,"M","M","?","M","$","R","M","$","T","R","E","M"],"character_chosen":"IRONCLAD","items_purchased":[],"campfire_rested":3,"item_purchase_floors":[],"current_hp_per_floor":[79,78,78,80,80,80,80,80,80,80,80,56,43,35,59,19,80,61,72,72,18,18,42,31,31,31,55,10,0],"gold":183,"neow_bonus":"TRANSFORM_CARD","is_prod":false,"is_daily":false,"chose_seed":false,"campfire_upgraded":1,"win_rate":0,"timestamp":1563312959,"path_taken":["M","M","?","M","?","R","?","?","T","$","?","E","?","E","R","BOSS","M","M","?","?","?","R","M","$","T","R","E","M"],"build_version":"2019-07-05","purchased_purges":2,"victory":false,"max_hp_per_floor":[80,80,80,80,80,80,80,80,80,80,80,80,80,80,80,80,80,80,80,80,80,80,80,80,80,80,80,80,80],"card_choices":[{"not_picked":["Rampage","Reckless Charge"],"picked":"True Grit","floor":1.0},{"not_picked":["Clash","Uppercut"],"picked":"Rupture","floor":2.0},{"not_picked":["Rage","Sword Boomerang","Headbutt"],"picked":"SKIP","floor":4.0},{"not_picked":["Clash","Rampage","Shrug It Off"],"picked":"SKIP","floor":7.0},{"not_picked":["Cleave","Clothesline"],"picked":"Dark Embrace","floor":12.0},{"not_picked":["Flex","Heavy Blade","Headbutt"],"picked":"SKIP","floor":13.0},{"not_picked":["Berserk","Dark Embrace","Rupture"],"picked":"SKIP","floor":14},{"not_picked":["Shrug It Off","Flame Barrier"],"picked":"Warcry","floor":15},{"not_picked":["Limit Break","Offering"],"picked":"Impervious","floor":16},{"not_picked":["Heavy Blade+1","Cleave"],"picked":"Sentinel","floor":18},{"not_picked":["Rupture","Havoc"],"picked":"Flex","floor":19},{"not_picked":["Iron Wave+1","Clothesline+1"],"picked":"Infernal Blade","floor":21},{"not_picked":["Pommel Strike","Pummel"],"picked":"Wild Strike+1","floor":23},{"not_picked":["Carnage","Clash+1"],"picked":"Ghostly Armor+1","floor":24},{"not_picked":["Thunderclap+1","True Grit"],"picked":"Seeing Red","floor":27},{"not_picked":["Warcry","True Grit+1"],"picked":"Carnage+1","floor":28}],"player_experience":137226,"relics_obtained":[{"floor":9.0,"key":"Dream Catcher"},{"floor":12.0,"key":"Omamori"},{"floor":14,"key":"Pocketwatch"},{"floor":26,"key":"The Courier"},{"floor":28,"key":"Shuriken"}],"event_choices":[{"damage_healed":0.0,"max_hp_gain":0.0,"max_hp_loss":0.0,"gold_gain":0.0,"event_name":"Liars Game","player_choice":"Ignored","floor":3.0,"gold_loss":0.0,"damage_taken":0.0},{"damage_healed":0.0,"max_hp_gain":0.0,"max_hp_loss":0.0,"gold_gain":0.0,"cards_transformed":["Strike_R"],"event_name":"Transmorgrifier","player_choice":"Transformed","floor":5.0,"gold_loss":0.0,"damage_taken":0.0,"cards_obtained":["Havoc"]},{"cards_removed":["Strike_R"],"damage_healed":0.0,"max_hp_gain":0.0,"max_hp_loss":0.0,"gold_gain":0.0,"event_name":"The Cleric","player_choice":"Card Removal","floor":8.0,"gold_loss":50.0,"damage_taken":0.0},{"cards_removed":["Rupture"],"damage_healed":0.0,"max_hp_gain":0.0,"max_hp_loss":0.0,"gold_gain":0.0,"event_name":"WeMeetAgain","player_choice":"Gave Card","floor":11.0,"gold_loss":0.0,"damage_taken":0.0,"relics_obtained":["Potion Belt"]},{"damage_healed":0,"gold_gain":0,"player_choice":"Bought 0 Potions","damage_taken":0,"max_hp_gain":0,"max_hp_loss":0,"event_name":"The Woman in Blue","floor":20,"gold_loss":0}],"is_beta":false,"boss_relics":[{"not_picked":["Snecko Eye","Black Star"],"picked":"Empty Cage"}],"items_purged_floors":[10,22],"is_endless":false,"potions_floor_spawned":[4,12,14,18,28],"killed_by":"Shelled Parasite and Fungi","ascension_level":2}