{"gold_per_floor":[368,384,384,134,149,180,180,192,192,192,51,51,64,6,6,84,84,104,104,124,141,141],"floor_reached":22,"playtime":1121,"items_purged":["Strike_R"],"score":335,"play_id":"10f2d8a6-0764-46b9-84c9-e357506ae727","local_time":"20180920203614","is_ascension_mode":true,"campfire_choices":[{"data":"Armaments","floor":7,"key":"SMITH"},{"data":"Evolve","floor":10,"key":"SMITH"},{"data":"True Grit","floor":12,"key":"SMITH"},{"data":"Inflame","floor":15,"key":"SMITH"}],"neow_cost":"CURSE","seed_source_timestamp":673811769433974,"circlet_count":0,"master_deck":["Strike_R","Strike_R","Strike_R","Strike_R","Defend_R","Defend_R","Defend_R","Defend_R","Bash","AscendersBane","Power Through","Cleave","Pommel Strike","Armaments+1","Twin Strike","Shrug It Off","Rampage","Evolve+1","True Grit+1","Inflame+1","Intimidate","Immolate","Clothesline+1"],"relics":["Burning Blood","Dodecahedron","Mercury Hourglass","Black Star"],"potions_floor_usage":[6,16,16,20,22],"damage_taken":[{"damage":18,"enemies":"Jaw Worm","floor":1,"turns":6},{"damage":5,"enemies":"2 Louse","floor":2,"turns":4},{"damage":0,"enemies":"Small Slimes","floor":5,"turns":3},{"damage":23,"enemies":"3 Sentries","floor":6,"turns":12},{"damage":6,"enemies":"Looter","floor":8,"turns":3},{"damage":6,"enemies":"Gremlin Gang","floor":13,"turns":4},{"damage":23,"enemies":"Slime Boss","floor":16,"turns":8},{"damage":15,"enemies":"3 Byrds","floor":18,"turns":4},{"damage":19,"enemies":"Shell Parasite","floor":20,"turns":7},{"damage":32,"enemies":"Snake Plant","floor":21,"turns":5},{"damage":16,"enemies":"Cultist and Chosen","floor":22,"turns":4}],"seed_played":"-840227316112076752","potions_obtained":[{"floor":2,"key":"Block Potion"},{"floor":6,"key":"Ancient Potion"},{"floor":16,"key":"Ancient Potion"},{"floor":18,"key":"Energy Potion"}],"is_trial":false,"path_per_floor":["M","M","?","$","M","E","R","M","T","R","$","R","M","$","R","B",null,"M","?","M","M"],"character_chosen":"IRONCLAD","items_purchased":["Pommel Strike","Armaments","Twin Strike","True Grit","Inflame","Fire Potion"],"campfire_rested":0,"item_purchase_floors":[4,4,4,11,11,14],"current_hp_per_floor":[56,57,50,50,56,39,39,39,39,39,39,39,39,39,39,22,62,53,53,40,14,0],"gold":141,"neow_bonus":"TWO_FIFTY_GOLD","is_prod":false,"is_daily":false,"chose_seed":false,"campfire_upgraded":4,"win_rate":0,"timestamp":1537490174,"path_taken":["M","M","?","$","?","E","R","M","T","R","$","R","M","?","R","BOSS","M","?","M","M","M"],"build_version":"2018-09-06","purchased_purges":1,"victory":false,"max_hp_per_floor":[75,75,75,75,75,75,75,75,75,75,75,75,75,75,75,75,75,75,75,75,75,75],"card_choices":[{"not_picked":["Heavy Blade","Clash"],"picked":"Power Through","floor":1},{"not_picked":["Sword Boomerang","Warcry"],"picked":"Cleave","floor":2},{"not_picked":["Battle Trance","Armaments"],"picked":"Shrug It Off","floor":5},{"not_picked":["Flex","Clash"],"picked":"Rampage","floor":6},{"not_picked":["Armaments","Flex"],"picked":"Evolve","floor":8},{"not_picked":["Feel No Pain","Body Slam"],"picked":"Intimidate","floor":13},{"not_picked":["Brutality","Double Tap"],"picked":"Immolate","floor":16},{"not_picked":["Thunderclap","Sever Soul"],"picked":"Clothesline","floor":18},{"not_picked":["Headbutt","Sword Boomerang","Anger+1"],"picked":"SKIP","floor":20},{"not_picked":["Dropkick","Twin Strike","Havoc"],"picked":"SKIP","floor":21}],"player_experience":491075,"relics_obtained":[{"floor":6,"key":"Dodecahedron"},{"floor":9,"key":"Mercury Hourglass"}],"event_choices":[{"event_name":"Golden Wing","player_choice":"Card Removal","floor":3,"damage_taken":0},{"event_name":"Accursed Blacksmith","player_choice":"Forge","floor":19,"damage_taken":0}],"is_beta":false,"boss_relics":[{"not_picked":["Runic Pyramid","Pandora\u0027s Box"],"picked":"Black Star"}],"items_purged_floors":[4],"is_endless":false,"potions_floor_spawned":[2,6,16,18],"killed_by":"Cultist and Chosen","ascension_level":16}