{"gold_per_floor":[114,23,34,45,61,61,26,26,81,116,135,147,44,16,16,89,89,63,97,35,35,35,35,35,55,55,65,65,65],"floor_reached":29,"playtime":1541,"items_purged":["Strike_B"],"score":450,"play_id":"b023f6ec-95f4-494e-945a-be95478526bf","local_time":"20181009004228","is_ascension_mode":true,"campfire_choices":[{"data":"Defragment","floor":6,"key":"SMITH"},{"data":"Zap","floor":8,"key":"SMITH"},{"floor":15,"key":"REST"},{"floor":23,"key":"REST"},{"data":"Coolheaded","floor":28,"key":"SMITH"}],"neow_cost":"NONE","seed_source_timestamp":2243513829986203,"circlet_count":0,"master_deck":["Strike_B","Strike_B","Defend_B","Defend_B","Defend_B","Defend_B","Zap+1","Dualcast","AscendersBane","Skim","Defragment+1","Self Repair","Hologram","Conserve Battery","Cold Snap","Conserve Battery","Reinforced Body","Cold Snap","Fusion","Biased Cognition","Streamline","Consume+1","Coolheaded+1"],"relics":["Cracked Core","Tiny Chest","Oddly Smooth Stone","Snecko Eye","Red Mask","Centennial Puzzle","Toxic Egg 2","Happy Flower"],"potions_floor_usage":[16,16,27],"damage_taken":[{"damage":14,"enemies":"Jaw Worm","floor":1,"turns":4},{"damage":9,"enemies":"Cultist","floor":3,"turns":4},{"damage":6,"enemies":"Small Slimes","floor":4,"turns":3},{"damage":7,"enemies":"Looter","floor":5,"turns":4},{"damage":45,"enemies":"Gremlin Nob","floor":10,"turns":5},{"damage":12,"enemies":"3 Louse","floor":11,"turns":4},{"damage":12,"enemies":"Exordium Wildlife","floor":12,"turns":6},{"damage":7,"enemies":"Exordium Thugs","floor":14,"turns":4},{"damage":6,"enemies":"Slime Boss","floor":16,"turns":12},{"damage":16,"enemies":"2 Thieves","floor":18,"turns":4},{"damage":39,"enemies":"Masked Bandits","floor":19,"turns":9},{"damage":6,"enemies":"Shell Parasite","floor":25,"turns":7},{"damage":6,"enemies":"Centurion and Healer","floor":27,"turns":17},{"damage":47,"enemies":"Slavers","floor":29,"turns":4}],"seed_played":"-1372640838981824192","potions_obtained":[{"floor":1,"key":"Block Potion"},{"floor":5,"key":"SkillPotion"},{"floor":10,"key":"FocusPotion"},{"floor":12,"key":"Fire Potion"},{"floor":19,"key":"Block Potion"}],"is_trial":false,"path_per_floor":["M","$","M","M","M","R","?","R","T","E","M","M","$","M","R","B",null,"M","?","$","T","T","R","?","M","T","M","R"],"character_chosen":"DEFECT","items_purchased":["Self Repair","Hologram","Cold Snap","Coolheaded"],"campfire_rested":2,"item_purchase_floors":[2,2,13,20],"current_hp_per_floor":[50,50,48,49,49,49,66,66,66,28,23,18,18,18,39,40,63,54,22,22,22,22,43,43,44,44,45,45,0],"gold":65,"neow_bonus":"TRANSFORM_CARD","is_prod":false,"is_daily":false,"chose_seed":false,"campfire_upgraded":3,"win_rate":0,"timestamp":1539060148,"path_taken":["M","$","M","M","M","R","?","R","T","E","?","?","$","M","R","BOSS","M","?","$","?","?","R","?","M","T","M","R","E"],"build_version":"2018-10-04v2","purchased_purges":1,"victory":false,"max_hp_per_floor":[71,71,71,71,71,71,71,71,71,71,71,71,71,71,71,71,71,71,71,71,71,71,71,71,71,71,71,71,71],"card_choices":[{"not_picked":["Undo","Streamline"],"picked":"Defragment","floor":1},{"not_picked":["Reprogram","Steam"],"picked":"Conserve Battery","floor":3},{"not_picked":["Doom and Gloom","Static Discharge"],"picked":"Cold Snap","floor":4},{"not_picked":["Compile Driver","Double Energy"],"picked":"Conserve Battery","floor":5},{"not_picked":["Undo","Scrape"],"picked":"Reinforced Body","floor":10},{"not_picked":["Steam Power","Turbo","Conserve Battery"],"picked":"SKIP","floor":11},{"not_picked":["Rebound","Beam Cell","Gash"],"picked":"SKIP","floor":12},{"not_picked":["Reinforced Body","Meteor Strike"],"picked":"Fusion","floor":14},{"not_picked":["Thunder Strike","Creative AI"],"picked":"Biased Cognition","floor":16},{"not_picked":["Stack","Skim"],"picked":"Streamline","floor":18},{"not_picked":["Tempest","Melter"],"picked":"Consume+1","floor":19},{"not_picked":["Barrage+1","Steam Power+1","Blizzard"],"picked":"SKIP","floor":25},{"not_picked":["Barrage","Rebound","Sweeping Beam"],"picked":"SKIP","floor":27}],"player_experience":591799,"relics_obtained":[{"floor":9,"key":"Tiny Chest"},{"floor":10,"key":"Oddly Smooth Stone"},{"floor":19,"key":"Red Mask"},{"floor":21,"key":"Centennial Puzzle"},{"floor":22,"key":"Toxic Egg 2"},{"floor":26,"key":"Happy Flower"}],"event_choices":[{"event_name":"The Cleric","player_choice":"Healed","floor":7,"damage_taken":0},{"event_name":"Masked Bandits","player_choice":"Fought Bandits","floor":19,"damage_taken":0}],"is_beta":false,"boss_relics":[{"not_picked":["Astrolabe","Runic Dome"],"picked":"Snecko Eye"}],"items_purged_floors":[13],"is_endless":false,"potions_floor_spawned":[1,5,10,12,19],"killed_by":"Slavers","ascension_level":20}