{"gold_per_floor":[111,36,36,111,131,131,166,166,166,179,209,219,232,266,278,290],"floor_reached":16,"playtime":534,"items_purged":[],"score":290,"play_id":"6d017369-75bc-4c16-bdf3-a307373d6ae9","local_time":"20190721160522","is_ascension_mode":true,"campfire_choices":[{"data":"Crippling Poison","floor":6.0,"key":"SMITH"},{"floor":8.0,"key":"REST"},{"floor":15,"key":"REST"}],"neow_cost":"NONE","seed_source_timestamp":267268723406783,"circlet_count":0,"master_deck":["AscendersBane","Strike_G","Strike_G","Strike_G","Strike_G","Defend_G","Defend_G","Defend_G","Defend_G","Defend_G","Survivor","Neutralize","Cloak And Dagger","Crippling Poison+1","Dagger Spray","Poisoned Stab","Cloak And Dagger","Envenom","Flechettes"],"special_seed":0,"relics":["Ring of the Snake","NeowsBlessing","Bag of Marbles","Regal Pillow","Shovel","MawBank"],"potions_floor_usage":[11,14],"damage_taken":[{"damage":0.0,"enemies":"Cultist","floor":1.0,"turns":1.0},{"damage":0.0,"enemies":"2 Louse","floor":5.0,"turns":1.0},{"damage":0.0,"enemies":"Lagavulin","floor":7.0,"turns":1.0},{"damage":1.0,"enemies":"Jaw Worm","floor":10.0,"turns":4.0},{"damage":2,"enemies":"Gremlin Nob","floor":11,"turns":3},{"damage":3,"enemies":"Large Slime","floor":12,"turns":7},{"damage":0,"enemies":"Gremlin Gang","floor":13,"turns":3},{"damage":25,"enemies":"Lagavulin","floor":14,"turns":8},{"damage":59,"enemies":"Slime Boss","floor":16,"turns":7}],"seed_played":"1533225252164092659","potions_obtained":[{"floor":1.0,"key":"SteroidPotion"},{"floor":10.0,"key":"EssenceOfSteel"},{"floor":13,"key":"AttackPotion"}],"is_trial":false,"path_per_floor":["M","?","?","?","M","R","E","R","T","M","E","M","M","E","R","B"],"character_chosen":"THE_SILENT","items_purchased":[],"campfire_rested":2,"item_purchase_floors":[],"current_hp_per_floor":[59,59,24,13,13,13,13,47,47,46,44,41,41,16,50,0],"gold":290,"neow_bonus":"THREE_ENEMY_KILL","is_prod":false,"is_daily":false,"chose_seed":false,"campfire_upgraded":1,"win_rate":0,"timestamp":1563739522,"path_taken":["M","?","?","?","M","R","E","R","T","M","E","M","?","E","R","BOSS"],"build_version":"2019-07-17","purchased_purges":0,"victory":false,"max_hp_per_floor":[66,66,66,66,66,66,66,66,66,66,66,66,66,66,66,66],"card_choices":[{"not_picked":["Eviscerate","Underhanded Strike"],"picked":"Cloak And Dagger","floor":1.0},{"not_picked":["Quick Slash","Sucker Punch"],"picked":"Crippling Poison","floor":5.0},{"not_picked":["Calculated Gamble","Blade Dance"],"picked":"Dagger Spray","floor":7.0},{"not_picked":["Cloak And Dagger","Concentrate"],"picked":"Poisoned Stab","floor":10.0},{"not_picked":["Quick Slash","Caltrops","Acrobatics"],"picked":"SKIP","floor":11},{"not_picked":["Dagger Throw","Caltrops"],"picked":"Cloak And Dagger","floor":12},{"not_picked":["Acrobatics","Outmaneuver"],"picked":"Envenom","floor":13},{"not_picked":["Masterful Stab","Envenom"],"picked":"Flechettes","floor":14}],"player_experience":1623653,"relics_obtained":[{"floor":7.0,"key":"Regal Pillow"},{"floor":11,"key":"Shovel"},{"floor":14,"key":"MawBank"}],"event_choices":[{"cards_removed":["Strike_G"],"damage_healed":0.0,"max_hp_gain":0.0,"max_hp_loss":0.0,"gold_gain":0.0,"event_name":"The Cleric","player_choice":"Card Removal","floor":2.0,"gold_loss":75.0,"damage_taken":0.0},{"damage_healed":0.0,"max_hp_gain":0.0,"max_hp_loss":0.0,"gold_gain":0.0,"event_name":"Scrap Ooze","player_choice":"Success","floor":3.0,"gold_loss":0.0,"damage_taken":35.0,"relics_obtained":["Bag of Marbles"]},{"damage_healed":0.0,"max_hp_gain":0.0,"max_hp_loss":0.0,"gold_gain":75.0,"event_name":"World of Goop","player_choice":"Gather Gold","floor":4.0,"gold_loss":0.0,"damage_taken":11.0}],"is_beta":false,"boss_relics":[],"items_purged_floors":[],"is_endless":false,"potions_floor_spawned":[1,10,13],"killed_by":"Slime Boss","ascension_level":20}