{"gold_per_floor":[117,117,36,54,54,54,80,97,97,22,56,56,67,67,67,144,144,156,156,156,156,230,230,230],"floor_reached":24,"playtime":1076,"items_purged":["Strike_G"],"score":400,"play_id":"ea72c6d2-d2c6-4a5d-89b2-b1786a8b2982","local_time":"20190719232441","is_ascension_mode":true,"campfire_choices":[{"data":"Neutralize","floor":6,"key":"SMITH"},{"floor":12,"key":"REST"},{"data":"Corpse Explosion","floor":15,"key":"SMITH"},{"floor":23,"key":"REST"}],"neow_cost":"NONE","seed_source_timestamp":120293370271108,"circlet_count":0,"master_deck":["AscendersBane","Strike_G+1","Strike_G+1","Strike_G+1","Strike_G+1","Defend_G+1","Defend_G+1","Defend_G+1","Defend_G+1","Defend_G+1","Survivor","Neutralize+1","Dagger Throw","Noxious Fumes+1","Dagger Spray","Poisoned Stab","Terror","Well Laid Plans","Corpse Explosion+1","Burst","Necronomicurse"],"relics":["Ring of the Snake","Paper Crane","Turnip","Ninja Scroll","Snecko Eye","Necronomicon","Frozen Egg 2"],"potions_floor_usage":[11,24,24],"damage_taken":[{"damage":0,"enemies":"Small Slimes","floor":1,"turns":4},{"damage":0,"enemies":"Cultist","floor":4,"turns":3},{"damage":31,"enemies":"3 Sentries","floor":7,"turns":7},{"damage":1,"enemies":"2 Louse","floor":8,"turns":3},{"damage":16,"enemies":"Gremlin Nob","floor":11,"turns":4},{"damage":8,"enemies":"2 Fungi Beasts","floor":13,"turns":3},{"damage":16,"enemies":"The Guardian","floor":16,"turns":9},{"damage":11,"enemies":"Shell Parasite","floor":18,"turns":8},{"damage":40,"enemies":"Slavers","floor":24,"turns":3}],"seed_played":"3373245674228356735","potions_obtained":[{"floor":4,"key":"GamblersBrew"},{"floor":8,"key":"Swift Potion"},{"floor":13,"key":"Ancient Potion"}],"is_trial":false,"path_per_floor":["M","?","$","M","?","R","E","M","T","$","E","R","M","?","R","B",null,"M","?","?","?","T","R","E"],"character_chosen":"THE_SILENT","items_purchased":["Dagger Spray","Poisoned Stab"],"campfire_rested":2,"item_purchase_floors":[3,3],"current_hp_per_floor":[59,59,59,59,59,59,28,27,27,27,11,30,22,22,22,6,51,40,40,40,19,19,38,0],"gold":230,"neow_bonus":"THREE_CARDS","is_prod":false,"is_daily":false,"chose_seed":false,"campfire_upgraded":2,"win_rate":0,"timestamp":1563593081,"path_taken":["M","?","$","?","?","R","E","M","T","$","E","R","M","?","R","BOSS","M","?","?","?","?","R","E"],"build_version":"2019-07-17","purchased_purges":1,"victory":false,"max_hp_per_floor":[66,66,66,66,66,66,66,66,66,66,66,66,66,66,66,66,66,66,66,66,66,66,66,66],"card_choices":[{"not_picked":["Cloak And Dagger","Prepared"],"picked":"Dagger Throw","floor":0},{"not_picked":["Dagger Spray","Poisoned Stab"],"picked":"Noxious Fumes","floor":1},{"not_picked":["Dagger Throw","Setup","Quick Slash"],"picked":"SKIP","floor":4},{"not_picked":["Prepared","Acrobatics"],"picked":"Terror","floor":7},{"not_picked":["Cloak And Dagger","Crippling Poison"],"picked":"Well Laid Plans","floor":8},{"not_picked":["Eviscerate","Poisoned Stab"],"picked":"Corpse Explosion","floor":11},{"not_picked":["Backstab","Skewer","Dagger Throw"],"picked":"SKIP","floor":13},{"not_picked":["Storm of Steel","Tools of the Trade"],"picked":"Burst","floor":16},{"not_picked":["Blade Dance","Cloak And Dagger","Escape Plan"],"picked":"SKIP","floor":18}],"player_experience":1614386,"relics_obtained":[{"floor":7,"key":"Paper Crane"},{"floor":9,"key":"Turnip"},{"floor":11,"key":"Ninja Scroll"},{"floor":21,"key":"Necronomicon"},{"floor":22,"key":"Frozen Egg 2"}],"event_choices":[{"damage_healed":0,"gold_gain":0,"player_choice":"Upgraded","damage_taken":0,"max_hp_gain":0,"max_hp_loss":0,"event_name":"Upgrade Shrine","floor":2,"gold_loss":0,"cards_upgraded":["Noxious Fumes"]},{"damage_healed":0,"gold_gain":0,"player_choice":"Leave","damage_taken":0,"max_hp_gain":0,"max_hp_loss":0,"event_name":"The Cleric","floor":5,"gold_loss":0},{"damage_healed":0,"gold_gain":0,"player_choice":"Ignored","damage_taken":0,"max_hp_gain":0,"max_hp_loss":0,"event_name":"Liars Game","floor":14,"gold_loss":0},{"damage_healed":0,"gold_gain":0,"player_choice":"Ignored","damage_taken":0,"max_hp_gain":0,"max_hp_loss":0,"event_name":"Vampires","floor":19,"gold_loss":0},{"damage_healed":0,"gold_gain":0,"player_choice":"Simplicity","damage_taken":0,"max_hp_gain":0,"max_hp_loss":0,"event_name":"Back to Basics","floor":20,"gold_loss":0,"cards_upgraded":["Strike_G","Strike_G","Strike_G","Strike_G","Defend_G","Defend_G","Defend_G","Defend_G","Defend_G"]},{"damage_healed":0,"gold_gain":0,"player_choice":"Obtained Book","damage_taken":21,"max_hp_gain":0,"max_hp_loss":0,"event_name":"Cursed Tome","floor":21,"gold_loss":0}],"is_beta":false,"boss_relics":[{"not_picked":["Calling Bell","White Beast Statue"],"picked":"Snecko Eye"}],"items_purged_floors":[10],"is_endless":false,"potions_floor_spawned":[4,8,13],"killed_by":"Slavers","ascension_level":20}