{"gold_per_floor":[114,18,35,35,60,98,114,134,134,134,150,168,168,186,186,305,305,325,48,0,16,37,37,81,97,124,124,124,143,143,143,143,266,266,285,346,22,46,60,60,80,80,127,168,168,184,184,184,184,184],"floor_reached":51,"playtime":3569,"items_purged":["Strike_B"],"score":726,"play_id":"3d97212d-9a2e-4d85-952b-c7d86efca3c7","local_time":"20190715164317","is_ascension_mode":false,"campfire_choices":[{"data":"Storm","floor":13.0,"key":"SMITH"},{"data":"Redo","floor":15.0,"key":"SMITH"},{"data":"White Noise","floor":23,"key":"SMITH"},{"floor":27,"key":"REST"},{"floor":30,"key":"REST"},{"data":"Amplify","floor":32,"key":"SMITH"},{"floor":40,"key":"REST"},{"data":"Ghostly","floor":42,"key":"SMITH"},{"floor":49,"key":"REST"}],"neow_cost":"NONE","seed_source_timestamp":0,"circlet_count":0,"master_deck":["Strike_B","Strike_B","Defend_B","Defend_B","Defend_B","Defend_B","Zap","Dualcast","Ball Lightning","Self Repair","Sweeping Beam","Auto Shields","Injury","FTL","Conserve Battery","Storm+1","Redo+1","Stack","Beam Cell","Tempest","Rainbow","Aggregate","Self Repair","Ball Lightning","White Noise+1","Skim","Hello World+1","Auto Shields+1","Go for the Eyes+1","Amplify+1","Ghostly+1","Ghostly","Ghostly","Ghostly","Ghostly","Meteor Strike","Coolheaded+1","Barrage","Capacitor","Streamline+1","Capacitor+1","Chill+1","Barrage+1","Enlightenment","Lockon+1"],"special_seed":0,"relics":["Cracked Core","Golden Idol","Centennial Puzzle","Orichalcum","Snecko Eye","Chemical X","Dream Catcher","Lantern","Inserter","Nunchaku","Pear","Bronze Scales","Sundial","Kunai"],"potions_floor_usage":[24,24,25,44,44],"damage_taken":[{"damage":6.0,"enemies":"Jaw Worm","floor":1.0,"turns":5.0},{"damage":7.0,"enemies":"2 Louse","floor":3.0,"turns":2.0},{"damage":1.0,"enemies":"Cultist","floor":5.0,"turns":4.0},{"damage":21.0,"enemies":"3 Sentries","floor":6.0,"turns":7.0},{"damage":4.0,"enemies":"Large Slime","floor":7.0,"turns":6.0},{"damage":7.0,"enemies":"Exordium Wildlife","floor":8.0,"turns":3.0},{"damage":8.0,"enemies":"Looter","floor":11.0,"turns":3.0},{"damage":13.0,"enemies":"2 Fungi Beasts","floor":12.0,"turns":3.0},{"damage":0.0,"enemies":"Blue Slaver","floor":14.0,"turns":3.0},{"damage":67.0,"enemies":"Hexaghost","floor":16.0,"turns":12.0},{"damage":10.0,"enemies":"Chosen","floor":18.0,"turns":5.0},{"damage":11.0,"enemies":"Shell Parasite","floor":21.0,"turns":5.0},{"damage":30,"enemies":"Snecko","floor":22,"turns":5},{"damage":29,"enemies":"Book of Stabbing","floor":24,"turns":5},{"damage":22,"enemies":"Centurion and Healer","floor":25,"turns":9},{"damage":20,"enemies":"Cultist and Chosen","floor":29,"turns":6},{"damage":27,"enemies":"Collector","floor":33,"turns":13},{"damage":19,"enemies":"Orb Walker","floor":35,"turns":5},{"damage":31,"enemies":"2 Orb Walkers","floor":36,"turns":6},{"damage":23,"enemies":"3 Darklings","floor":38,"turns":7},{"damage":0,"enemies":"Jaw Worm Horde","floor":39,"turns":4},{"damage":6,"enemies":"Transient","floor":41,"turns":5},{"damage":27,"enemies":"Nemesis","floor":44,"turns":7},{"damage":14,"enemies":"3 Darklings","floor":46,"turns":6},{"damage":43,"enemies":"Time Eater","floor":50,"turns":12}],"seed_played":"2043330786607753019","potions_obtained":[{"floor":5.0,"key":"SteroidPotion"},{"floor":6.0,"key":"Dexterity Potion"},{"floor":8.0,"key":"Strength Potion"},{"floor":11.0,"key":"Regen Potion"},{"floor":18.0,"key":"Energy Potion"},{"floor":24,"key":"Explosive Potion"},{"floor":25,"key":"SpeedPotion"},{"floor":36,"key":"SteroidPotion"},{"floor":41,"key":"Energy Potion"}],"is_trial":false,"path_per_floor":["M","$","M","?","M","E","M","M","T","?","M","M","R","M","R","B",null,"M","$","?","M","M","R","E","M","T","R","?","M","R","?","R","B",null,"M","?","$","M","M","R","M","R","T","E","?","M","T","?","R","B",null],"character_chosen":"DEFECT","items_purchased":["Self Repair","Sweeping Beam","Chemical X","Self Repair","Pear"],"campfire_rested":4,"item_purchase_floors":[2,2,19,19,37],"current_hp_per_floor":[76,76,76,76,82,68,71,71,71,71,70,64,64,71,71,20,82,79,79,79,82,59,59,44,36,36,60,44,31,57,43,43,30,43,38,21,31,22,29,44,52,52,52,39,39,32,32,32,47,11],"gold":184,"neow_bonus":"TEN_PERCENT_HP_BONUS","is_prod":false,"is_daily":false,"chose_seed":false,"campfire_upgraded":5,"win_rate":0.0,"timestamp":1563223397,"path_taken":["M","$","M","?","M","E","M","M","T","?","?","M","R","M","R","BOSS","M","$","?","M","M","R","E","M","T","R","?","M","R","?","R","BOSS","M","?","$","M","M","R","M","R","T","E","?","M","?","?","R","BOSS"],"build_version":"2019-07-05","purchased_purges":1,"victory":true,"max_hp_per_floor":[82,82,82,82,82,82,82,82,82,82,82,82,82,82,82,82,82,82,82,82,82,82,82,82,82,82,82,87,87,87,43,43,43,43,43,43,53,53,53,53,53,53,53,53,53,53,53,53,53,53],"card_choices":[{"not_picked":["Streamline","Beam Cell"],"picked":"Ball Lightning","floor":1.0},{"not_picked":["Heatsinks","Steam"],"picked":"Auto Shields","floor":3.0},{"not_picked":["Compile Driver","Sweeping Beam"],"picked":"FTL","floor":5.0},{"not_picked":["Aggregate","Compile Driver"],"picked":"Conserve Battery","floor":6.0},{"not_picked":["Force Field","Turbo"],"picked":"Storm","floor":7.0},{"not_picked":["Ball Lightning","Coolheaded"],"picked":"Redo","floor":8.0},{"not_picked":["Consume","All For One"],"picked":"Stack","floor":11.0},{"not_picked":["Rebound","Leap"],"picked":"Beam Cell","floor":12.0},{"not_picked":["Glacier","Compile Driver"],"picked":"Tempest","floor":14.0},{"not_picked":["Thunder Strike","Reboot"],"picked":"Rainbow","floor":16.0},{"not_picked":["FTL","Ball Lightning"],"picked":"Aggregate","floor":18.0},{"not_picked":["Beam Cell","Turbo"],"picked":"Ball Lightning","floor":21.0},{"not_picked":["Leap","Glacier+1"],"picked":"White Noise","floor":22},{"not_picked":["Beam Cell","Leap"],"picked":"Skim","floor":24},{"not_picked":["Sweeping Beam","Redo"],"picked":"Hello World+1","floor":25},{"not_picked":["Redo+1","Stack"],"picked":"Auto Shields+1","floor":27},{"not_picked":["Streamline","Compile Driver+1"],"picked":"Go for the Eyes+1","floor":29},{"not_picked":["Conserve Battery","Rebound"],"picked":"Amplify","floor":30},{"not_picked":["Hyperbeam","Buffer"],"picked":"Meteor Strike","floor":33},{"not_picked":["Self Repair+1","Conserve Battery"],"picked":"Coolheaded+1","floor":35},{"not_picked":["Beam Cell+1","Conserve Battery"],"picked":"Barrage","floor":36},{"not_picked":["Compile Driver","Steam Power+1"],"picked":"Capacitor","floor":38},{"not_picked":["Beam Cell+1","Lockon+1"],"picked":"Streamline+1","floor":39},{"not_picked":["Fusion","Barrage+1"],"picked":"Capacitor+1","floor":40},{"not_picked":["Steam+1","Leap"],"picked":"Chill+1","floor":41},{"not_picked":["Hyperbeam","Cold Snap"],"picked":"Barrage+1","floor":44},{"not_picked":["Bandage Up","Mind Blast"],"picked":"Enlightenment","floor":45},{"not_picked":["Leap","Recycle","Barrage+1"],"picked":"SKIP","floor":46},{"not_picked":["Streamline","Barrage+1"],"picked":"Lockon+1","floor":49}],"player_experience":53291,"relics_obtained":[{"floor":6.0,"key":"Centennial Puzzle"},{"floor":9.0,"key":"Orichalcum"},{"floor":24,"key":"Dream Catcher"},{"floor":26,"key":"Lantern"},{"floor":36,"key":"Nunchaku"},{"floor":43,"key":"Bronze Scales"},{"floor":44,"key":"Sundial"},{"floor":47,"key":"Kunai"}],"event_choices":[{"damage_healed":0.0,"max_hp_gain":0.0,"max_hp_loss":0.0,"gold_gain":0.0,"event_name":"Golden Idol","player_choice":"Take Wound","floor":4.0,"gold_loss":0.0,"damage_taken":0.0,"relics_obtained":["Golden Idol"],"cards_obtained":["Injury"]},{"damage_healed":0.0,"max_hp_gain":0.0,"max_hp_loss":0.0,"gold_gain":0.0,"event_name":"Lab","player_choice":"Got Potions","floor":10.0,"gold_loss":0.0,"damage_taken":0.0},{"damage_healed":0.0,"max_hp_gain":0.0,"max_hp_loss":0.0,"gold_gain":0.0,"event_name":"Masked Bandits","player_choice":"Paid Fearfully","floor":20.0,"gold_loss":48.0,"damage_taken":0.0},{"damage_healed":0,"gold_gain":0,"player_choice":"Shed Blood","damage_taken":21,"max_hp_gain":5,"max_hp_loss":0,"event_name":"Forgotten Altar","floor":28,"gold_loss":0},{"damage_healed":0,"gold_gain":0,"player_choice":"Became a Ghost","damage_taken":0,"max_hp_gain":0,"max_hp_loss":44,"event_name":"Ghosts","floor":31,"gold_loss":0,"cards_obtained":["Ghostly","Ghostly","Ghostly","Ghostly","Ghostly"]},{"damage_healed":0,"gold_gain":0,"player_choice":"Fight","damage_taken":0,"max_hp_gain":0,"max_hp_loss":0,"event_name":"Mysterious Sphere","floor":36,"gold_loss":0},{"damage_healed":0,"gold_gain":0,"player_choice":"Memory 1","damage_taken":0,"max_hp_gain":0,"max_hp_loss":0,"event_name":"SensoryStone","floor":45,"gold_loss":0},{"cards_removed":["Strike_B"],"damage_healed":0,"gold_gain":0,"player_choice":"Card Removal","damage_taken":0,"max_hp_gain":0,"max_hp_loss":0,"event_name":"Wheel of Change","floor":48,"gold_loss":0}],"is_beta":false,"boss_relics":[{"not_picked":["White Beast Statue","Empty Cage"],"picked":"Snecko Eye"},{"not_picked":["Eternal Feather","Fusion Hammer"],"picked":"Inserter"}],"items_purged_floors":[37],"is_endless":false,"potions_floor_spawned":[5,6,8,11,14,18,24,25,36,41],"ascension_level":0}