{"gold_per_floor":[110,127,52,52,52,52,86,86,166,176,191,219,233,245,245,245],"floor_reached":16,"playtime":772,"items_purged":[],"score":249,"play_id":"76688669-8c2e-4680-81f4-001db8f77e1c","local_time":"20190310122429","is_ascension_mode":true,"campfire_choices":[{"data":"1","floor":6,"key":"LIFT"},{"data":"2","floor":8,"key":"LIFT"},{"data":"Well Laid Plans","floor":15,"key":"SMITH"}],"neow_cost":"NONE","seed_source_timestamp":141396667918148,"circlet_count":0,"master_deck":["AscendersBane","Defend_G","Defend_G","Defend_G","Defend_G","Defend_G","Strike_G","Strike_G","Strike_G","Strike_G","Strike_G","Survivor","Neutralize","Flying Knee","Dash","Well Laid Plans+1","Backstab","Deflect","Calculated Gamble","Bullet Time","PiercingWail"],"relics":["Ring of the Snake","Centennial Puzzle","Girya","Mango","Tiny Chest","Strawberry"],"potions_floor_usage":[12,16],"damage_taken":[{"damage":8,"enemies":"Cultist","floor":1,"turns":6},{"damage":0,"enemies":"2 Louse","floor":2,"turns":4},{"damage":22,"enemies":"3 Sentries","floor":7,"turns":11},{"damage":2,"enemies":"Jaw Worm","floor":10,"turns":2},{"damage":0,"enemies":"Looter","floor":11,"turns":2},{"damage":2,"enemies":"Lagavulin","floor":12,"turns":6},{"damage":0,"enemies":"Gremlin Gang","floor":13,"turns":3},{"damage":8,"enemies":"Blue Slaver","floor":14,"turns":3},{"damage":36,"enemies":"Hexaghost","floor":16,"turns":13}],"seed_played":"187167811174166851","potions_obtained":[{"floor":2,"key":"GhostInAJar"},{"floor":12,"key":"Fire Potion"}],"is_trial":false,"path_per_floor":["M","M","$","?","$","R","E","R","T","M","M","E","M","M","R","B"],"character_chosen":"THE_SILENT","items_purchased":["Well Laid Plans"],"campfire_rested":0,"item_purchase_floors":[3],"current_hp_per_floor":[51,51,51,46,46,46,38,38,38,36,36,41,41,33,33,0],"gold":245,"neow_bonus":"RANDOM_COMMON_RELIC","is_prod":false,"is_daily":false,"chose_seed":false,"campfire_upgraded":1,"win_rate":0,"timestamp":1552235069,"path_taken":["M","?","$","?","?","R","E","R","T","M","M","E","M","M","R","BOSS"],"build_version":"2019-01-23","purchased_purges":0,"victory":false,"max_hp_per_floor":[66,66,66,66,66,66,80,80,80,80,80,87,87,87,87,87],"card_choices":[{"not_picked":["Underhanded Strike","Riddle With Holes"],"picked":"Flying Knee","floor":1},{"not_picked":["PiercingWail","Prepared"],"picked":"Dash","floor":2},{"not_picked":["Reflex","Accuracy","Slice"],"picked":"SKIP","floor":7},{"not_picked":["Dagger Throw","Setup"],"picked":"Backstab","floor":10},{"not_picked":["Sucker Punch","Flying Knee"],"picked":"Deflect","floor":11},{"not_picked":["Distraction","Quick Slash"],"picked":"Calculated Gamble","floor":12},{"not_picked":["Underhanded Strike","Setup"],"picked":"Bullet Time","floor":13},{"not_picked":["Backstab","Blade Dance"],"picked":"PiercingWail","floor":14}],"player_experience":864911,"relics_obtained":[{"floor":7,"key":"Mango"},{"floor":9,"key":"Tiny Chest"},{"floor":12,"key":"Strawberry"}],"event_choices":[{"damage_healed":0,"gold_gain":0,"player_choice":"Success","damage_taken":5,"relics_obtained":["Girya"],"max_hp_gain":0,"max_hp_loss":0,"event_name":"Scrap Ooze","floor":4,"gold_loss":0}],"is_beta":false,"boss_relics":[],"items_purged_floors":[],"is_endless":false,"potions_floor_spawned":[2,12],"killed_by":"Hexaghost","ascension_level":20}