{"gold_per_floor":[116,41,41,52,69,69,94,94,94,125,25,52,72,105,105,209,209,223,60,78,78,92,92,110,145,219,234,333,165,165,177,177,273,273,284,284,300,300,347,347,347,91,91,124,137,157,35,53,53,53],"floor_reached":51,"playtime":4803,"items_purged":["Defend_B","Defend_B","Defend_B"],"score":963,"play_id":"26381255-449d-4713-86fa-5b6086889663","local_time":"20180823135637","is_ascension_mode":true,"campfire_choices":[{"data":"Zap","floor":6,"key":"SMITH"},{"data":"Dualcast","floor":8,"key":"SMITH"},{"data":"Defragment","floor":15,"key":"SMITH"},{"data":"Defragment","floor":23,"key":"SMITH"},{"data":"Defragment","floor":30,"key":"SMITH"},{"data":"Machine Learning","floor":32,"key":"SMITH"},{"floor":40,"key":"REST"},{"floor":49,"key":"REST"}],"neow_cost":"NONE","seed_source_timestamp":638925314347692,"circlet_count":0,"master_deck":["Strike_B","Zap+1","Dualcast+1","Glacier+1","Buffer+1","Static Discharge+1","Self Repair","Compile Driver","BootSequence","Compile Driver","Defragment+1","Coolheaded","Consume","Machine Learning+1","Conserve Battery+1","Defragment+1","Glacier+1","Redo+1","Compile Driver+1","FTL+1","Defragment+1","Doom and Gloom+1","Echo Form","Compile Driver+1","Secret Technique","Discovery","Madness","Madness","Seek","Redo+1","All For One+1"],"relics":["Astrolabe","Bottled Lightning","Pen Nib","Boot","The Courier","Bronze Scales","Sozu","Regal Pillow","Molten Egg 2","Fusion Hammer","Nunchaku","Turnip","Cables","Mummified Hand","Meat on the Bone"],"potions_floor_usage":[14,50,50,50],"damage_taken":[{"damage":0,"enemies":"Cultist","floor":1,"turns":6},{"damage":0,"enemies":"2 Louse","floor":4,"turns":5},{"damage":0,"enemies":"Jaw Worm","floor":5,"turns":5},{"damage":0,"enemies":"Lagavulin","floor":7,"turns":8},{"damage":14,"enemies":"Gremlin Nob","floor":10,"turns":5},{"damage":0,"enemies":"Lagavulin","floor":12,"turns":7},{"damage":4,"enemies":"Gremlin Gang","floor":13,"turns":5},{"damage":11,"enemies":"Gremlin Nob","floor":14,"turns":5},{"damage":12,"enemies":"Hexaghost","floor":16,"turns":7},{"damage":0,"enemies":"Spheric Guardian","floor":18,"turns":5},{"damage":0,"enemies":"2 Thieves","floor":20,"turns":5},{"damage":0,"enemies":"Chosen and Byrds","floor":22,"turns":6},{"damage":0,"enemies":"Shelled Parasite and Fungi","floor":24,"turns":6},{"damage":0,"enemies":"Book of Stabbing","floor":25,"turns":6},{"damage":3,"enemies":"Snake Plant","floor":27,"turns":5},{"damage":0,"enemies":"Sentry and Sphere","floor":31,"turns":6},{"damage":35,"enemies":"Collector","floor":33,"turns":8},{"damage":13,"enemies":"3 Darklings","floor":35,"turns":5},{"damage":0,"enemies":"Orb Walker","floor":37,"turns":4},{"damage":16,"floor":39,"turns":4},{"damage":9,"floor":41,"turns":4},{"damage":2,"enemies":"Nemesis","floor":44,"turns":5},{"damage":0,"enemies":"Transient","floor":45,"turns":5},{"damage":0,"enemies":"Maw","floor":46,"turns":5},{"damage":4,"enemies":"3 Darklings","floor":48,"turns":3},{"damage":26,"enemies":"Awakened One","floor":50,"turns":11}],"seed_played":"1004428987341500296","potions_obtained":[{"floor":1,"key":"Poison Potion"},{"floor":10,"key":"AttackPotion"},{"floor":13,"key":"Strength Potion"},{"floor":14,"key":"LiquidBronze"}],"is_trial":false,"path_per_floor":["M","$","?","M","M","R","E","R","T","E","$","E","M","E","R","B",null,"M","$","M","?","M","R","M","E","T","M","?","$","R","M","R","B",null,"M","?","M","?","?","R","?","$","T","E","M","M","$","M","R","B"],"character_chosen":"DEFECT","items_purchased":["Defragment","Compile Driver+1","FTL+1","Defragment","Cables","Seek","All For One+1"],"campfire_rested":2,"item_purchase_floors":[19,29,29,29,42,42,47],"current_hp_per_floor":[75,75,75,75,75,75,75,75,75,68,68,75,75,71,71,66,73,75,75,75,75,75,75,75,75,75,75,75,75,75,75,75,47,68,69,64,64,55,39,75,66,66,66,75,75,75,75,75,75,56],"gold":53,"neow_bonus":"BOSS_RELIC","is_prod":false,"is_daily":false,"chose_seed":false,"campfire_upgraded":6,"win_rate":0,"timestamp":1535046997,"path_taken":["M","$","?","M","M","R","E","R","T","E","$","E","M","E","R","BOSS","M","$","M","?","M","R","?","E","T","M","?","$","R","M","R","BOSS","M","?","M","?","?","R","?","?","T","E","?","M","$","M","R","BOSS"],"build_version":"2018-08-16","purchased_purges":3,"victory":true,"max_hp_per_floor":[75,75,75,75,75,75,75,75,75,75,75,75,75,75,75,75,75,75,75,75,75,75,75,75,75,75,75,75,75,75,75,75,75,75,75,75,75,75,75,75,75,75,75,75,75,75,75,75,75,75],"card_choices":[{"not_picked":["Darkness","Sweeping Beam"],"picked":"Self Repair","floor":1},{"not_picked":["Skim","Beam Cell","Self Repair"],"picked":"SKIP","floor":4},{"not_picked":["Conserve Battery","Hologram"],"picked":"Compile Driver","floor":5},{"not_picked":["Steam","Stack"],"picked":"BootSequence","floor":7},{"not_picked":["Leap","Steam"],"picked":"Compile Driver","floor":10},{"not_picked":["Blizzard","Gash"],"picked":"Defragment","floor":12},{"not_picked":["Doom and Gloom","Fusion"],"picked":"Coolheaded","floor":13},{"not_picked":["Sweeping Beam","Streamline"],"picked":"Consume","floor":14},{"not_picked":["Reboot","All For One"],"picked":"Machine Learning","floor":16},{"not_picked":["Compile Driver","Beam Cell"],"picked":"Conserve Battery+1","floor":18},{"not_picked":["Sweeping Beam","Skim+1"],"picked":"Glacier+1","floor":20},{"not_picked":["Sweeping Beam","Hyperbeam","BootSequence"],"picked":"SKIP","floor":22},{"not_picked":["Chill+1","Leap","Lockon"],"picked":"SKIP","floor":24},{"not_picked":["Genetic Algorithm","Stack"],"picked":"Redo+1","floor":25},{"not_picked":["Double Energy","Auto Shields+1","Streamline+1"],"picked":"SKIP","floor":27},{"not_picked":["Stack","Turbo"],"picked":"Doom and Gloom+1","floor":31},{"not_picked":["Hyperbeam+1","Reboot"],"picked":"Echo Form","floor":33},{"not_picked":["Streamline+1","Chaos"],"picked":"Compile Driver+1","floor":35},{"not_picked":["Magnetism","Jack Of All Trades"],"picked":"Secret Technique","floor":36},{"not_picked":["Blind","PanicButton"],"picked":"Discovery","floor":36},{"not_picked":["Cold Snap+1","Ball Lightning+1","Rebound+1"],"picked":"SKIP","floor":37},{"not_picked":["Coolheaded","Darkness+1","Beam Cell+1"],"picked":"SKIP","floor":44},{"not_picked":["Stack","Sunder+1","Gash+1"],"picked":"SKIP","floor":45},{"not_picked":["Ball Lightning+1","Cold Snap+1"],"picked":"Redo+1","floor":46},{"not_picked":["Ball Lightning+1","Storm+1","Cold Snap+1"],"picked":"SKIP","floor":48}],"player_experience":155196,"relics_obtained":[{"floor":7,"key":"Bottled Lightning"},{"floor":9,"key":"Pen Nib"},{"floor":10,"key":"Boot"},{"floor":12,"key":"The Courier"},{"floor":14,"key":"Bronze Scales"},{"floor":25,"key":"Regal Pillow"},{"floor":26,"key":"Molten Egg 2"},{"floor":39,"key":"Nunchaku"},{"floor":41,"key":"Turnip"},{"floor":43,"key":"Mummified Hand"},{"floor":44,"key":"Meat on the Bone"}],"event_choices":[{"event_name":"Liars Game","player_choice":"disagreed","floor":3,"damage_taken":0},{"event_name":"Purifier","player_choice":"One Purge","floor":21,"damage_taken":0},{"event_name":"Nest","player_choice":"Stole From Cult","floor":28,"damage_taken":0},{"event_name":"SensoryStone","player_choice":"Memory 2","floor":36,"damage_taken":0},{"event_name":"Winding Halls","player_choice":"Embrace Madness","floor":38,"damage_taken":0},{"event_name":"Mysterious Sphere","player_choice":"Fight","floor":39,"damage_taken":0},{"event_name":"MindBloom","player_choice":"Fight","floor":41,"damage_taken":0}],"is_beta":false,"boss_relics":[{"not_picked":["Snecko Eye","Orrery"],"picked":"Sozu"},{"not_picked":["Lizard Tail","Pandora\u0027s Box"],"picked":"Fusion Hammer"}],"items_purged_floors":[2,11,19],"is_endless":false,"potions_floor_spawned":[1,10,13,14,18,24,31,35,39,45,48],"ascension_level":5}