{"gold_per_floor":[114,114,133,133,148,159,194,194,242,275,299,309,309,327,327,400,400,412,337,351,169,182,217,217,231,231,231,249,279,279,305,305,379,379,396,396,445,445,462,487,487,516,516,527,627,401,401,401,401,401,401,401,401,13,38,38],"floor_reached":57,"playtime":4786,"items_purged":["Strike_G","Pain"],"score":2906,"play_id":"ad210e55-7c29-466c-aafd-67a386fce273","local_time":"20190602143939","is_ascension_mode":true,"campfire_choices":[{"data":"Predator","floor":13.0,"key":"SMITH"},{"floor":15.0,"key":"REST"},{"data":"Wraith Form v2","floor":24.0,"key":"SMITH"},{"data":"Well Laid Plans","floor":27.0,"key":"SMITH"},{"data":"Wraith Form v2","floor":30.0,"key":"SMITH"},{"floor":32.0,"key":"REST"},{"data":"Corpse Explosion","floor":41.0,"key":"SMITH"},{"floor":47.0,"key":"RECALL"},{"data":"Deadly Poison","floor":49.0,"key":"SMITH"},{"data":"PanicButton","floor":53,"key":"SMITH"}],"neow_cost":"NONE","seed_source_timestamp":1533265666998217,"circlet_count":0,"master_deck":["AscendersBane","Defend_G","Defend_G","Defend_G","Defend_G","Strike_G","Strike_G","Survivor","Neutralize","Backstab+1","Well Laid Plans+1","Predator+1","PiercingWail","Deadly Poison+1","Backflip","Dagger Spray","Leg Sweep","Noxious Fumes","Wraith Form v2+1","Noxious Fumes+1","Deadly Poison","Corpse Explosion+1","PiercingWail","PiercingWail","Wraith Form v2+1","After Image+1","After Image+1","Caltrops+1","Crippling Poison+1","Footwork+1","PanicButton+1","Acrobatics"],"special_seed":0,"relics":["Ring of the Snake","NeowsBlessing","Singing Bowl","Tingsha","Blood Vial","Ninja Scroll","Odd Mushroom","Cursed Key","Gremlin Horn","Art of War","Frozen Egg 2","Velvet Choker","Ginger","Centennial Puzzle","Ancient Tea Set","Bird Faced Urn","Gambling Chip","Incense Burner"],"potions_floor_usage":[56,56,56,56],"damage_taken":[{"damage":0.0,"enemies":"2 Louse","floor":1.0,"turns":1.0},{"damage":0.0,"enemies":"Cultist","floor":3.0,"turns":1.0},{"damage":0.0,"enemies":"Jaw Worm","floor":5.0,"turns":1.0},{"damage":3.0,"enemies":"Looter","floor":6.0,"turns":4.0},{"damage":39.0,"enemies":"Lagavulin","floor":7.0,"turns":9.0},{"damage":16.0,"enemies":"3 Sentries","floor":10.0,"turns":9.0},{"damage":0.0,"enemies":"The Mushroom Lair","floor":11.0,"turns":3.0},{"damage":1.0,"enemies":"Exordium Thugs","floor":12.0,"turns":5.0},{"damage":0.0,"enemies":"Exordium Wildlife","floor":14.0,"turns":3.0},{"damage":16.0,"enemies":"Hexaghost","floor":16.0,"turns":10.0},{"damage":1.0,"enemies":"3 Byrds","floor":18.0,"turns":7.0},{"damage":1.0,"enemies":"Chosen","floor":20.0,"turns":5.0},{"damage":2.0,"enemies":"Sentry and Sphere","floor":22.0,"turns":6.0},{"damage":7.0,"enemies":"Slavers","floor":23.0,"turns":4.0},{"damage":25.0,"enemies":"Chosen and Byrds","floor":25.0,"turns":6.0},{"damage":10.0,"enemies":"Snecko","floor":28.0,"turns":6.0},{"damage":11.0,"enemies":"Book of Stabbing","floor":29.0,"turns":6.0},{"damage":0.0,"enemies":"Gremlin Leader","floor":31.0,"turns":6.0},{"damage":14.0,"enemies":"Collector","floor":33.0,"turns":9.0},{"damage":0.0,"enemies":"3 Darklings","floor":35.0,"turns":4.0},{"damage":5.0,"enemies":"2 Orb Walkers","floor":37.0,"turns":7.0},{"damage":4.0,"enemies":"Orb Walker","floor":39.0,"turns":6.0},{"damage":10.0,"enemies":"Giant Head","floor":40.0,"turns":11.0},{"damage":2.0,"enemies":"Nemesis","floor":42.0,"turns":9.0},{"damage":2.0,"enemies":"Transient","floor":44.0,"turns":6.0},{"damage":1.0,"enemies":"Mind Bloom Boss Battle","floor":45.0,"turns":7.0},{"damage":59.0,"enemies":"Awakened One","floor":50.0,"turns":17.0},{"damage":28,"enemies":"Donu and Deca","floor":51,"turns":8},{"damage":0,"enemies":"Shield and Spear","floor":55,"turns":8},{"damage":11,"enemies":"The Heart","floor":56,"turns":11}],"seed_played":"668821304342285809","potions_obtained":[{"floor":3.0,"key":"LiquidBronze"},{"floor":6.0,"key":"GamblersBrew"},{"floor":7.0,"key":"Energy Potion"},{"floor":10.0,"key":"Strength Potion"},{"floor":14.0,"key":"PowerPotion"},{"floor":28.0,"key":"Fire Potion"},{"floor":31.0,"key":"Regen Potion"},{"floor":33.0,"key":"EntropicBrew"},{"floor":44.0,"key":"Fruit Juice"},{"floor":45.0,"key":"Block Potion"}],"is_trial":false,"path_per_floor":["M","?","M","T","M","M","E","?","T","E","?","M","R","M","R","B",null,"M","?","M","$","M","E","R","M","T","R","M","E","R","E","R","B",null,"M","?","?","?","M","E","R","E","T","M","?","$","R","?","R","B","B",null,"R","$","E","B",null],"character_chosen":"THE_SILENT","items_purchased":["PiercingWail","Fire Potion","GhostInAJar","Footwork+1","Gambling Chip","Acrobatics"],"campfire_rested":2,"item_purchase_floors":[21,21,46,46,54,54],"current_hp_per_floor":[59,59,59,59,59,56,17,17,17,3,5,6,6,8,27,13,53,54,54,57,57,57,54,54,33,33,33,25,18,18,20,42,45,67,71,71,68,68,68,60,60,62,62,64,72,72,72,66,66,27,19,75,75,75,95,91],"gold":38,"neow_bonus":"THREE_ENEMY_KILL","is_prod":false,"is_daily":false,"chose_seed":false,"campfire_upgraded":7,"win_rate":0,"timestamp":1559500779,"path_taken":["M","?","?","?","M","?","E","?","T","E","?","M","R","M","R","BOSS","M","?","M","?","M","E","R","?","T","R","M","E","R","E","R","BOSS","M","?","?","?","M","E","R","E","T","M","?","?","R","?","R","BOSS","BOSS","R","$","E","BOSS"],"build_version":"2019-01-23","purchased_purges":2,"victory":true,"max_hp_per_floor":[66,66,66,66,66,66,66,66,66,66,66,66,66,66,66,66,66,66,66,68,68,68,70,70,72,72,72,72,74,74,74,74,74,74,76,76,76,76,78,78,78,80,80,82,89,89,89,93,93,93,93,93,93,93,95,95],"card_choices":[{"not_picked":["Outmaneuver","Slice"],"picked":"Backstab","floor":1.0},{"not_picked":["Sucker Punch","Infinite Blades"],"picked":"Well Laid Plans","floor":3.0},{"not_picked":["Prepared","Acrobatics"],"picked":"Predator","floor":5.0},{"not_picked":["Flying Knee","Cloak And Dagger"],"picked":"PiercingWail","floor":6.0},{"not_picked":["Accuracy","Flying Knee"],"picked":"Deadly Poison","floor":7.0},{"not_picked":["Riddle With Holes","Backstab"],"picked":"Backflip","floor":10.0},{"not_picked":["Reflex","Deflect"],"picked":"Dagger Spray","floor":11.0},{"not_picked":["Slice","Caltrops"],"picked":"Leg Sweep","floor":12.0},{"not_picked":["Escape Plan","All Out Attack"],"picked":"Noxious Fumes","floor":14.0},{"not_picked":["Tools of the Trade","Burst"],"picked":"Wraith Form v2","floor":16.0},{"not_picked":["Deadly Poison","Sucker Punch"],"picked":"Noxious Fumes+1","floor":18.0},{"not_picked":["Distraction","Prepared","Dodge and Roll"],"picked":"Singing Bowl","floor":20.0},{"not_picked":["Prepared","Infinite Blades"],"picked":"PiercingWail","floor":22.0},{"not_picked":["Masterful Stab","Envenom","Bane"],"picked":"Singing Bowl","floor":23.0},{"not_picked":["Distraction","Cloak And Dagger","Bane"],"picked":"Singing Bowl","floor":25.0},{"not_picked":["Prepared","Reflex"],"picked":"Wraith Form v2","floor":28.0},{"not_picked":["PiercingWail","Dagger Throw","Slice"],"picked":"Singing Bowl","floor":29.0},{"not_picked":["Poisoned Stab","Glass Knife"],"picked":"After Image","floor":31.0},{"not_picked":["Adrenaline","Storm of Steel"],"picked":"After Image+1","floor":33.0},{"not_picked":["Deadly Poison+1","Blade Dance","Expertise"],"picked":"Singing Bowl","floor":35.0},{"not_picked":["Bouncing Flask","Blade Dance"],"picked":"Caltrops+1","floor":37.0},{"not_picked":["Quick Slash+1","Flying Knee","Caltrops+1"],"picked":"Singing Bowl","floor":39.0},{"not_picked":["Deflect","Infinite Blades+1"],"picked":"Crippling Poison+1","floor":40.0},{"not_picked":["Escape Plan","Poisoned Stab","Endless Agony+1"],"picked":"Singing Bowl","floor":42.0},{"not_picked":["Expertise","Poisoned Stab","Underhanded Strike"],"picked":"Singing Bowl","floor":44.0},{"not_picked":["Backflip","Choke+1","Predator+1"],"picked":"Singing Bowl","floor":45.0},{"not_picked":["Enlightenment","Good Instincts","Forethought"],"picked":"Singing Bowl","floor":48.0},{"not_picked":["Madness","Discovery","Purity"],"picked":"Singing Bowl","floor":48.0},{"not_picked":["Jack Of All Trades","Blind"],"picked":"PanicButton","floor":48.0},{"not_picked":["Prepared","A Thousand Cuts+1","Finisher+1"],"picked":"Singing Bowl","floor":55}],"player_experience":1483207,"relics_obtained":[{"floor":4.0,"key":"Singing Bowl"},{"floor":7.0,"key":"Tingsha"},{"floor":9.0,"key":"Blood Vial"},{"floor":10.0,"key":"Ninja Scroll"},{"floor":11.0,"key":"Odd Mushroom"},{"floor":23.0,"key":"Gremlin Horn"},{"floor":29.0,"key":"Art of War"},{"floor":31.0,"key":"Frozen Egg 2"},{"floor":37.0,"key":"Ginger"},{"floor":40.0,"key":"Centennial Puzzle"},{"floor":42.0,"key":"Ancient Tea Set"},{"floor":45.0,"key":"Bird Faced Urn"},{"floor":55,"key":"Incense Burner"}],"event_choices":[{"damage_healed":0.0,"max_hp_gain":0.0,"max_hp_loss":0.0,"gold_gain":0.0,"event_name":"Upgrade Shrine","player_choice":"Upgraded","floor":2.0,"gold_loss":0.0,"damage_taken":0.0,"cards_upgraded":["Backstab"]},{"damage_healed":0.0,"max_hp_gain":0.0,"max_hp_loss":0.0,"gold_gain":0.0,"event_name":"Shining Light","player_choice":"Ignored","floor":8.0,"gold_loss":0.0,"damage_taken":0.0},{"damage_healed":0.0,"max_hp_gain":0.0,"max_hp_loss":0.0,"gold_gain":0.0,"event_name":"Mushrooms","player_choice":"Fought Mushrooms","floor":11.0,"gold_loss":0.0,"damage_taken":0.0},{"damage_healed":0.0,"max_hp_gain":0.0,"max_hp_loss":0.0,"gold_gain":0.0,"cards_transformed":["Strike_G","Strike_G"],"event_name":"Designer","player_choice":"Transformed Cards","floor":19.0,"gold_loss":75.0,"damage_taken":0.0,"cards_obtained":["Deadly Poison","Corpse Explosion"]},{"cards_removed":["Defend_G"],"damage_healed":0.0,"max_hp_gain":0.0,"max_hp_loss":0.0,"gold_gain":0.0,"event_name":"Falling","player_choice":"Removed Skill","floor":36.0,"gold_loss":0.0,"damage_taken":0.0},{"damage_healed":0.0,"max_hp_gain":0.0,"max_hp_loss":0.0,"gold_gain":0.0,"event_name":"Mysterious Sphere","player_choice":"Fight","floor":37.0,"gold_loss":0.0,"damage_taken":0.0},{"damage_healed":0.0,"max_hp_gain":0.0,"max_hp_loss":0.0,"gold_gain":0.0,"event_name":"Tomb of Lord Red Mask","player_choice":"Ignored","floor":38.0,"gold_loss":0.0,"damage_taken":0.0},{"damage_healed":0.0,"max_hp_gain":0.0,"max_hp_loss":0.0,"gold_gain":0.0,"event_name":"MindBloom","player_choice":"Fight","floor":45.0,"gold_loss":0.0,"damage_taken":0.0},{"damage_healed":0.0,"max_hp_gain":0.0,"max_hp_loss":0.0,"gold_gain":0.0,"event_name":"SensoryStone","player_choice":"Memory 3","floor":48.0,"gold_loss":0.0,"damage_taken":10.0}],"is_beta":false,"boss_relics":[{"not_picked":["Fusion Hammer","Eternal Feather"],"picked":"Cursed Key"},{"not_picked":["Calling Bell","Coffee Dripper"],"picked":"Velvet Choker"}],"items_purged_floors":[21,46],"is_endless":false,"potions_floor_spawned":[3,6,7,10,14,28,31,33,37,39,44,45],"ascension_level":20}