{"gold_per_floor":[115,115,115,135,146,174,192,192,237,237,248,258,258,286,286,364,364,374,56,68,68,86,86,86,186,186,186,210,227,227,255,255,255],"floor_reached":33,"playtime":1543,"items_purged":["Strike_R"],"score":550,"play_id":"52787637-4180-436d-90cf-ecd59793b5c1","local_time":"20190518211909","is_ascension_mode":true,"campfire_choices":[{"data":"Bash","floor":8,"key":"SMITH"},{"data":"Immolate","floor":10,"key":"SMITH"},{"data":"Spot Weakness","floor":13,"key":"SMITH"},{"data":"Sword Boomerang","floor":15,"key":"SMITH"},{"floor":23,"key":"REST"},{"floor":27,"key":"REST"},{"floor":30,"key":"RECALL"},{"floor":32,"key":"REST"}],"neow_cost":"TEN_PERCENT_HP_LOSS","seed_source_timestamp":265491347375950,"circlet_count":0,"master_deck":["AscendersBane","Strike_R","Strike_R","Defend_R","Defend_R","Defend_R","Defend_R","Bash+1","Carnage","Immolate+1","Sword Boomerang+1","Brutality","Spot Weakness+1","Feel No Pain","Double Tap","Shrug It Off","Juggernaut","Ghostly","Ghostly","Ghostly","Ghostly Armor","Shame","Flame Barrier+1","Shrug It Off+1","Shrug It Off+1"],"relics":["Burning Blood","Mango","Dodecahedron","Lantern","Anchor","Fusion Hammer","Membership Card","PreservedInsect","Charon\u0027s Ashes","Toxic Egg 2","Singing Bowl","Potion Belt","Blood Vial"],"potions_floor_usage":[16,16,25,31],"damage_taken":[{"damage":9,"enemies":"Small Slimes","floor":1,"turns":5},{"damage":7,"enemies":"Jaw Worm","floor":4,"turns":2},{"damage":1,"enemies":"2 Louse","floor":5,"turns":2},{"damage":17,"enemies":"3 Sentries","floor":6,"turns":6},{"damage":0,"enemies":"2 Fungi Beasts","floor":7,"turns":2},{"damage":9,"enemies":"Looter","floor":11,"turns":3},{"damage":5,"enemies":"Gremlin Gang","floor":12,"turns":2},{"damage":33,"enemies":"Lagavulin","floor":14,"turns":5},{"damage":36,"enemies":"Slime Boss","floor":16,"turns":7},{"damage":27,"enemies":"Chosen","floor":18,"turns":4},{"damage":24,"enemies":"Spheric Guardian","floor":20,"turns":5},{"damage":24,"enemies":"Shelled Parasite and Fungi","floor":22,"turns":6},{"damage":3,"enemies":"Colosseum Slavers","floor":25,"turns":3},{"damage":0,"enemies":"Colosseum Nobs","floor":25,"turns":3},{"damage":0,"enemies":"Centurion and Healer","floor":29,"turns":4},{"damage":24,"enemies":"Gremlin Leader","floor":31,"turns":6},{"damage":48,"enemies":"Champ","floor":33,"turns":11}],"seed_played":"8731213926006978950","potions_obtained":[{"floor":1,"key":"Explosive Potion"},{"floor":7,"key":"Energy Potion"},{"floor":20,"key":"Swift Potion"},{"floor":25,"key":"SteroidPotion"},{"floor":29,"key":"LiquidBronze"},{"floor":31,"key":"FearPotion"}],"is_trial":false,"path_per_floor":["M","?","?","M","M","E","M","R","T","R","M","M","R","E","R","B",null,"M","$","M","?","M","R","?","?","T","R","T","M","R","E","R","B"],"character_chosen":"IRONCLAD","items_purchased":["Membership Card","Shrug It Off","Weak Potion"],"campfire_rested":3,"item_purchase_floors":[19,19,19],"current_hp_per_floor":[79,72,72,71,76,65,71,71,71,71,68,69,69,42,42,12,65,44,44,26,26,8,20,20,29,29,41,41,41,41,23,35,0],"gold":255,"neow_bonus":"ONE_RARE_RELIC","is_prod":false,"is_daily":false,"chose_seed":false,"campfire_upgraded":4,"win_rate":0,"timestamp":1558228749,"path_taken":["M","?","?","M","M","E","M","R","T","R","M","?","R","E","R","BOSS","M","$","M","?","M","R","?","?","T","R","?","?","R","E","R","BOSS"],"build_version":"2019-01-23","purchased_purges":1,"victory":false,"max_hp_per_floor":[82,82,82,82,82,82,82,82,82,82,82,82,82,82,82,82,82,82,82,82,41,41,41,41,41,41,41,41,41,41,41,41,41],"card_choices":[{"not_picked":["Thunderclap","Twin Strike"],"picked":"Carnage","floor":1},{"not_picked":["Sentinel","Wild Strike"],"picked":"Sword Boomerang","floor":4},{"not_picked":["Entrench","Bloodletting","Sword Boomerang"],"picked":"SKIP","floor":5},{"not_picked":["Twin Strike","Pommel Strike"],"picked":"Brutality","floor":6},{"not_picked":["Ghostly Armor","Combust"],"picked":"Spot Weakness","floor":7},{"not_picked":["Body Slam","Havoc"],"picked":"Feel No Pain","floor":11},{"not_picked":["Whirlwind","Anger","Searing Blow"],"picked":"SKIP","floor":12},{"not_picked":["Whirlwind","Anger","Searing Blow"],"picked":"SKIP","floor":12},{"not_picked":["Bludgeon","Entrench","Reckless Charge"],"picked":"SKIP","floor":14},{"not_picked":["Brutality","Berserk"],"picked":"Double Tap","floor":16},{"not_picked":["Headbutt","Second Wind","Body Slam"],"picked":"SKIP","floor":18},{"not_picked":["Wild Strike","Bloodletting+1"],"picked":"Juggernaut","floor":20},{"not_picked":["Cleave","Inflame"],"picked":"Ghostly Armor","floor":22},{"not_picked":["Iron Wave","Pommel Strike"],"picked":"Flame Barrier","floor":25},{"not_picked":["Cleave","Dual Wield+1"],"picked":"Shrug It Off+1","floor":29},{"not_picked":["Iron Wave","Thunderclap+1"],"picked":"Shrug It Off+1","floor":31}],"player_experience":1398852,"relics_obtained":[{"floor":6,"key":"Dodecahedron"},{"floor":9,"key":"Lantern"},{"floor":14,"key":"Anchor"},{"floor":25,"key":"Charon\u0027s Ashes"},{"floor":25,"key":"Toxic Egg 2"},{"floor":26,"key":"Singing Bowl"},{"floor":28,"key":"Potion Belt"},{"floor":31,"key":"Blood Vial"}],"event_choices":[{"cards_removed":["Strike_R"],"damage_healed":0,"gold_gain":0,"player_choice":"Card Removal","damage_taken":7,"max_hp_gain":0,"max_hp_loss":0,"event_name":"Golden Wing","floor":2,"gold_loss":0},{"damage_healed":0,"gold_gain":0,"cards_transformed":["Strike_R"],"player_choice":"Change","damage_taken":0,"max_hp_gain":0,"max_hp_loss":0,"event_name":"Living Wall","floor":3,"gold_loss":0,"cards_obtained":["Immolate"]},{"damage_healed":0,"gold_gain":0,"player_choice":"Became a Ghost","damage_taken":0,"max_hp_gain":0,"max_hp_loss":41,"event_name":"Ghosts","floor":21,"gold_loss":0,"cards_obtained":["Ghostly","Ghostly","Ghostly"]},{"damage_healed":0,"gold_gain":0,"player_choice":"Stole Relic","damage_taken":0,"relics_obtained":["PreservedInsect"],"max_hp_gain":0,"max_hp_loss":0,"event_name":"Addict","floor":24,"gold_loss":0,"cards_obtained":["Shame"]},{"damage_healed":0,"gold_gain":0,"player_choice":"Fight","damage_taken":0,"max_hp_gain":0,"max_hp_loss":0,"event_name":"Colosseum","floor":25,"gold_loss":0},{"damage_healed":0,"gold_gain":0,"player_choice":"Fought Nobs","damage_taken":0,"max_hp_gain":0,"max_hp_loss":0,"event_name":"Colosseum","floor":25,"gold_loss":0}],"is_beta":false,"boss_relics":[{"not_picked":["White Beast Statue","Mark of Pain"],"picked":"Fusion Hammer"}],"items_purged_floors":[19],"is_endless":false,"potions_floor_spawned":[1,7,11,20,25,29,31],"killed_by":"Champ","ascension_level":20}