{"gold_per_floor":[109,109,125,53,68,68,100,100,100,119,119,137,152,152,152,256,256,271,117,136,148,180,180,180,212,238,238,251,268,325,341,341,441,441,451,466,466,486,503,503,534,887,911,921,921,532,551,568,568,568],"floor_reached":50,"playtime":2982,"items_purged":["Strike_B","Defend_B"],"score":621,"play_id":"d48aff93-f39c-4150-83b2-a7c9e7dc3f61","local_time":"20180820203224","is_ascension_mode":true,"campfire_choices":[{"data":"Capacitor","floor":6,"key":"SMITH"},{"floor":11,"key":"REST"},{"floor":15,"key":"REST"},{"floor":24,"key":"REST"},{"floor":27,"key":"REST"},{"floor":32,"key":"REST"},{"floor":40,"key":"REST"},{"floor":45,"key":"REST"},{"floor":49,"key":"REST"}],"neow_cost":"","seed_source_timestamp":405276149159227,"circlet_count":0,"master_deck":["Defend_B","Defend_B","Zap","Dualcast","Ball Lightning","Conserve Battery","Capacitor+1","Conserve Battery","Creative AI+1","Consume","Storm+1","Electrodynamics+1","Recycle+1","Loop+1","Stack+1","Leap+1","Tempest","Coolheaded+1","Redo+1","BootSequence","Glacier","Amplify","Hello World+1","Electrodynamics+1","Ball Lightning+1","Double Energy+1","Reprogram","Steam+1","Darkness+1","Auto Shields","Heatsinks+1","Auto Shields","White Noise"],"relics":["Cracked Core","Frozen Egg 2","Lantern","Thread and Needle","Fusion Hammer","Red Mask","Bottled Tornado","Happy Flower","Tiny Chest","Astrolabe","Sundial","Old Coin","Bag of Preparation","Calipers"],"potions_floor_usage":[],"damage_taken":[{"damage":2,"enemies":"2 Louse","floor":1,"turns":3},{"damage":6,"enemies":"Jaw Worm","floor":3,"turns":4},{"damage":0,"enemies":"Cultist","floor":5,"turns":4},{"damage":38,"enemies":"Gremlin Nob","floor":7,"turns":4},{"damage":6,"enemies":"3 Louse","floor":10,"turns":3},{"damage":18,"enemies":"Exordium Thugs","floor":12,"turns":6},{"damage":9,"enemies":"Large Slime","floor":13,"turns":5},{"damage":31,"enemies":"Slime Boss","floor":16,"turns":8},{"damage":0,"enemies":"3 Byrds","floor":18,"turns":1},{"damage":15,"enemies":"Spheric Guardian","floor":20,"turns":4},{"damage":3,"enemies":"Centurion and Healer","floor":21,"turns":6},{"damage":0,"floor":22,"turns":2},{"damage":41,"enemies":"Slavers","floor":25,"turns":4},{"damage":4,"enemies":"Snake Plant","floor":28,"turns":3},{"damage":6,"enemies":"Snecko","floor":29,"turns":4},{"damage":24,"enemies":"Book of Stabbing","floor":30,"turns":5},{"damage":0,"enemies":"Sentry and Sphere","floor":31,"turns":3},{"damage":26,"enemies":"Collector","floor":33,"turns":9},{"damage":0,"enemies":"Flame Bruiser 1 Orb","floor":35,"turns":3},{"damage":0,"enemies":"3 Shapes","floor":36,"turns":2},{"damage":51,"enemies":"Spire Growth","floor":38,"turns":4},{"damage":0,"enemies":"Sphere and 2 Shapes","floor":39,"turns":3},{"damage":32,"enemies":"Nemesis","floor":41,"turns":7},{"damage":2,"floor":42,"turns":3},{"damage":0,"enemies":"4 Shapes","floor":44,"turns":1},{"damage":12,"enemies":"Transient","floor":47,"turns":5},{"damage":0,"enemies":"Flame Bruiser 2 Orb","floor":48,"turns":3},{"damage":51,"enemies":"Awakened One","floor":50,"turns":8}],"seed_played":"-6030965117637431315","potions_obtained":[{"floor":3,"key":"SmokeBomb"},{"floor":5,"key":"FocusPotion"},{"floor":7,"key":"Dexterity Potion"}],"is_trial":false,"path_per_floor":["M","?","M","$","M","R","E","?","T","M","R","M","M","?","R","B",null,"M","$","M","M","?","?","R","E","T","R","M","M","E","M","R","B",null,"M","M","?","M","M","R","E","?","T","M","R","$","M","M","R"],"character_chosen":"DEFECT","items_purchased":["Capacitor","Loop+1","Calipers"],"campfire_rested":8,"item_purchase_floors":[4,19,46],"current_hp_per_floor":[73,73,67,67,67,67,29,26,26,20,42,24,15,40,62,31,75,75,75,60,57,57,57,75,34,34,56,52,46,22,22,44,18,75,75,75,75,24,24,46,14,12,12,12,34,34,22,22,44,0],"gold":568,"neow_bonus":"","is_prod":false,"is_daily":false,"chose_seed":false,"campfire_upgraded":1,"win_rate":0,"timestamp":1534811544,"path_taken":["M","?","M","$","M","R","E","?","T","M","R","M","M","?","R","BOSS","M","$","M","M","?","?","R","E","T","R","M","M","E","?","R","BOSS","M","M","?","M","M","R","E","?","T","M","R","$","M","M","R","BOSS"],"build_version":"2018-08-16","purchased_purges":2,"victory":false,"max_hp_per_floor":[75,75,75,75,75,75,75,75,75,75,75,75,75,75,75,75,75,75,75,75,75,75,75,75,75,75,75,75,75,75,75,75,75,75,75,75,75,75,75,75,75,75,75,75,75,75,75,75,75,75],"card_choices":[{"not_picked":["Steam","Cold Snap"],"picked":"Ball Lightning","floor":1},{"not_picked":["Ball Lightning","Hello World"],"picked":"Conserve Battery","floor":3},{"not_picked":["Ball Lightning","Beam Cell"],"picked":"Conserve Battery","floor":5},{"not_picked":["Fusion","Streamline"],"picked":"Creative AI","floor":7},{"not_picked":["Sweeping Beam","Ball Lightning"],"picked":"Consume","floor":10},{"not_picked":["Streamline","Lockon","Scrape"],"picked":"SKIP","floor":12},{"not_picked":["Redo","Gash"],"picked":"Storm+1","floor":13},{"not_picked":["Meteor Strike","Rainbow"],"picked":"Electrodynamics+1","floor":16},{"not_picked":["Force Field","Genetic Algorithm"],"picked":"Recycle+1","floor":18},{"not_picked":["Compile Driver+1","Cold Snap+1"],"picked":"Stack+1","floor":20},{"not_picked":["Sweeping Beam+1","Steam"],"picked":"Leap+1","floor":21},{"not_picked":["Sweeping Beam","Compile Driver"],"picked":"Tempest","floor":22},{"not_picked":["Redo","Melter"],"picked":"Coolheaded+1","floor":25},{"not_picked":["Melter","Rebound"],"picked":"Redo+1","floor":28},{"not_picked":["Coolheaded+1","Rebound"],"picked":"BootSequence","floor":29},{"not_picked":["Tempest","Stack"],"picked":"Glacier","floor":30},{"not_picked":["Coolheaded+1","Stack","Multi-Cast"],"picked":"SKIP","floor":31},{"not_picked":["Creative AI+1","Reboot"],"picked":"Amplify","floor":33},{"not_picked":["Go for the Eyes","Cold Snap+1","Barrage"],"picked":"SKIP","floor":35},{"not_picked":["Go for the Eyes","Compile Driver+1"],"picked":"Double Energy+1","floor":36},{"not_picked":["Stack+1","Cold Snap"],"picked":"Reprogram","floor":38},{"not_picked":["Coolheaded","Sweeping Beam"],"picked":"Steam+1","floor":39},{"not_picked":["Reinforced Body","Steam"],"picked":"Darkness+1","floor":41},{"not_picked":["FTL+1","Go for the Eyes"],"picked":"Auto Shields","floor":42},{"not_picked":["Stack","Go for the Eyes"],"picked":"Heatsinks+1","floor":44},{"not_picked":["Undo+1","Turbo"],"picked":"Auto Shields","floor":47},{"not_picked":["Sunder","Sweeping Beam+1"],"picked":"White Noise","floor":48}],"player_experience":91282,"relics_obtained":[{"floor":7,"key":"Frozen Egg 2"},{"floor":9,"key":"Thread and Needle"},{"floor":22,"key":"Red Mask"},{"floor":25,"key":"Bottled Tornado"},{"floor":26,"key":"Happy Flower"},{"floor":30,"key":"Tiny Chest"},{"floor":41,"key":"Sundial"},{"floor":42,"key":"Old Coin"},{"floor":43,"key":"Bag of Preparation"}],"event_choices":[{"event_name":"Liars Game","player_choice":"disagreed","floor":2,"damage_taken":0},{"event_name":"Scrap Ooze","player_choice":"success","floor":8,"damage_taken":3},{"event_name":"Big Fish","player_choice":"Banana","floor":14,"damage_taken":0},{"event_name":"Masked Bandits","player_choice":"Fought Bandits","floor":22,"damage_taken":0},{"event_name":"Drug Dealer","player_choice":"Ignored","floor":23,"damage_taken":0},{"event_name":"Falling","player_choice":"Removed Skill","floor":37,"damage_taken":0},{"event_name":"Mysterious Sphere","player_choice":"Fight","floor":42,"damage_taken":0}],"is_beta":false,"boss_relics":[{"not_picked":["Empty Cage","Calling Bell"],"picked":"Fusion Hammer"},{"not_picked":["Sozu","Orrery"],"picked":"Astrolabe"}],"items_purged_floors":[19,46],"is_endless":false,"potions_floor_spawned":[3,5,7,20,22,29,33,36,39,47],"killed_by":"Awakened One","ascension_level":3}