{"gold_per_floor":[109,109,127,142,152,152,180,180,207,222,233,233,251,264,264,364,364,364],"floor_reached":18,"playtime":642,"items_purged":[],"score":224,"play_id":"bc88a965-19eb-4f73-b53f-efd21b45be34","local_time":"20180826031425","is_ascension_mode":true,"campfire_choices":[{"data":"Spot Weakness","floor":6,"key":"SMITH"},{"data":"Twin Strike","floor":8,"key":"SMITH"},{"floor":12,"key":"REST"},{"data":"Intimidate","floor":15,"key":"SMITH"}],"neow_cost":"NONE","seed_source_timestamp":863786268813527,"circlet_count":0,"master_deck":["Bash+1","Twin Strike+1","Spot Weakness+1","Anger","Intimidate+1","Double Tap","Power Through","Thunderclap","Heavy Blade","Intimidate","Intimidate","Armaments","Corruption","Wild Strike","Body Slam"],"relics":["Burning Blood","Blood Vial","Centennial Puzzle","Vajra","Pandora\u0027s Box"],"potions_floor_usage":[],"damage_taken":[{"damage":9,"enemies":"Small Slimes","floor":1,"turns":5},{"damage":6,"enemies":"2 Louse","floor":3,"turns":3},{"damage":7,"enemies":"Jaw Worm","floor":4,"turns":3},{"damage":15,"enemies":"3 Louse","floor":5,"turns":6},{"damage":35,"enemies":"3 Sentries","floor":7,"turns":8},{"damage":9,"enemies":"Red Slaver","floor":10,"turns":2},{"damage":4,"enemies":"2 Fungi Beasts","floor":11,"turns":2},{"damage":9,"enemies":"3 Louse","floor":13,"turns":2},{"damage":2,"enemies":"Looter","floor":14,"turns":3},{"damage":24,"enemies":"Hexaghost","floor":16,"turns":7},{"damage":0,"enemies":"Chosen","floor":18,"turns":1}],"seed_played":"-8267874442389560509","potions_obtained":[{"floor":4,"key":"Ancient Potion"},{"floor":5,"key":"Ancient Potion"},{"floor":7,"key":"Block Potion"}],"is_trial":false,"path_per_floor":["M","?","M","M","M","R","E","R","T","M","M","R","M","M","R","B",null],"character_chosen":"IRONCLAD","items_purchased":[],"campfire_rested":1,"item_purchase_floors":[],"current_hp_per_floor":[71,55,57,58,51,51,24,24,24,23,27,51,50,56,56,40,70,72],"gold":364,"neow_bonus":"RANDOM_COMMON_RELIC","is_prod":false,"is_daily":false,"chose_seed":false,"campfire_upgraded":3,"win_rate":0,"timestamp":1535267665,"path_taken":["M","?","M","M","M","R","E","R","T","M","M","R","M","M","R","BOSS","M"],"build_version":"2018-08-23v2","purchased_purges":0,"victory":false,"max_hp_per_floor":[80,80,80,80,80,80,80,80,80,80,80,80,80,80,80,80,80,80],"card_choices":[{"not_picked":["Fire Breathing","Rage"],"picked":"Twin Strike","floor":1},{"not_picked":["Heavy Blade","Hemokinesis","Body Slam"],"picked":"SKIP","floor":3},{"not_picked":["Twin Strike","Shrug It Off"],"picked":"Spot Weakness","floor":4},{"not_picked":["Feel No Pain","Havoc","Twin Strike"],"picked":"SKIP","floor":5},{"not_picked":["Thunderclap","Body Slam"],"picked":"Anger","floor":7},{"not_picked":["Sentinel","Heavy Blade","Twin Strike"],"picked":"SKIP","floor":10},{"not_picked":["Sentinel","Hemokinesis","Wild Strike"],"picked":"SKIP","floor":11},{"not_picked":["Clash","Barricade","Anger"],"picked":"SKIP","floor":13},{"not_picked":["Headbutt","Heavy Blade"],"picked":"Intimidate","floor":14},{"not_picked":["Berserk","Brutality"],"picked":"Double Tap","floor":16}],"player_experience":266512,"relics_obtained":[{"floor":7,"key":"Centennial Puzzle"},{"floor":9,"key":"Vajra"}],"event_choices":[{"event_name":"Shining Light","player_choice":"Entered Light","floor":2,"damage_taken":0}],"is_beta":false,"boss_relics":[{"not_picked":["Tiny House","Orrery"],"picked":"Pandora\u0027s Box"}],"items_purged_floors":[],"is_endless":false,"potions_floor_spawned":[4,5,7,13],"killed_by":"Chosen","ascension_level":7}