{"gold_per_floor":[116,116,116,136,136,136,168,168,191,207,234,251,251,271,271,271],"floor_reached":16,"playtime":463,"items_purged":[],"score":270,"play_id":"258ea7ca-95d4-4758-ada9-1f6298d8549d","local_time":"20190705135850","is_ascension_mode":true,"campfire_choices":[{"data":"Flechettes","floor":6.0,"key":"SMITH"},{"data":"Noxious Fumes","floor":8.0,"key":"SMITH"},{"data":"Well Laid Plans","floor":13.0,"key":"SMITH"},{"floor":15,"key":"REST"}],"neow_cost":"NONE","seed_source_timestamp":342977513219901,"circlet_count":0,"master_deck":["AscendersBane","Strike_G","Strike_G","Strike_G","Strike_G","Strike_G","Defend_G","Defend_G","Defend_G+1","Defend_G","Defend_G","Survivor+1","Neutralize+1","Flying Knee","Flechettes+1","Noxious Fumes+1","Malaise","Bane","Well Laid Plans+1","Catalyst","Backstab"],"special_seed":0,"relics":["Ring of the Snake","NeowsBlessing","War Paint","Dream Catcher","Omamori","Bag of Preparation"],"potions_floor_usage":[],"damage_taken":[{"damage":0.0,"enemies":"Small Slimes","floor":1.0,"turns":1.0},{"damage":0.0,"enemies":"Jaw Worm","floor":4.0,"turns":1.0},{"damage":0.0,"enemies":"3 Sentries","floor":7.0,"turns":1.0},{"damage":1.0,"enemies":"2 Louse","floor":10.0,"turns":4.0},{"damage":37.0,"enemies":"Gremlin Nob","floor":11.0,"turns":5.0},{"damage":1.0,"enemies":"Red Slaver","floor":12.0,"turns":3.0},{"damage":5,"enemies":"3 Louse","floor":14,"turns":3},{"damage":42,"enemies":"Slime Boss","floor":16,"turns":9}],"seed_played":"2369716817366436218","potions_obtained":[{"floor":7.0,"key":"Fire Potion"},{"floor":10.0,"key":"FearPotion"}],"is_trial":false,"path_per_floor":["M","?","?","M","?","R","E","R","T","M","E","M","R","M","R","B"],"character_chosen":"THE_SILENT","items_purchased":[],"campfire_rested":1,"item_purchase_floors":[],"current_hp_per_floor":[59,54,54,54,59,59,59,59,59,58,21,20,20,15,36,0],"gold":271,"neow_bonus":"THREE_ENEMY_KILL","is_prod":false,"is_daily":false,"chose_seed":false,"campfire_upgraded":3,"win_rate":0,"timestamp":1562349530,"path_taken":["M","?","?","M","?","R","E","R","T","M","E","M","R","?","R","BOSS"],"build_version":"2019-07-01","purchased_purges":0,"victory":false,"max_hp_per_floor":[66,66,66,66,71,71,71,71,71,71,71,71,71,71,71,71],"card_choices":[{"not_picked":["Concentrate","Dagger Throw"],"picked":"Flying Knee","floor":1.0},{"not_picked":["Sucker Punch","Underhanded Strike"],"picked":"Flechettes","floor":4.0},{"not_picked":["Flying Knee","Cloak And Dagger"],"picked":"Noxious Fumes","floor":7.0},{"not_picked":["Setup","Accuracy"],"picked":"Malaise","floor":10.0},{"not_picked":["Dagger Throw","Cloak And Dagger"],"picked":"Bane","floor":11.0},{"not_picked":["PiercingWail","Blade Dance"],"picked":"Well Laid Plans","floor":12.0},{"not_picked":["Acrobatics","Poisoned Stab"],"picked":"Catalyst","floor":14},{"not_picked":["Cloak And Dagger","Underhanded Strike"],"picked":"Backstab","floor":15}],"player_experience":1573562,"relics_obtained":[{"floor":7.0,"key":"Dream Catcher"},{"floor":9.0,"key":"Omamori"},{"floor":11.0,"key":"Bag of Preparation"}],"event_choices":[{"damage_healed":0.0,"max_hp_gain":0.0,"max_hp_loss":0.0,"gold_gain":0.0,"event_name":"Scrap Ooze","player_choice":"Success","floor":2.0,"gold_loss":0.0,"damage_taken":5.0,"relics_obtained":["War Paint"]},{"damage_healed":0.0,"max_hp_gain":0.0,"max_hp_loss":0.0,"gold_gain":0.0,"event_name":"Living Wall","player_choice":"Grow","floor":3.0,"gold_loss":0.0,"damage_taken":0.0,"cards_upgraded":["Neutralize"]},{"damage_healed":0.0,"max_hp_gain":5.0,"max_hp_loss":0.0,"gold_gain":0.0,"event_name":"Big Fish","player_choice":"Donut","floor":5.0,"gold_loss":0.0,"damage_taken":0.0}],"is_beta":false,"boss_relics":[],"items_purged_floors":[],"is_endless":false,"potions_floor_spawned":[7,10],"killed_by":"Slime Boss","ascension_level":20}