{"gold_per_floor":[113,38,38,58,133,133,146,146,146,146,146,161,195,195,195,195],"floor_reached":16,"playtime":339,"items_purged":["Strike_R"],"score":98,"play_id":"99f3b36b-9bfb-4f3f-8930-9d2aaf9c4fbe","local_time":"20180921201003","is_ascension_mode":false,"campfire_choices":[{"data":"Shrug It Off","floor":6,"key":"SMITH"},{"data":"Twin Strike","floor":8,"key":"SMITH"},{"data":"Bash","floor":11,"key":"SMITH"},{"floor":15,"key":"REST"}],"neow_cost":"","seed_source_timestamp":0,"circlet_count":0,"master_deck":["Strike_R","Strike_R","Strike_R","Strike_R","Defend_R","Defend_R","Defend_R","Bash+1","Shrug It Off+1","Twin Strike+1","Shrug It Off","Spot Weakness"],"relics":["Burning Blood","Blue Candle","Question Card","Anchor","Golden Idol"],"potions_floor_usage":[16,16],"damage_taken":[{"damage":5,"enemies":"Small Slimes","floor":1,"turns":4},{"damage":2,"enemies":"Cultist","floor":4,"turns":4},{"damage":1,"enemies":"Jaw Worm","floor":7,"turns":3},{"damage":8,"enemies":"Blue Slaver","floor":12,"turns":3},{"damage":35,"enemies":"Lagavulin","floor":13,"turns":6},{"damage":55,"enemies":"Slime Boss","floor":16,"turns":7}],"seed_played":"-2338496478402572586","potions_obtained":[{"floor":12,"key":"Fire Potion"},{"floor":13,"key":"FearPotion"}],"is_trial":true,"path_per_floor":["M","$","?","M","?","R","M","R","T","T","R","M","E","?","R"],"character_chosen":"IRONCLAD","items_purchased":[],"campfire_rested":1,"item_purchase_floors":[],"current_hp_per_floor":[80,80,80,80,72,72,77,77,77,77,77,75,46,26,50,0],"gold":195,"neow_bonus":"","is_prod":false,"is_daily":false,"chose_seed":false,"campfire_upgraded":3,"win_rate":0,"timestamp":1537575003,"path_taken":["M","$","?","M","?","R","M","R","T","?","R","?","E","?","R","BOSS"],"build_version":"2018-09-20","purchased_purges":1,"victory":false,"max_hp_per_floor":[80,80,80,80,80,80,80,80,80,80,80,80,80,80,80,80],"card_choices":[{"not_picked":["Havoc","Thunderclap"],"picked":"Shrug It Off","floor":1},{"not_picked":["Havoc","Hemokinesis"],"picked":"Twin Strike","floor":4},{"not_picked":["Dual Wield","Wild Strike","Sword Boomerang"],"picked":"SKIP","floor":7},{"not_picked":["Intimidate","Reckless Charge","Brutality"],"picked":"Shrug It Off","floor":12},{"not_picked":["Heavy Blade","Uppercut","Dual Wield"],"picked":"Spot Weakness","floor":13}],"player_experience":513890,"relics_obtained":[{"floor":9,"key":"Blue Candle"},{"floor":10,"key":"Question Card"},{"floor":13,"key":"Anchor"}],"event_choices":[{"event_name":"Purifier","player_choice":"One Purge","floor":3,"damage_taken":0},{"event_name":"FaceTrader","player_choice":"Touch","floor":5,"damage_taken":0},{"event_name":"Golden Idol","player_choice":"Take Damage","floor":14,"damage_taken":0}],"is_beta":false,"boss_relics":[],"items_purged_floors":[2],"is_endless":true,"potions_floor_spawned":[12,13],"killed_by":"Slime Boss","ascension_level":0}