{"gold_per_floor":[115,131,144,144,154,154,154,181,254,279,291,291,86,117,117,190,190,202,202,202,222,222,249,249,174,174,206,206,220,220,230,230,301,301,317,329,57,57,76,76,107,157,184,197,197,297,297,297,297,297,297,297,297,23,50,50],"floor_reached":56,"playtime":4022,"items_purged":["Strike_B"],"score":1987,"play_id":"2838d71f-3d64-4d32-8c1b-a10f5f98791b","local_time":"20190314010559","is_ascension_mode":true,"campfire_choices":[{"data":"Zap","floor":6.0,"key":"SMITH"},{"data":"Fusion","floor":12.0,"key":"SMITH"},{"data":"Darkness","floor":15.0,"key":"SMITH"},{"data":"Defragment","floor":24.0,"key":"SMITH"},{"data":"Coolheaded","floor":28.0,"key":"SMITH"},{"floor":32.0,"key":"REST"},{"data":"Coolheaded","floor":40.0,"key":"SMITH"},{"floor":47.0,"key":"RECALL"},{"floor":49.0,"key":"REST"},{"floor":53.0,"key":"REST"}],"neow_cost":"TEN_PERCENT_HP_LOSS","seed_source_timestamp":442676733250713,"circlet_count":0,"master_deck":["AscendersBane","Zap+1","Dualcast","Reinforced Body","Cold Snap","Chill","Glacier+1","Sweeping Beam+1","Fusion+1","Core Surge+1","Conserve Battery","Darkness+1","Electrodynamics","Redo","Reinforced Body","Defragment+1","Coolheaded+1","Self Repair","Loop","Reboot","Blizzard+1","FTL+1","Chaos+1","Loop+1","Coolheaded+1","Skim+1","Biased Cognition","Coolheaded","Coolheaded","Loop","Core Surge"],"special_seed":0,"relics":["Cracked Core","StoneCalendar","Turnip","DataDisk","Cables","Vajra","Regal Pillow","Sozu","Juzu Bracelet","Sundial","Darkstone Periapt","Astrolabe","Matryoshka","Potion Belt","Dead Branch","Whetstone","Prayer Wheel","War Paint","Bottled Flame"],"potions_floor_usage":[],"damage_taken":[{"damage":1.0,"enemies":"Cultist","floor":1.0,"turns":4.0},{"damage":4.0,"enemies":"Jaw Worm","floor":2.0,"turns":5.0},{"damage":0.0,"enemies":"2 Louse","floor":3.0,"turns":2.0},{"damage":4.0,"enemies":"Blue Slaver","floor":5.0,"turns":4.0},{"damage":5.0,"enemies":"3 Sentries","floor":8.0,"turns":7.0},{"damage":0.0,"enemies":"Lagavulin","floor":10.0,"turns":7.0},{"damage":0.0,"enemies":"3 Louse","floor":11.0,"turns":2.0},{"damage":0.0,"enemies":"3 Sentries","floor":14.0,"turns":7.0},{"damage":5.0,"enemies":"The Guardian","floor":16.0,"turns":8.0},{"damage":7.0,"enemies":"Shell Parasite","floor":18.0,"turns":5.0},{"damage":1.0,"enemies":"Spheric Guardian","floor":21.0,"turns":4.0},{"damage":20.0,"enemies":"Slavers","floor":23.0,"turns":5.0},{"damage":4.0,"enemies":"Book of Stabbing","floor":27.0,"turns":5.0},{"damage":0.0,"enemies":"Snake Plant","floor":29.0,"turns":4.0},{"damage":0.0,"enemies":"Shelled Parasite and Fungi","floor":31.0,"turns":7.0},{"damage":12.0,"enemies":"Collector","floor":33.0,"turns":8.0},{"damage":7.0,"enemies":"3 Shapes","floor":35.0,"turns":4.0},{"damage":20.0,"enemies":"3 Darklings","floor":36.0,"turns":5.0},{"damage":15.0,"enemies":"Transient","floor":39.0,"turns":6.0},{"damage":0.0,"enemies":"Nemesis","floor":41.0,"turns":8.0},{"damage":47.0,"enemies":"2 Orb Walkers","floor":42.0,"turns":5.0},{"damage":0.0,"enemies":"Maw","floor":44.0,"turns":6.0},{"damage":0.0,"enemies":"Mind Bloom Boss Battle","floor":46.0,"turns":4.0},{"damage":21.0,"enemies":"Awakened One","floor":50.0,"turns":13.0},{"damage":11.0,"enemies":"Donu and Deca","floor":51.0,"turns":14.0},{"damage":33,"enemies":"Shield and Spear","floor":55,"turns":12},{"damage":40,"enemies":"The Heart","floor":56,"turns":2}],"seed_played":"7276345831065041129","potions_obtained":[{"floor":1.0,"key":"Dexterity Potion"},{"floor":8.0,"key":"Explosive Potion"},{"floor":10.0,"key":"SteroidPotion"},{"floor":14.0,"key":"GamblersBrew"},{"floor":16.0,"key":"Energy Potion"}],"is_trial":false,"path_per_floor":["M","M","M","?","M","R","?","E","T","E","M","R","$","E","R","B",null,"M","?","?","M","?","E","R","?","T","E","R","M","?","M","R","B",null,"M","M","$","?","M","R","E","?","T","M","?","?","R","?","R","B","B",null,"R","$","E","B"],"character_chosen":"DEFECT","items_purchased":["Core Surge","Conserve Battery","Matryoshka","Coolheaded","War Paint","Loop"],"campfire_rested":3,"item_purchase_floors":[13,13,37,54,54,54],"current_hp_per_floor":[63,59,59,48,44,44,49,44,44,44,44,44,44,44,44,39,62,55,55,55,54,54,34,34,34,34,30,30,30,30,37,69,64,68,68,55,55,55,47,47,54,14,14,21,21,21,21,21,55,41,37,59,66,66,33,0],"gold":50,"neow_bonus":"ONE_RARE_RELIC","is_prod":false,"is_daily":false,"chose_seed":false,"campfire_upgraded":6,"win_rate":0,"timestamp":1552539959,"path_taken":["M","M","?","?","M","R","?","E","T","E","M","R","$","E","R","BOSS","M","?","?","M","?","E","R","?","T","E","R","M","?","M","R","BOSS","M","M","$","?","M","R","E","?","T","M","?","?","R","?","R","BOSS","BOSS","R","$","E","BOSS"],"build_version":"2019-01-23","purchased_purges":1,"victory":false,"max_hp_per_floor":[64,64,64,64,64,64,69,69,69,69,69,69,69,69,69,69,69,69,69,69,69,69,69,69,69,69,69,69,69,69,69,69,69,69,69,69,69,69,69,69,69,69,69,69,69,69,69,66,66,66,66,66,66,66,66,66],"card_choices":[{"not_picked":["Storm","Turbo"],"picked":"Reinforced Body","floor":1.0},{"not_picked":["Turbo","Double Energy"],"picked":"Cold Snap","floor":2.0},{"not_picked":["Rebound","Steam Power"],"picked":"Chill","floor":3.0},{"not_picked":["Beam Cell","Streamline"],"picked":"Cold Snap","floor":5.0},{"not_picked":["Stack","Melter"],"picked":"Glacier","floor":8.0},{"not_picked":["Redo","Steam"],"picked":"Sweeping Beam","floor":10.0},{"not_picked":["Compile Driver","Gash"],"picked":"Fusion","floor":11.0},{"not_picked":["Conserve Battery","Cold Snap"],"picked":"Darkness","floor":14.0},{"not_picked":["Reboot","Buffer"],"picked":"Electrodynamics","floor":16.0},{"not_picked":["Double Energy","Streamline+1","Redo+1"],"picked":"SKIP","floor":18.0},{"not_picked":["Skim","Stack"],"picked":"Defragment","floor":21.0},{"not_picked":["Stack","Turbo","Compile Driver"],"picked":"SKIP","floor":23.0},{"not_picked":["Cold Snap","Reboot"],"picked":"Coolheaded","floor":27.0},{"not_picked":["Ball Lightning","Beam Cell","Compile Driver"],"picked":"SKIP","floor":29.0},{"not_picked":["Streamline","Beam Cell"],"picked":"Loop","floor":31.0},{"not_picked":["Thunder Strike","Electrodynamics"],"picked":"Reboot","floor":33.0},{"not_picked":["Gash","Double Energy","Chill"],"picked":"SKIP","floor":35.0},{"not_picked":["Auto Shields+1","Go for the Eyes+1"],"picked":"Loop+1","floor":36.0},{"not_picked":["Rebound","Chaos"],"picked":"Coolheaded","floor":39.0},{"not_picked":["Compile Driver","Turbo"],"picked":"Skim","floor":41.0},{"not_picked":["Steam Power","Blizzard"],"picked":"Biased Cognition","floor":44.0},{"not_picked":["Fusion+1","Redo"],"picked":"Coolheaded","floor":46.0},{"not_picked":["Streamline","Compile Driver+1"],"picked":"Core Surge","floor":55}],"player_experience":859081,"relics_obtained":[{"floor":8.0,"key":"DataDisk"},{"floor":9.0,"key":"Cables"},{"floor":10.0,"key":"Vajra"},{"floor":14.0,"key":"Regal Pillow"},{"floor":23.0,"key":"Juzu Bracelet"},{"floor":26.0,"key":"Sundial"},{"floor":27.0,"key":"Darkstone Periapt"},{"floor":41.0,"key":"Potion Belt"},{"floor":42.0,"key":"Dead Branch"},{"floor":43.0,"key":"Whetstone"},{"floor":46.0,"key":"Prayer Wheel"},{"floor":55,"key":"Bottled Flame"}],"event_choices":[{"damage_healed":0.0,"max_hp_gain":0.0,"max_hp_loss":0.0,"gold_gain":0.0,"event_name":"Scrap Ooze","player_choice":"Success","floor":4.0,"gold_loss":0.0,"damage_taken":11.0,"relics_obtained":["Turnip"]},{"damage_healed":0.0,"max_hp_gain":5.0,"max_hp_loss":0.0,"gold_gain":0.0,"event_name":"Big Fish","player_choice":"Donut","floor":7.0,"gold_loss":0.0,"damage_taken":0.0},{"cards_removed":["Strike_B"],"damage_healed":0.0,"max_hp_gain":0.0,"max_hp_loss":0.0,"gold_gain":0.0,"event_name":"Back to Basics","player_choice":"Elegance","floor":19.0,"gold_loss":0.0,"damage_taken":0.0},{"damage_healed":0.0,"max_hp_gain":0.0,"max_hp_loss":0.0,"gold_gain":0.0,"cards_transformed":["Strike_B","Strike_B"],"event_name":"Drug Dealer","player_choice":"Became Test Subject","floor":20.0,"gold_loss":0.0,"damage_taken":0.0,"cards_obtained":["Redo","Reinforced Body"]},{"damage_healed":0.0,"max_hp_gain":0.0,"max_hp_loss":0.0,"gold_gain":0.0,"event_name":"The Mausoleum","player_choice":"Ignored","floor":22.0,"gold_loss":0.0,"damage_taken":0.0},{"cards_removed":["Defend_B"],"damage_healed":0.0,"max_hp_gain":0.0,"max_hp_loss":0.0,"gold_gain":0.0,"event_name":"Beggar","player_choice":"Gave Gold","floor":25.0,"gold_loss":75.0,"damage_taken":0.0},{"damage_healed":0.0,"max_hp_gain":0.0,"max_hp_loss":0.0,"gold_gain":0.0,"event_name":"The Library","player_choice":"Read","floor":30.0,"gold_loss":0.0,"damage_taken":0.0,"cards_obtained":["Self Repair"]},{"cards_removed":["Cold Snap"],"damage_healed":0.0,"max_hp_gain":0.0,"max_hp_loss":0.0,"gold_gain":0.0,"event_name":"Falling","player_choice":"Removed Attack","floor":38.0,"gold_loss":0.0,"damage_taken":0.0},{"damage_healed":0.0,"max_hp_gain":0.0,"max_hp_loss":0.0,"gold_gain":0.0,"event_name":"Mysterious Sphere","player_choice":"Fight","floor":42.0,"gold_loss":0.0,"damage_taken":0.0},{"damage_healed":0.0,"max_hp_gain":0.0,"max_hp_loss":0.0,"gold_gain":0.0,"event_name":"Lab","player_choice":"Got Potions","floor":45.0,"gold_loss":0.0,"damage_taken":0.0},{"damage_healed":0.0,"max_hp_gain":0.0,"max_hp_loss":0.0,"gold_gain":0.0,"event_name":"MindBloom","player_choice":"Fight","floor":46.0,"gold_loss":0.0,"damage_taken":0.0},{"damage_healed":0.0,"max_hp_gain":0.0,"max_hp_loss":3.0,"gold_gain":0.0,"event_name":"Winding Halls","player_choice":"Max HP","floor":48.0,"gold_loss":0.0,"damage_taken":0.0}],"is_beta":false,"boss_relics":[{"not_picked":["Orrery","Black Star"],"picked":"Sozu"},{"not_picked":["Busted Crown","Runic Dome"],"picked":"Astrolabe"}],"items_purged_floors":[13],"is_endless":false,"potions_floor_spawned":[1,8,10,14,16,18,27,29,35,46,55],"killed_by":"The Heart","ascension_level":20}