{"gold_per_floor":[114,164,164,89,14,14,47,47,47,81,101,121,121,82,82,159,159,159,159,159,159,159,159,159,159,159,159,159,159,159,159,159,159,159,159,159,159,61,61,61,61,61,61,61,61,61,61,61,61,61],"floor_reached":51,"playtime":3593,"items_purged":["Defend_R"],"score":1586,"play_id":"76454a4a-8c67-4796-a946-803f29b89bb9","local_time":"20181026224121","is_ascension_mode":true,"campfire_choices":[{"data":"Intimidate","floor":6,"key":"SMITH"},{"data":"True Grit","floor":13,"key":"SMITH"},{"data":"True Grit","floor":15,"key":"SMITH"},{"data":"Infernal Blade","floor":23,"key":"SMITH"},{"data":"Disarm","floor":25,"key":"SMITH"},{"data":"Immolate","floor":27,"key":"SMITH"},{"data":"Offering","floor":29,"key":"SMITH"},{"data":"Feed","floor":32,"key":"SMITH"},{"floor":40,"key":"REST"},{"floor":47,"key":"REST"},{"floor":49,"key":"REST"}],"neow_cost":"NONE","seed_source_timestamp":107477030279105,"circlet_count":0,"master_deck":["Strike_R","Strike_R","Defend_R","Defend_R+1","Defend_R+1","Bash","AscendersBane","Battle Trance","Intimidate+1","Clothesline","True Grit+1","Infernal Blade+1","True Grit+1","Intimidate","Immolate+1","True Grit+1","Offering+1","Pummel","Disarm+1","Second Wind+1","Feed+1","Warcry+1","Impervious+1","Burning Pact+1","Madness+1","Madness+1","Madness+1","Havoc+1","Intimidate+1","Havoc+1","Havoc+1","Disarm+1","Evolve"],"relics":["Burning Blood","NeowsBlessing","Dead Branch","Question Card","Matryoshka","Anchor","Ectoplasm","Centennial Puzzle","Toxic Egg 2","Strawberry","Mummified Hand","War Paint","Fusion Hammer","Letter Opener","Potion Belt","Dream Catcher","Blue Candle"],"potions_floor_usage":[24,30,30,33,35,41,50,50],"damage_taken":[{"damage":0,"enemies":"Jaw Worm","floor":1,"turns":1},{"damage":0,"enemies":"3 Sentries","floor":7,"turns":2},{"damage":0,"enemies":"Gremlin Nob","floor":10,"turns":1},{"damage":0,"enemies":"Cultist","floor":11,"turns":4},{"damage":0,"enemies":"Small Slimes","floor":12,"turns":3},{"damage":65,"enemies":"Slime Boss","floor":16,"turns":11},{"damage":0,"enemies":"3 Byrds","floor":18,"turns":4},{"damage":4,"enemies":"Shell Parasite","floor":19,"turns":4},{"damage":8,"enemies":"Centurion and Healer","floor":21,"turns":10},{"damage":8,"enemies":"Colosseum Slavers","floor":22,"turns":5},{"damage":9,"enemies":"Book of Stabbing","floor":24,"turns":5},{"damage":6,"enemies":"Gremlin Leader","floor":28,"turns":4},{"damage":5,"enemies":"Slavers","floor":30,"turns":3},{"damage":9,"enemies":"Shelled Parasite and Fungi","floor":31,"turns":3},{"damage":15,"enemies":"Automaton","floor":33,"turns":5},{"damage":0,"enemies":"3 Darklings","floor":35,"turns":2},{"damage":6,"enemies":"Orb Walker","floor":39,"turns":1},{"damage":11,"enemies":"Reptomancer","floor":41,"turns":3},{"damage":6,"enemies":"Maw","floor":42,"turns":7},{"damage":9,"enemies":"Writhing Mass","floor":45,"turns":6},{"damage":12,"enemies":"Giant Head","floor":48,"turns":5},{"damage":26,"enemies":"Time Eater","floor":50,"turns":6}],"seed_played":"-4896426892848449706","potions_obtained":[{"floor":10,"key":"Energy Potion"},{"floor":12,"key":"Swift Potion"},{"floor":24,"key":"SpeedPotion"},{"floor":28,"key":"SkillPotion"},{"floor":30,"key":"PowerPotion"},{"floor":31,"key":"SteroidPotion"},{"floor":35,"key":"Strength Potion"},{"floor":41,"key":"PowerPotion"},{"floor":48,"key":"Regen Potion"}],"is_trial":false,"path_per_floor":["M","?","?","$","?","R","E","?","T","E","M","M","R","$","R","B",null,"M","M","?","M","?","R","E","R","T","R","E","R","E","M","R","B",null,"M","?","?","$","M","R","E","M","T","?","M","$","R","E","R","B"],"character_chosen":"IRONCLAD","items_purchased":["Intimidate","Madness+1"],"campfire_rested":3,"item_purchase_floors":[14,38],"current_hp_per_floor":[74,74,74,74,74,74,75,57,57,63,69,75,75,75,75,16,60,66,68,68,66,64,64,61,61,68,68,68,68,69,69,69,60,79,85,70,70,70,70,85,80,84,84,84,85,85,93,87,93,85],"gold":61,"neow_bonus":"THREE_ENEMY_KILL","is_prod":false,"is_daily":false,"chose_seed":false,"campfire_upgraded":8,"win_rate":0,"timestamp":1540608081,"path_taken":["M","?","?","$","?","R","E","?","T","E","M","?","R","$","R","BOSS","M","?","?","M","?","R","E","R","T","R","E","R","E","M","R","BOSS","M","?","?","$","M","R","E","M","T","?","M","$","R","E","R","BOSS"],"build_version":"2018-10-25v2","purchased_purges":1,"victory":true,"max_hp_per_floor":[75,75,75,75,75,75,75,75,75,75,75,75,75,75,75,75,75,75,75,75,75,75,75,75,75,82,82,82,82,82,85,85,85,85,85,85,85,85,85,85,85,89,89,89,93,93,93,93,93,93],"card_choices":[{"not_picked":["Clash","Hemokinesis"],"picked":"Battle Trance","floor":1},{"not_picked":["Body Slam","Ghostly Armor"],"picked":"Clothesline","floor":7},{"not_picked":["Battle Trance","Ghostly Armor","Power Through"],"picked":"True Grit","floor":10},{"not_picked":["Wild Strike","Pommel Strike","Entrench"],"picked":"Infernal Blade","floor":11},{"not_picked":["Entrench","Armaments","Fiend Fire"],"picked":"True Grit","floor":12},{"not_picked":["Brutality","Feed","Demon Form"],"picked":"Immolate","floor":16},{"not_picked":["Flex","Metallicize","Clothesline"],"picked":"True Grit","floor":18},{"not_picked":["Perfected Strike","Wild Strike","Pommel Strike+1"],"picked":"Offering","floor":19},{"not_picked":["Whirlwind","Thunderclap","Armaments"],"picked":"Pummel","floor":21},{"not_picked":["Battle Trance","Carnage","Double Tap"],"picked":"Disarm","floor":24},{"not_picked":["Clothesline+1","Pommel Strike","Evolve"],"picked":"Second Wind+1","floor":28},{"not_picked":["Perfected Strike","Pummel","Berserk"],"picked":"Feed","floor":30},{"not_picked":["Body Slam","Thunderclap+1","Uppercut"],"picked":"Warcry+1","floor":31},{"not_picked":["Exhume+1","Brutality","Juggernaut"],"picked":"Impervious+1","floor":33},{"not_picked":["Sever Soul+1","Clash","Thunderclap"],"picked":"Burning Pact+1","floor":35},{"not_picked":["Clash+1","Pummel","Shrug It Off+1"],"picked":"Havoc+1","floor":39},{"not_picked":["Flex+1","Combust","Berserk","Power Through+1"],"picked":"SKIP","floor":41},{"not_picked":["Shrug It Off+1","True Grit+1","Clothesline"],"picked":"Intimidate+1","floor":42},{"not_picked":["Bloodletting+1","Wild Strike","Flex+1"],"picked":"Havoc+1","floor":45},{"not_picked":["Disarm+1","Twin Strike","Perfected Strike+1"],"picked":"Havoc+1","floor":47},{"not_picked":["Body Slam","True Grit+1","Havoc+1"],"picked":"Disarm+1","floor":48},{"not_picked":["Hemokinesis","Feed","Shrug It Off+1"],"picked":"Evolve","floor":49}],"player_experience":605215,"relics_obtained":[{"floor":7,"key":"Dead Branch"},{"floor":9,"key":"Matryoshka"},{"floor":10,"key":"Anchor"},{"floor":24,"key":"Centennial Puzzle"},{"floor":26,"key":"Toxic Egg 2"},{"floor":26,"key":"Strawberry"},{"floor":28,"key":"Mummified Hand"},{"floor":30,"key":"War Paint"},{"floor":41,"key":"Letter Opener"},{"floor":43,"key":"Potion Belt"},{"floor":43,"key":"Dream Catcher"},{"floor":48,"key":"Blue Candle"}],"event_choices":[{"damage_healed":0,"gold_gain":100,"player_choice":"Pray","damage_taken":0,"max_hp_gain":0,"max_hp_loss":0,"event_name":"Golden Shrine","floor":2,"gold_loss":0},{"damage_healed":0,"gold_gain":0,"cards_transformed":["Strike_R"],"player_choice":"Change","damage_taken":0,"max_hp_gain":0,"max_hp_loss":0,"event_name":"Living Wall","floor":3,"gold_loss":0,"cards_obtained":["Intimidate"]},{"cards_removed":["Strike_R"],"damage_healed":0,"gold_gain":0,"player_choice":"Card Removal","damage_taken":0,"max_hp_gain":0,"max_hp_loss":0,"event_name":"The Cleric","floor":5,"gold_loss":75},{"damage_healed":0,"gold_gain":0,"player_choice":"Success","damage_taken":18,"relics_obtained":["Question Card"],"max_hp_gain":0,"max_hp_loss":0,"event_name":"Scrap Ooze","floor":8,"gold_loss":0},{"damage_healed":0,"gold_gain":0,"player_choice":"Forge","damage_taken":0,"max_hp_gain":0,"max_hp_loss":0,"event_name":"Accursed Blacksmith","floor":20,"gold_loss":0,"cards_upgraded":["True Grit"]},{"damage_healed":0,"gold_gain":0,"player_choice":"Fight","damage_taken":0,"max_hp_gain":0,"max_hp_loss":0,"event_name":"Colosseum","floor":22,"gold_loss":0},{"damage_healed":0,"gold_gain":0,"player_choice":"Fled From Nobs","damage_taken":0,"max_hp_gain":0,"max_hp_loss":0,"event_name":"Colosseum","floor":22,"gold_loss":0},{"damage_healed":0,"gold_gain":0,"player_choice":"Embrace Madness","damage_taken":15,"max_hp_gain":0,"max_hp_loss":0,"event_name":"Winding Halls","floor":36,"gold_loss":0,"cards_obtained":["Madness","Madness"]},{"damage_healed":0,"gold_gain":0,"player_choice":"Ignored","damage_taken":0,"max_hp_gain":0,"max_hp_loss":0,"event_name":"Tomb of Lord Red Mask","floor":37,"gold_loss":0},{"cards_removed":["Strike_R"],"damage_healed":0,"gold_gain":0,"player_choice":"Removed Attack","damage_taken":0,"max_hp_gain":0,"max_hp_loss":0,"event_name":"Falling","floor":44,"gold_loss":0}],"is_beta":false,"boss_relics":[{"not_picked":["Runic Pyramid","Black Star"],"picked":"Ectoplasm"},{"not_picked":["Coffee Dripper","Lizard Tail"],"picked":"Fusion Hammer"}],"items_purged_floors":[4],"is_endless":false,"potions_floor_spawned":[10,12,19,24,28,30,31,35,41,48],"ascension_level":16}