{"gold_per_floor":[109,184,196,210,227,254,254,286,286,303,338,303,303,314,314,388,388,404,8,8,8,24,24,0,15,15,27,27,58,58,58,58,58],"floor_reached":33,"playtime":2697,"items_purged":[],"score":499,"play_id":"d8af4bdd-bf90-410d-9205-b4853ad0bd93","local_time":"20190722223917","is_ascension_mode":true,"campfire_choices":[{"data":"Carnage","floor":7,"key":"SMITH"},{"data":"Regret","floor":15,"key":"PURGE"},{"data":"True Grit","floor":23,"key":"SMITH"},{"data":"Strike_R","floor":28,"key":"PURGE"},{"data":"Writhe","floor":32,"key":"PURGE"}],"neow_cost":"NONE","seed_source_timestamp":480264926000569,"circlet_count":0,"master_deck":["AscendersBane","Strike_R","Strike_R","Strike_R","Strike_R","Defend_R","Defend_R","Defend_R","Defend_R","Bash","Inflame","Clash","Carnage+1","Intimidate","Feel No Pain","True Grit+1","Demon Form","Disarm","Immolate","Flame Barrier","RitualDagger","Feel No Pain+1","Pummel","Whirlwind"],"relics":["Burning Blood","Pen Nib","Incense Burner","Peace Pipe","Bottled Lightning","The Courier","Runic Pyramid","Sundial","Blood Vial","Pear","Matryoshka","Bronze Scales"],"potions_floor_usage":[6,8,16,22,25,29,29],"damage_taken":[{"damage":2,"enemies":"Jaw Worm","floor":1,"turns":3},{"damage":5,"enemies":"Small Slimes","floor":3,"turns":4},{"damage":8,"enemies":"2 Louse","floor":4,"turns":2},{"damage":10,"enemies":"2 Fungi Beasts","floor":5,"turns":3},{"damage":25,"enemies":"3 Sentries","floor":6,"turns":6},{"damage":15,"enemies":"Lagavulin","floor":8,"turns":5},{"damage":6,"enemies":"Looter","floor":10,"turns":2},{"damage":22,"enemies":"3 Sentries","floor":11,"turns":9},{"damage":5,"enemies":"Blue Slaver","floor":14,"turns":4},{"damage":1,"enemies":"Slime Boss","floor":16,"turns":8},{"damage":42,"enemies":"3 Byrds","floor":18,"turns":6},{"damage":10,"enemies":"Spheric Guardian","floor":22,"turns":4},{"damage":17,"enemies":"Chosen and Byrds","floor":25,"turns":9},{"damage":9,"enemies":"Cultist and Chosen","floor":27,"turns":6},{"damage":24,"enemies":"Gremlin Leader","floor":29,"turns":7},{"damage":33,"enemies":"Automaton","floor":33,"turns":4}],"seed_played":"7241314235543256852","potions_obtained":[{"floor":1,"key":"SpeedPotion"},{"floor":4,"key":"SneckoOil"},{"floor":10,"key":"SpeedPotion"},{"floor":11,"key":"SpeedPotion"},{"floor":14,"key":"SteroidPotion"},{"floor":22,"key":"Explosive Potion"},{"floor":25,"key":"AttackPotion"}],"is_trial":false,"path_per_floor":["M","?","M","M","M","E","R","E","T","M","E","?","?","M","R","B",null,"M","$","?","$","M","R","?","M","T","M","R","E","?","?","R","B"],"character_chosen":"IRONCLAD","items_purchased":["Sundial","Blood Vial","Fire Potion","Strength Potion"],"campfire_rested":0,"item_purchase_floors":[19,19,19,19],"current_hp_per_floor":[79,68,69,67,63,44,44,35,35,35,19,39,39,40,40,45,73,37,37,31,31,29,29,29,20,30,29,29,13,31,31,31,0],"gold":58,"neow_bonus":"TEN_PERCENT_HP_BONUS","is_prod":false,"is_daily":false,"chose_seed":false,"campfire_upgraded":2,"win_rate":0,"timestamp":1563827957,"path_taken":["M","?","M","M","M","E","R","E","T","M","E","?","?","M","R","BOSS","M","$","?","$","M","R","?","M","T","M","R","E","?","?","R","BOSS"],"build_version":"2019-07-17","purchased_purges":0,"victory":false,"max_hp_per_floor":[82,82,82,82,82,82,82,82,82,82,82,82,82,82,82,82,82,82,82,82,82,82,82,82,82,92,92,92,92,92,92,92,92],"card_choices":[{"not_picked":["Flame Barrier","Clash"],"picked":"Inflame","floor":1},{"not_picked":["Warcry","Power Through"],"picked":"Clash","floor":3},{"not_picked":["Dual Wield","Flame Barrier"],"picked":"Carnage","floor":4},{"not_picked":["Dropkick","Body Slam"],"picked":"Intimidate","floor":5},{"not_picked":["Sentinel","Barricade","Burning Pact"],"picked":"SKIP","floor":6},{"not_picked":["Bludgeon","Body Slam"],"picked":"Feel No Pain","floor":8},{"not_picked":["Cleave","Armaments"],"picked":"True Grit","floor":10},{"not_picked":["Wild Strike","Iron Wave"],"picked":"Demon Form","floor":11},{"not_picked":["Clash","Iron Wave"],"picked":"Disarm","floor":14},{"not_picked":["Juggernaut","Dark Embrace"],"picked":"Immolate","floor":16},{"not_picked":["Seeing Red","Body Slam"],"picked":"Flame Barrier","floor":18},{"not_picked":["Burning Pact","Perfected Strike","Disarm+1"],"picked":"SKIP","floor":22},{"not_picked":["Infernal Blade+1","Combust"],"picked":"Feel No Pain+1","floor":25},{"not_picked":["Clash","Armaments"],"picked":"Pummel","floor":27},{"not_picked":["Juggernaut","Dual Wield"],"picked":"Whirlwind","floor":29}],"player_experience":509760,"relics_obtained":[{"floor":6,"key":"Pen Nib"},{"floor":8,"key":"Incense Burner"},{"floor":9,"key":"Peace Pipe"},{"floor":11,"key":"Bottled Lightning"},{"floor":26,"key":"Pear"},{"floor":29,"key":"Matryoshka"}],"event_choices":[{"damage_healed":0,"gold_gain":75,"player_choice":"Gather Gold","damage_taken":11,"max_hp_gain":0,"max_hp_loss":0,"event_name":"World of Goop","floor":2,"gold_loss":0},{"damage_healed":20,"gold_gain":0,"player_choice":"Healed","damage_taken":0,"max_hp_gain":0,"max_hp_loss":0,"event_name":"The Cleric","floor":12,"gold_loss":35},{"damage_healed":0,"gold_gain":0,"player_choice":"Box","damage_taken":0,"relics_obtained":["The Courier"],"max_hp_gain":0,"max_hp_loss":0,"event_name":"Big Fish","floor":13,"gold_loss":0,"cards_obtained":["Regret"]},{"damage_healed":0,"gold_gain":0,"player_choice":"Joined the Cult","damage_taken":6,"max_hp_gain":0,"max_hp_loss":0,"event_name":"Nest","floor":20,"gold_loss":0,"cards_obtained":["RitualDagger"]},{"damage_healed":0,"gold_gain":0,"player_choice":"Paid Fearfully","damage_taken":0,"max_hp_gain":0,"max_hp_loss":0,"event_name":"Masked Bandits","floor":24,"gold_loss":24},{"damage_healed":18,"gold_gain":0,"player_choice":"Heal","damage_taken":0,"max_hp_gain":0,"max_hp_loss":0,"event_name":"The Library","floor":30,"gold_loss":0},{"damage_healed":0,"gold_gain":0,"player_choice":"Opened","damage_taken":0,"relics_obtained":["Bronze Scales"],"max_hp_gain":0,"max_hp_loss":0,"event_name":"The Mausoleum","floor":31,"gold_loss":0,"cards_obtained":["Writhe"]}],"is_beta":false,"boss_relics":[{"not_picked":["Orrery","Black Star"],"picked":"Runic Pyramid"}],"items_purged_floors":[],"is_endless":false,"potions_floor_spawned":[1,4,10,11,14,22,25],"killed_by":"Automaton","ascension_level":15}