{"gold_per_floor":[118,133,208,87,103,136,136,149,149,114,140,140,150,165,165,165],"floor_reached":16,"playtime":998,"items_purged":["Strike_R"],"score":146,"play_id":"25ea3760-aeaa-48cd-b7cd-396c7833d177","local_time":"20180824175542","is_ascension_mode":true,"campfire_choices":[{"data":"Barricade","floor":7,"key":"SMITH"},{"data":"Bash","floor":12,"key":"SMITH"},{"data":"Clothesline","floor":15,"key":"SMITH"}],"neow_cost":"PERCENT_DAMAGE","seed_source_timestamp":743495685586119,"circlet_count":0,"master_deck":["Strike_R","Strike_R","Strike_R","Defend_R","Defend_R","Defend_R","Bash+1","Clothesline+1","Iron Wave","Iron Wave","Shrug It Off","Barricade+1","Ghostly Armor","Iron Wave"],"relics":["Burning Blood","Strawberry","Lantern","Paper Frog"],"potions_floor_usage":[16,16,16],"damage_taken":[{"damage":1,"enemies":"Cultist","floor":1,"turns":4},{"damage":10,"enemies":"Small Slimes","floor":2,"turns":3},{"damage":4,"enemies":"Jaw Worm","floor":5,"turns":3},{"damage":29,"enemies":"Gremlin Nob","floor":6,"turns":6},{"damage":8,"enemies":"3 Louse","floor":8,"turns":6},{"damage":8,"enemies":"Lagavulin","floor":11,"turns":10},{"damage":4,"enemies":"Looter","floor":13,"turns":4},{"damage":0,"enemies":"Exordium Wildlife","floor":14,"turns":4},{"damage":67,"enemies":"Slime Boss","floor":16,"turns":14}],"seed_played":"-512291644829320290","potions_obtained":[{"floor":8,"key":"Swift Potion"},{"floor":11,"key":"Fire Potion"},{"floor":13,"key":"SpeedPotion"}],"is_trial":false,"path_per_floor":["M","M","?","$","M","E","R","M","T","?","E","R","M","M","R"],"character_chosen":"IRONCLAD","items_purchased":["Iron Wave"],"campfire_rested":0,"item_purchase_floors":[4],"current_hp_per_floor":[56,52,52,52,54,38,38,36,36,57,55,55,57,63,63,0],"gold":165,"neow_bonus":"REMOVE_TWO","is_prod":false,"is_daily":false,"chose_seed":false,"campfire_upgraded":3,"win_rate":0,"timestamp":1535147742,"path_taken":["M","M","?","$","M","E","R","M","T","?","E","R","M","M","R","BOSS"],"build_version":"2018-08-23v2","purchased_purges":1,"victory":false,"max_hp_per_floor":[80,80,80,80,80,87,87,87,87,87,87,87,87,87,87,87],"card_choices":[{"not_picked":["Headbutt","Warcry"],"picked":"Clothesline","floor":1},{"not_picked":["Fire Breathing","Armaments"],"picked":"Iron Wave","floor":2},{"not_picked":["Twin Strike","Anger"],"picked":"Shrug It Off","floor":5},{"not_picked":["Clothesline","Combust"],"picked":"Barricade","floor":6},{"not_picked":["Fire Breathing","Flex","Wild Strike"],"picked":"SKIP","floor":8},{"not_picked":["Sentinel","Blood for Blood","Sword Boomerang"],"picked":"SKIP","floor":11},{"not_picked":["Feel No Pain","Seeing Red"],"picked":"Ghostly Armor","floor":13},{"not_picked":["Sword Boomerang","Perfected Strike"],"picked":"Iron Wave","floor":14}],"player_experience":200595,"relics_obtained":[{"floor":6,"key":"Strawberry"},{"floor":9,"key":"Lantern"},{"floor":11,"key":"Paper Frog"}],"event_choices":[{"event_name":"Golden Wing","player_choice":"Gained Gold","floor":3,"damage_taken":0},{"event_name":"The Cleric","player_choice":"Healed","floor":10,"damage_taken":0}],"is_beta":false,"boss_relics":[],"items_purged_floors":[4],"is_endless":false,"potions_floor_spawned":[8,11,13,14],"killed_by":"Slime Boss","ascension_level":6}