{"gold_per_floor":[115,132,142,92,104,137,137,168,168,168,193,193,228,247,247,352,352,371,405,405,417,417,417,443,463,534,553,553,264,283,140,140,243,243,259,271,371,384,108,108,118,118,118,218,233,233,253,265,265,265],"floor_reached":51,"playtime":7541,"items_purged":["Decay","Defend_B","Defend_B"],"score":1011,"play_id":"ef52885c-3b94-4364-82a2-98c7ca04d9ff","local_time":"20190721171535","is_ascension_mode":true,"campfire_choices":[{"data":"Rip and Tear","floor":7,"key":"SMITH"},{"data":"Barrage","floor":10,"key":"SMITH"},{"data":"Dualcast","floor":15,"key":"SMITH"},{"data":"Static Discharge","floor":23,"key":"SMITH"},{"data":"Rainbow","floor":28,"key":"SMITH"},{"data":"Defragment","floor":32,"key":"SMITH"},{"floor":40,"key":"REST"},{"data":"Loop","floor":42,"key":"SMITH"},{"data":"Coolheaded","floor":46,"key":"SMITH"},{"floor":49,"key":"REST"}],"neow_cost":"NONE","seed_source_timestamp":986605276618552,"circlet_count":0,"master_deck":["Defend_B","Defend_B+1","Zap+1","Dualcast+1","Genetic Algorithm+1","Leap","Rip and Tear+1","Conserve Battery","Barrage+1","Electrodynamics","Chill","Ball Lightning","Rainbow+1","Echo Form","Lockon+1","Buffer+1","Skim+1","Coolheaded+1","Steam","Static Discharge+1","All For One","Defragment+1","Auto Shields+1","Loop+1","Stack","Barrage+1","Genetic Algorithm+1","Hologram+1","Cold Snap+1","Consume+1","Coolheaded+1","White Noise","White Noise+1"],"relics":["Cracked Core","The Courier","DataDisk","Symbiotic Virus","Pocketwatch","War Paint","Astrolabe","Red Mask","PreservedInsect","Darkstone Periapt","MealTicket","Philosopher\u0027s Stone","Du-Vu Doll","Bag of Marbles","Ornamental Fan"],"potions_floor_usage":[5,5,5,6,6,19,24,33,35,50,50,50],"damage_taken":[{"damage":0,"enemies":"Cultist","floor":1,"turns":4},{"damage":7,"enemies":"Small Slimes","floor":2,"turns":4},{"damage":1,"enemies":"Jaw Worm","floor":3,"turns":4},{"damage":0,"enemies":"Exordium Thugs","floor":5,"turns":4},{"damage":2,"enemies":"Gremlin Nob","floor":6,"turns":4},{"damage":10,"enemies":"Lagavulin","floor":8,"turns":7},{"damage":11,"enemies":"3 Sentries","floor":11,"turns":5},{"damage":7,"enemies":"Gremlin Nob","floor":13,"turns":3},{"damage":0,"enemies":"2 Fungi Beasts","floor":14,"turns":2},{"damage":0,"enemies":"Slime Boss","floor":16,"turns":5},{"damage":2,"enemies":"Chosen","floor":18,"turns":4},{"damage":0,"enemies":"Masked Bandits","floor":19,"turns":4},{"damage":0,"enemies":"Shell Parasite","floor":21,"turns":4},{"damage":0,"enemies":"Book of Stabbing","floor":24,"turns":4},{"damage":0,"enemies":"Snake Plant","floor":25,"turns":4},{"damage":8,"enemies":"Snecko","floor":27,"turns":3},{"damage":3,"enemies":"Centurion and Healer","floor":30,"turns":6},{"damage":26,"enemies":"Collector","floor":33,"turns":9},{"damage":7,"enemies":"3 Darklings","floor":35,"turns":5},{"damage":0,"enemies":"Orb Walker","floor":36,"turns":2},{"damage":21,"enemies":"Mind Bloom Boss Battle","floor":37,"turns":7},{"damage":9,"enemies":"3 Darklings","floor":38,"turns":7},{"damage":2,"enemies":"Jaw Worm Horde","floor":41,"turns":4},{"damage":0,"enemies":"Sphere and 2 Shapes","floor":45,"turns":6},{"damage":14,"enemies":"3 Darklings","floor":47,"turns":5},{"damage":0,"enemies":"Transient","floor":48,"turns":5},{"damage":16,"enemies":"Time Eater","floor":50,"turns":11}],"seed_played":"6144938565357333317","potions_obtained":[{"floor":1,"key":"EntropicBrew"},{"floor":3,"key":"Ancient Potion"},{"floor":8,"key":"AttackPotion"},{"floor":13,"key":"Strength Potion"},{"floor":16,"key":"FocusPotion"},{"floor":21,"key":"Block Potion"},{"floor":27,"key":"FearPotion"},{"floor":30,"key":"LiquidBronze"},{"floor":33,"key":"Weak Potion"},{"floor":36,"key":"GamblersBrew"}],"is_trial":false,"path_per_floor":["M","M","M","?","M","E","R","E","T","R","E","?","E","M","R","B",null,"M","?","?","M","?","R","E","M","T","M","R","$","M","$","R","B",null,"M","M","?","M","$","R","M","R","T","?","M","R","M","M","R","B",null],"character_chosen":"DEFECT","items_purchased":["Defragment","MealTicket","Loop","Stack","LiquidBronze","Bag of Marbles"],"campfire_rested":2,"item_purchase_floors":[29,29,31,31,39,39],"current_hp_per_floor":[68,61,60,60,60,58,58,48,48,48,37,37,30,30,30,30,64,62,62,62,62,48,48,48,48,48,40,40,40,37,52,52,26,67,60,60,39,30,45,69,67,67,67,67,67,67,53,53,77,61],"gold":265,"neow_bonus":"UPGRADE_CARD","is_prod":false,"is_daily":false,"chose_seed":false,"campfire_upgraded":8,"win_rate":0,"timestamp":1563743735,"path_taken":["M","M","?","?","M","E","R","E","T","R","E","?","E","M","R","BOSS","M","?","?","M","?","R","E","M","T","M","R","$","M","$","R","BOSS","M","M","?","M","$","R","M","R","T","?","M","R","M","M","R","BOSS"],"build_version":"2019-07-17","purchased_purges":3,"victory":true,"max_hp_per_floor":[75,75,75,75,75,75,75,75,75,75,75,75,75,75,75,75,75,75,75,75,75,80,80,80,80,80,80,80,80,80,80,80,80,80,80,80,80,80,80,80,80,80,80,80,80,80,80,80,80,80],"card_choices":[{"not_picked":["Double Energy","Rebound"],"picked":"Genetic Algorithm","floor":1},{"not_picked":["Fusion","Steam"],"picked":"Leap","floor":2},{"not_picked":["Hello World","Rebound"],"picked":"Rip and Tear","floor":3},{"not_picked":["Chill","Leap"],"picked":"Conserve Battery","floor":5},{"not_picked":["Fusion","Go for the Eyes"],"picked":"Barrage","floor":6},{"not_picked":["Fusion","BootSequence"],"picked":"Electrodynamics","floor":8},{"not_picked":["Turbo","Streamline"],"picked":"Chill","floor":11},{"not_picked":["Stack","Redo"],"picked":"Ball Lightning","floor":13},{"not_picked":["Sweeping Beam","Turbo"],"picked":"Rainbow","floor":14},{"not_picked":["Creative AI","Reboot"],"picked":"Echo Form","floor":16},{"not_picked":["Beam Cell","Compile Driver"],"picked":"Coolheaded","floor":18},{"not_picked":["Consume","Tempest"],"picked":"Steam","floor":19},{"not_picked":["Ball Lightning","Chaos+1"],"picked":"Static Discharge","floor":21},{"not_picked":["Hello World","Rip and Tear","Aggregate"],"picked":"SKIP","floor":24},{"not_picked":["Fusion","Go for the Eyes","Skim"],"picked":"SKIP","floor":25},{"not_picked":["Streamline","Lockon"],"picked":"All For One","floor":27},{"not_picked":["Turbo","Scrape"],"picked":"Auto Shields+1","floor":30},{"not_picked":["Skim+1","Gash"],"picked":"Barrage+1","floor":35},{"not_picked":["Reinforced Body","Ball Lightning"],"picked":"Genetic Algorithm+1","floor":36},{"not_picked":["Compile Driver+1","Redo+1"],"picked":"Hologram+1","floor":37},{"not_picked":["Heatsinks","Ball Lightning"],"picked":"Cold Snap+1","floor":38},{"not_picked":["Sunder+1","Hologram+1"],"picked":"Consume+1","floor":41},{"not_picked":["Fission","Rebound"],"picked":"Coolheaded+1","floor":45},{"not_picked":["Streamline+1","Go for the Eyes"],"picked":"White Noise","floor":47},{"not_picked":["Hologram+1","Barrage"],"picked":"White Noise+1","floor":48}],"player_experience":737774,"relics_obtained":[{"floor":6,"key":"The Courier"},{"floor":8,"key":"DataDisk"},{"floor":9,"key":"Symbiotic Virus"},{"floor":11,"key":"Pocketwatch"},{"floor":13,"key":"War Paint"},{"floor":19,"key":"Red Mask"},{"floor":24,"key":"PreservedInsect"},{"floor":26,"key":"Darkstone Periapt"},{"floor":37,"key":"Du-Vu Doll"},{"floor":43,"key":"Ornamental Fan"}],"event_choices":[{"cards_removed":["Strike_B"],"damage_healed":0,"gold_gain":0,"player_choice":"Card Removal","damage_taken":0,"max_hp_gain":0,"max_hp_loss":0,"event_name":"The Cleric","floor":4,"gold_loss":50},{"damage_healed":0,"gold_gain":0,"player_choice":"Cursed","damage_taken":0,"max_hp_gain":0,"max_hp_loss":0,"event_name":"Wheel of Change","floor":12,"gold_loss":0,"cards_obtained":["Decay"]},{"damage_healed":0,"gold_gain":0,"player_choice":"Fought Bandits","damage_taken":0,"max_hp_gain":0,"max_hp_loss":0,"event_name":"Masked Bandits","floor":19,"gold_loss":0},{"damage_healed":0,"gold_gain":0,"player_choice":"Ignored","damage_taken":0,"max_hp_gain":0,"max_hp_loss":0,"event_name":"Vampires","floor":20,"gold_loss":0},{"damage_healed":0,"gold_gain":0,"player_choice":"Shed Blood","damage_taken":19,"max_hp_gain":5,"max_hp_loss":0,"event_name":"Forgotten Altar","floor":22,"gold_loss":0},{"damage_healed":0,"gold_gain":0,"player_choice":"Fight","damage_taken":0,"max_hp_gain":0,"max_hp_loss":0,"event_name":"MindBloom","floor":37,"gold_loss":0},{"damage_healed":0,"gold_gain":100,"player_choice":"Pray","damage_taken":0,"max_hp_gain":0,"max_hp_loss":0,"event_name":"Golden Shrine","floor":44,"gold_loss":0}],"is_beta":false,"boss_relics":[{"not_picked":["Runic Pyramid","Ectoplasm"],"picked":"Astrolabe"},{"not_picked":["FrozenCore","Pandora\u0027s Box"],"picked":"Philosopher\u0027s Stone"}],"items_purged_floors":[29,31,39],"is_endless":false,"potions_floor_spawned":[1,3,8,13,16,21,27,30,33,36,45,47,48],"ascension_level":7}