{"gold_per_floor":[111,111,23,41,51,51,1,1,28,103,114,129,129,140,140,245,245,245,185,185,23,23],"floor_reached":22,"playtime":1099,"items_purged":["Strike_G"],"score":187,"play_id":"625f3672-9f07-4846-929c-605465a874c4","local_time":"20190710005956","is_ascension_mode":true,"campfire_choices":[{"data":"Dagger Spray","floor":6,"key":"SMITH"},{"floor":15,"key":"REST"}],"neow_cost":"NONE","seed_source_timestamp":616568392664200,"circlet_count":0,"master_deck":["Strike_G","Strike_G+1","Strike_G","Strike_G","Defend_G+1","Defend_G","Defend_G","Defend_G","Survivor","Neutralize","Accuracy","Cloak And Dagger","Cloak And Dagger","Dagger Spray+1","Dagger Spray","Calculated Gamble","Envenom","Caltrops+1","Infinite Blades","Blade Dance","Leg Sweep"],"relics":["Ring of the Snake","Ectoplasm"],"potions_floor_usage":[16,18,18,20,22],"damage_taken":[{"damage":4,"enemies":"Jaw Worm","floor":1,"turns":4},{"damage":0,"enemies":"Small Slimes","floor":4,"turns":3},{"damage":0,"enemies":"2 Louse","floor":5,"turns":4},{"damage":7,"enemies":"Lots of Slimes","floor":11,"turns":4},{"damage":1,"enemies":"3 Louse","floor":12,"turns":4},{"damage":1,"enemies":"Exordium Wildlife","floor":14,"turns":2},{"damage":39,"enemies":"Slime Boss","floor":16,"turns":11},{"damage":21,"enemies":"Spheric Guardian","floor":18,"turns":6},{"damage":18,"enemies":"2 Thieves","floor":19,"turns":4},{"damage":23,"enemies":"Snake Plant","floor":20,"turns":5},{"damage":22,"enemies":"Cultist and Chosen","floor":22,"turns":4}],"seed_played":"1921247433391020654","potions_obtained":[{"floor":1,"key":"Energy Potion"},{"floor":14,"key":"PowerPotion"},{"floor":16,"key":"FearPotion"},{"floor":19,"key":"SneckoOil"},{"floor":20,"key":"AttackPotion"}],"is_trial":false,"path_per_floor":["M","?","$","M","M","R","?","$","T","?","M","M","?","M","R","B",null,"M","M","M","$","M"],"character_chosen":"THE_SILENT","items_purchased":["Accuracy","Cloak And Dagger","Blade Dance","Leg Sweep"],"campfire_rested":1,"item_purchase_floors":[3,3,21,21],"current_hp_per_floor":[73,58,58,58,58,58,58,58,58,47,40,39,39,38,61,22,77,56,38,15,15,0],"gold":23,"neow_bonus":"TEN_PERCENT_HP_BONUS","is_prod":false,"is_daily":false,"chose_seed":false,"campfire_upgraded":1,"win_rate":0,"timestamp":1562734796,"path_taken":["M","?","$","M","M","R","?","$","T","?","M","M","?","M","R","BOSS","M","M","M","$","?"],"build_version":"2019-07-05","purchased_purges":1,"victory":false,"max_hp_per_floor":[77,77,77,77,77,77,77,77,77,77,77,77,77,77,77,77,77,77,77,77,77,77],"card_choices":[{"not_picked":["Setup","Dodge and Roll"],"picked":"Bane","floor":1},{"not_picked":["Outmaneuver","Deadly Poison"],"picked":"Cloak And Dagger","floor":4},{"not_picked":["Bane","Outmaneuver"],"picked":"Dagger Spray","floor":5},{"not_picked":["Escape Plan","Deadly Poison","Quick Slash"],"picked":"SKIP","floor":11},{"not_picked":["Underhanded Strike","Flying Knee"],"picked":"Dagger Spray","floor":12},{"not_picked":["Acrobatics","Flying Knee"],"picked":"Calculated Gamble","floor":14},{"not_picked":["Bullet Time","Adrenaline"],"picked":"Envenom","floor":16},{"not_picked":["Flechettes","Dagger Throw"],"picked":"Caltrops+1","floor":18},{"not_picked":["Flechettes+1","Acrobatics","Slice"],"picked":"SKIP","floor":19},{"not_picked":["Cloak And Dagger","Dagger Throw+1"],"picked":"Infinite Blades","floor":20}],"player_experience":211878,"relics_obtained":[],"event_choices":[{"damage_healed":0,"gold_gain":0,"player_choice":"Entered Light","damage_taken":15,"max_hp_gain":0,"max_hp_loss":0,"event_name":"Shining Light","floor":2,"gold_loss":0,"cards_upgraded":["Strike_G","Defend_G"]},{"cards_removed":["Bane"],"damage_healed":0,"gold_gain":0,"player_choice":"Card Removal","damage_taken":0,"max_hp_gain":0,"max_hp_loss":0,"event_name":"The Cleric","floor":7,"gold_loss":50},{"damage_healed":0,"gold_gain":75,"player_choice":"Gather Gold","damage_taken":11,"max_hp_gain":0,"max_hp_loss":0,"event_name":"World of Goop","floor":10,"gold_loss":0},{"cards_removed":["Defend_G"],"damage_healed":0,"gold_gain":0,"player_choice":"Purged","damage_taken":0,"max_hp_gain":0,"max_hp_loss":0,"event_name":"Purifier","floor":13,"gold_loss":0}],"is_beta":false,"boss_relics":[{"not_picked":["Astrolabe","Philosopher\u0027s Stone"],"picked":"Ectoplasm"}],"items_purged_floors":[21],"is_endless":false,"potions_floor_spawned":[1,14,16,19,20],"killed_by":"Cultist and Chosen","ascension_level":1}