{"gold_per_floor":[117,292,304,319,319,319,358,20,97,140,156,180,205,22,22,142,142,160,12,25,50,50,50,13,57,57,88,88,124,142,158,158,158],"floor_reached":33,"playtime":7787,"items_purged":[],"score":374,"play_id":"bda2bdf5-ad38-4004-b0ad-1816983ba332","local_time":"20190720214332","is_ascension_mode":true,"campfire_choices":[{"data":"Feel No Pain","floor":6,"key":"SMITH"},{"floor":15,"key":"REST"},{"data":"Reaper","floor":23,"key":"SMITH"},{"data":"Juggernaut","floor":28,"key":"SMITH"},{"data":"Armaments","floor":32,"key":"SMITH"}],"neow_cost":"NONE","seed_source_timestamp":213588786200,"circlet_count":0,"master_deck":["Defend_R","Defend_R","Defend_R","Defend_R","Bash","Uppercut","Doubt","Feel No Pain+1","Warcry","Clothesline","Corruption","Havoc","Hemokinesis","Power Through","Power Through","Armaments+1","Wild Strike+1","Warcry","Discovery","Juggernaut+1","Uppercut","Reaper+1","Wild Strike","Bite","Bite","Bite+1","Bite","Bite","Entrench","Corruption","Disarm","Intimidate"],"relics":["Burning Blood","NeowsBlessing","Golden Idol","Strawberry","Medical Kit","Self Forming Clay","Art of War","Busted Crown","Pantograph","Sundial","Whetstone","Omamori"],"potions_floor_usage":[7,16,16,16,29,30,31],"damage_taken":[{"damage":0,"enemies":"2 Louse","floor":1,"turns":1},{"damage":0,"enemies":"Small Slimes","floor":3,"turns":1},{"damage":0,"enemies":"Jaw Worm","floor":4,"turns":1},{"damage":28,"enemies":"3 Sentries","floor":7,"turns":9},{"damage":23,"enemies":"Lagavulin","floor":10,"turns":8},{"damage":24,"enemies":"Large Slime","floor":11,"turns":8},{"damage":6,"enemies":"Looter","floor":12,"turns":4},{"damage":5,"enemies":"Blue Slaver","floor":13,"turns":3},{"damage":16,"enemies":"Hexaghost","floor":16,"turns":16},{"damage":3,"enemies":"Chosen","floor":18,"turns":6},{"damage":16,"enemies":"Shell Parasite","floor":20,"turns":6},{"damage":28,"enemies":"Snake Plant","floor":21,"turns":5},{"damage":56,"enemies":"Slavers","floor":25,"turns":7},{"damage":28,"enemies":"Gremlin Leader","floor":27,"turns":10},{"damage":37,"enemies":"Slavers","floor":29,"turns":6},{"damage":3,"enemies":"Sentry and Sphere","floor":30,"turns":7},{"damage":17,"enemies":"Centurion and Healer","floor":31,"turns":7},{"damage":87,"enemies":"Champ","floor":33,"turns":14}],"seed_played":"-5194425192340373962","potions_obtained":[{"floor":4,"key":"PowerPotion"},{"floor":7,"key":"Swift Potion"},{"floor":10,"key":"GamblersBrew"},{"floor":11,"key":"SpeedPotion"},{"floor":13,"key":"BloodPotion"},{"floor":20,"key":"Dexterity Potion"},{"floor":27,"key":"Swift Potion"},{"floor":29,"key":"BloodPotion"},{"floor":30,"key":"Strength Potion"}],"is_trial":false,"path_per_floor":["M","?","M","M","?","R","E","$","T","E","M","M","M","$","R","B",null,"M","$","M","M","?","R","$","E","T","E","R","E","M","M","R","B"],"character_chosen":"IRONCLAD","items_purchased":["Corruption","Havoc","Medical Kit","Wild Strike","Warcry","Discovery","Reaper","Entrench"],"campfire_rested":1,"item_purchase_floors":[8,8,8,14,14,14,19,24],"current_hp_per_floor":[80,80,80,80,60,60,45,45,45,28,10,10,11,11,37,48,87,87,87,77,59,59,59,59,31,31,48,48,34,60,60,60,0],"gold":158,"neow_bonus":"THREE_ENEMY_KILL","is_prod":false,"is_daily":false,"chose_seed":false,"campfire_upgraded":4,"win_rate":0,"timestamp":1563673412,"path_taken":["M","?","M","M","?","R","E","$","T","E","M","M","M","$","R","BOSS","M","$","M","M","?","R","$","E","T","E","R","E","M","M","R","BOSS"],"build_version":"2019-07-17","purchased_purges":0,"victory":false,"max_hp_per_floor":[80,80,80,80,80,80,87,87,87,87,87,87,87,87,87,87,87,87,87,87,87,60,60,60,60,60,60,60,60,60,60,60,60],"card_choices":[{"not_picked":["Perfected Strike","Twin Strike"],"picked":"Uppercut","floor":1},{"not_picked":["Searing Blow","Cleave"],"picked":"Feel No Pain","floor":3},{"not_picked":["Combust","Carnage"],"picked":"Warcry","floor":4},{"not_picked":["Dropkick","Perfected Strike"],"picked":"Clothesline","floor":7},{"not_picked":["Brutality","Rampage"],"picked":"Hemokinesis","floor":10},{"not_picked":["Rupture","Clash"],"picked":"Power Through","floor":11},{"not_picked":["Heavy Blade","Sword Boomerang"],"picked":"Power Through","floor":12},{"not_picked":["Heavy Blade","Dropkick"],"picked":"Armaments","floor":13},{"not_picked":["Double Tap","Offering"],"picked":"Juggernaut","floor":16},{"not_picked":[],"picked":"Uppercut","floor":18},{"not_picked":[],"picked":"Wild Strike","floor":20},{"not_picked":["Searing Blow+1"],"picked":"SKIP","floor":21},{"not_picked":[],"picked":"Corruption","floor":25},{"not_picked":["Heavy Blade"],"picked":"SKIP","floor":27},{"not_picked":[],"picked":"Disarm","floor":29},{"not_picked":[],"picked":"Intimidate","floor":30},{"not_picked":["Dual Wield+1"],"picked":"SKIP","floor":31}],"player_experience":265368,"relics_obtained":[{"floor":7,"key":"Strawberry"},{"floor":9,"key":"Self Forming Clay"},{"floor":10,"key":"Art of War"},{"floor":25,"key":"Pantograph"},{"floor":26,"key":"Sundial"},{"floor":27,"key":"Whetstone"},{"floor":29,"key":"Omamori"}],"event_choices":[{"damage_healed":0,"gold_gain":175,"player_choice":"AGREE","damage_taken":0,"max_hp_gain":0,"max_hp_loss":0,"event_name":"Liars Game","floor":2,"gold_loss":0,"cards_obtained":["Doubt"]},{"damage_healed":0,"gold_gain":0,"player_choice":"Take Damage","damage_taken":20,"relics_obtained":["Golden Idol"],"max_hp_gain":0,"max_hp_loss":0,"event_name":"Golden Idol","floor":5,"gold_loss":0},{"damage_healed":0,"gold_gain":0,"player_choice":"Became a vampire","damage_taken":0,"max_hp_gain":0,"max_hp_loss":27,"event_name":"Vampires","floor":22,"gold_loss":0,"cards_obtained":["Bite","Bite","Bite","Bite","Bite"]}],"is_beta":false,"boss_relics":[{"not_picked":["Cursed Key","White Beast Statue"],"picked":"Busted Crown"}],"items_purged_floors":[],"is_endless":false,"potions_floor_spawned":[4,7,10,11,12,13,20,27,29,30],"killed_by":"Champ","ascension_level":2}