{"gold_per_floor":[111,36,111,57,57,93,8,43,43,66,79,79,123,136,136,136],"floor_reached":16,"playtime":668,"items_purged":[],"score":336,"play_id":"f7406081-62b2-4cd7-b0d5-493bd6f95249","local_time":"20190621121001","is_ascension_mode":true,"campfire_choices":[{"data":"Zap","floor":12,"key":"SMITH"},{"data":"Hologram","floor":15,"key":"SMITH"}],"neow_cost":"NONE","seed_source_timestamp":514462541123494,"circlet_count":0,"master_deck":["AscendersBane","Strike_B","Strike_B","Strike_B","Defend_B","Defend_B","Defend_B","Defend_B","Zap+1","Dualcast","Sweeping Beam","Gash","Core Surge","Hologram+1","Compile Driver","All For One","FTL"],"relics":["Cracked Core","NeowsBlessing","Golden Idol","Orichalcum","Centennial Puzzle","Omamori","Bronze Scales"],"potions_floor_usage":[13,14],"damage_taken":[{"damage":0,"enemies":"Jaw Worm","floor":1,"turns":1},{"damage":0,"enemies":"3 Sentries","floor":6,"turns":1},{"damage":0,"enemies":"Lagavulin","floor":8,"turns":1},{"damage":0,"enemies":"2 Louse","floor":10,"turns":2},{"damage":0,"enemies":"Cultist","floor":11,"turns":3},{"damage":20,"enemies":"Gremlin Nob","floor":13,"turns":4},{"damage":8,"enemies":"Exordium Thugs","floor":14,"turns":3},{"damage":32,"enemies":"The Guardian","floor":16,"turns":8}],"seed_played":"4342907254461417325","potions_obtained":[{"floor":8,"key":"Fruit Juice"},{"floor":10,"key":"Block Potion"},{"floor":13,"key":"Ancient Potion"},{"floor":14,"key":"Strength Potion"}],"is_trial":false,"path_per_floor":["M","?","?","$","?","E","$","E","T","M","M","R","E","M","R","B"],"character_chosen":"DEFECT","items_purchased":["Gash","Hologram","Compile Driver"],"campfire_rested":0,"item_purchase_floors":[4,7,7],"current_hp_per_floor":[64,64,53,53,53,53,53,53,53,53,53,53,38,30,30,0],"gold":136,"neow_bonus":"THREE_ENEMY_KILL","is_prod":false,"is_daily":false,"chose_seed":false,"campfire_upgraded":2,"win_rate":0,"timestamp":1561133401,"path_taken":["M","?","?","$","?","E","$","E","T","M","?","R","E","M","R","BOSS"],"build_version":"2019-01-23","purchased_purges":0,"victory":false,"max_hp_per_floor":[71,71,71,71,64,64,64,64,64,64,64,64,69,69,69,69],"card_choices":[{"not_picked":["Conserve Battery","Leap"],"picked":"Sweeping Beam","floor":1},{"not_picked":["Cold Snap","Leap"],"picked":"Core Surge","floor":6},{"not_picked":["Redo","Sweeping Beam"],"picked":"All For One","floor":8},{"not_picked":["Reprogram","Rebound","Storm"],"picked":"SKIP","floor":10},{"not_picked":["Barrage","Steam Power","Stack"],"picked":"SKIP","floor":11},{"not_picked":["Storm","Coolheaded"],"picked":"FTL","floor":13},{"not_picked":["White Noise","Chaos","Redo"],"picked":"SKIP","floor":14}],"player_experience":1533919,"relics_obtained":[{"floor":6,"key":"Orichalcum"},{"floor":8,"key":"Centennial Puzzle"},{"floor":9,"key":"Omamori"},{"floor":13,"key":"Bronze Scales"}],"event_choices":[{"cards_removed":["Strike_B"],"damage_healed":0,"gold_gain":0,"player_choice":"Card Removal","damage_taken":0,"max_hp_gain":0,"max_hp_loss":0,"event_name":"The Cleric","floor":2,"gold_loss":75},{"damage_healed":0,"gold_gain":75,"player_choice":"Gather Gold","damage_taken":11,"max_hp_gain":0,"max_hp_loss":0,"event_name":"World of Goop","floor":3,"gold_loss":0},{"damage_healed":0,"gold_gain":0,"player_choice":"Lose Max HP","damage_taken":0,"relics_obtained":["Golden Idol"],"max_hp_gain":0,"max_hp_loss":7,"event_name":"Golden Idol","floor":5,"gold_loss":0}],"is_beta":false,"boss_relics":[],"items_purged_floors":[],"is_endless":false,"potions_floor_spawned":[8,10,13,14],"killed_by":"The Guardian","ascension_level":20}