{"gold_per_floor":[119,130,143,42,42,42,53,65,65,96,96,19,49,49,49,124,124,137,152,52,52,69,69,103,103,174,31,31,48,73,173,173,246,246,265,284,284,159,171,200,43,71,71,89,89,99,99,110,110,110],"floor_reached":51,"playtime":4041,"items_purged":["Strike_R","Strike_R","Pain"],"score":1255,"play_id":"cf5e68a3-1976-4b6b-9caa-13e2a8464e45","local_time":"20180915163943","is_ascension_mode":true,"campfire_choices":[{"data":"Pommel Strike","floor":6,"key":"SMITH"},{"data":"Intimidate","floor":11,"key":"SMITH"},{"data":"Battle Trance","floor":15,"key":"SMITH"},{"data":"True Grit","floor":23,"key":"SMITH"},{"data":"Bash","floor":25,"key":"SMITH"},{"floor":28,"key":"REST"},{"floor":32,"key":"REST"},{"floor":47,"key":"REST"},{"floor":49,"key":"REST"}],"neow_cost":"PERCENT_DAMAGE","seed_source_timestamp":224653149353971,"circlet_count":0,"master_deck":["Strike_R","Strike_R","Defend_R","Defend_R","Defend_R","Bash+1","AscendersBane","Pommel Strike+1","Inflame+1","Shrug It Off","Bludgeon","Intimidate+1","Shrug It Off","Battle Trance+1","Cleave+1","Feed+1","Heavy Blade+1","True Grit+1","Clothesline+1","Metallicize","Demon Form","Pain","Shame","Pummel+1","True Grit","Disarm","Armaments+1","Corruption"],"relics":["Burning Blood","Molten Egg 2","Juzu Bracelet","Gremlin Horn","Shuriken","Velvet Choker","MutagenicStrength","Blue Candle","Bottled Lightning","Oddly Smooth Stone","Orichalcum","Incense Burner","Darkstone Periapt","Calling Bell","Vajra","Charon\u0027s Ashes","Question Card","Thread and Needle","Letter Opener","Happy Flower","Dead Branch","Sundial"],"potions_floor_usage":[13,13,16,18,24,29,40,42,42,50],"damage_taken":[{"damage":0,"enemies":"Small Slimes","floor":1,"turns":3},{"damage":2,"enemies":"Jaw Worm","floor":2,"turns":3},{"damage":8,"enemies":"2 Louse","floor":3,"turns":3},{"damage":8,"enemies":"Blue Slaver","floor":7,"turns":4},{"damage":7,"enemies":"2 Fungi Beasts","floor":8,"turns":4},{"damage":17,"enemies":"3 Sentries","floor":10,"turns":8},{"damage":10,"enemies":"Lagavulin","floor":13,"turns":5},{"damage":28,"enemies":"The Guardian","floor":16,"turns":16},{"damage":6,"enemies":"3 Byrds","floor":18,"turns":4},{"damage":7,"enemies":"Shell Parasite","floor":19,"turns":7},{"damage":5,"enemies":"3 Cultists","floor":22,"turns":4},{"damage":53,"enemies":"Book of Stabbing","floor":24,"turns":6},{"damage":5,"enemies":"Snake Plant","floor":29,"turns":3},{"damage":2,"enemies":"Gremlin Leader","floor":30,"turns":4},{"damage":4,"enemies":"Colosseum Slavers","floor":31,"turns":3},{"damage":30,"enemies":"Colosseum Nobs","floor":31,"turns":5},{"damage":12,"enemies":"Automaton","floor":33,"turns":10},{"damage":6,"enemies":"3 Darklings","floor":35,"turns":5},{"damage":19,"enemies":"3 Shapes","floor":36,"turns":4},{"damage":18,"enemies":"Mind Bloom Boss Battle","floor":37,"turns":6},{"damage":5,"enemies":"3 Darklings","floor":39,"turns":4},{"damage":63,"enemies":"Nemesis","floor":40,"turns":9},{"damage":31,"enemies":"Giant Head","floor":42,"turns":9},{"damage":15,"enemies":"Spire Growth","floor":44,"turns":4},{"damage":1,"enemies":"Sphere and 2 Shapes","floor":46,"turns":2},{"damage":2,"enemies":"4 Shapes","floor":48,"turns":4},{"damage":85,"enemies":"Donu and Deca","floor":50,"turns":10}],"seed_played":"-3391768617935752653","potions_obtained":[{"floor":1,"key":"Block Potion"},{"floor":8,"key":"SmokeBomb"},{"floor":10,"key":"AttackPotion"},{"floor":13,"key":"EssenceOfSteel"},{"floor":16,"key":"Fruit Juice"},{"floor":18,"key":"GamblersBrew"},{"floor":22,"key":"FearPotion"},{"floor":33,"key":"Regen Potion"},{"floor":35,"key":"PowerPotion"},{"floor":40,"key":"BloodPotion"},{"floor":46,"key":"SteroidPotion"},{"floor":48,"key":"Regen Potion"}],"is_trial":false,"path_per_floor":["M","M","M","$","?","R","M","M","T","E","R","$","E","T","R","B",null,"M","M","$","?","M","R","E","R","T","$","R","M","E","?","R","B",null,"M","M","?","$","M","E","$","E","T","M","?","M","R","M","R","B"],"character_chosen":"IRONCLAD","items_purchased":["Shrug It Off","Battle Trance","Oddly Smooth Stone","Happy Flower"],"campfire_rested":4,"item_purchase_floors":[4,12,27,41],"current_hp_per_floor":[57,61,59,59,59,59,57,56,56,45,45,45,41,41,41,19,65,74,77,77,77,82,82,35,35,35,35,64,69,73,55,86,80,117,117,108,96,96,97,55,55,42,42,33,33,42,81,92,133,103],"gold":110,"neow_bonus":"REMOVE_TWO","is_prod":false,"is_daily":false,"chose_seed":false,"campfire_upgraded":5,"win_rate":0,"timestamp":1537043983,"path_taken":["M","M","M","$","?","R","M","M","T","E","R","?","E","?","R","BOSS","M","M","$","?","M","R","E","R","T","$","R","M","E","?","R","BOSS","M","M","?","$","M","E","$","E","T","M","?","M","R","M","R","BOSS"],"build_version":"2018-09-06","purchased_purges":3,"victory":true,"max_hp_per_floor":[80,80,80,80,80,80,80,80,80,80,80,80,80,80,80,80,80,89,93,93,93,97,97,97,97,97,97,97,101,101,105,105,105,123,123,127,127,127,127,127,127,127,127,127,127,131,131,138,138,142],"card_choices":[{"not_picked":["Anger","Cleave"],"picked":"Pommel Strike","floor":1},{"not_picked":["Flex","Headbutt"],"picked":"Inflame","floor":2},{"not_picked":["Anger","Sword Boomerang","Thunderclap"],"picked":"SKIP","floor":3},{"not_picked":["Perfected Strike","Searing Blow"],"picked":"Bludgeon","floor":7},{"not_picked":["Burning Pact","Twin Strike"],"picked":"Intimidate","floor":8},{"not_picked":["Dark Embrace","Bloodletting"],"picked":"Shrug It Off","floor":10},{"not_picked":["Immolate+1","Thunderclap+1"],"picked":"Cleave+1","floor":13},{"not_picked":["Brutality","Exhume"],"picked":"Feed+1","floor":16},{"not_picked":["Havoc","Blood for Blood+1","Pommel Strike+1"],"picked":"SKIP","floor":18},{"not_picked":["Wild Strike+1","Blood for Blood+1"],"picked":"Heavy Blade+1","floor":19},{"not_picked":["Bloodletting","Flex"],"picked":"True Grit","floor":22},{"not_picked":["Entrench","Dropkick+1","Pommel Strike+1"],"picked":"SKIP","floor":24},{"not_picked":["Twin Strike+1","Ghostly Armor"],"picked":"Clothesline+1","floor":29},{"not_picked":["Bludgeon+1","Clothesline+1"],"picked":"Metallicize","floor":30},{"not_picked":["Berserk","Impervious"],"picked":"Demon Form","floor":33},{"not_picked":["Seeing Red","Body Slam+1","Feel No Pain"],"picked":"Pummel+1","floor":35},{"not_picked":["Body Slam+1","Reckless Charge+1","Twin Strike+1","Clothesline+1"],"picked":"SKIP","floor":36},{"not_picked":["Searing Blow+1","Pommel Strike+1","Feel No Pain"],"picked":"True Grit","floor":37},{"not_picked":["Headbutt+1","Warcry","Rampage+1","Twin Strike+1"],"picked":"SKIP","floor":39},{"not_picked":["Iron Wave+1","Wild Strike+1","Perfected Strike+1"],"picked":"Disarm","floor":40},{"not_picked":["Fire Breathing","Sentinel","Flex","Warcry"],"picked":"SKIP","floor":42},{"not_picked":["Clash+1","Dark Embrace","Shrug It Off","Headbutt+1"],"picked":"SKIP","floor":44},{"not_picked":["Heavy Blade+1","Evolve+1","Infernal Blade"],"picked":"Armaments+1","floor":46},{"not_picked":["Twin Strike+1","Sword Boomerang+1","Armaments"],"picked":"Corruption","floor":48}],"player_experience":383145,"relics_obtained":[{"floor":9,"key":"Molten Egg 2"},{"floor":10,"key":"Juzu Bracelet"},{"floor":13,"key":"Gremlin Horn"},{"floor":14,"key":"Shuriken"},{"floor":24,"key":"Blue Candle"},{"floor":26,"key":"Bottled Lightning"},{"floor":30,"key":"Orichalcum"},{"floor":31,"key":"Incense Burner"},{"floor":31,"key":"Darkstone Periapt"},{"floor":34,"key":"Vajra"},{"floor":34,"key":"Charon\u0027s Ashes"},{"floor":34,"key":"Question Card"},{"floor":37,"key":"Thread and Needle"},{"floor":40,"key":"Letter Opener"},{"floor":42,"key":"Dead Branch"},{"floor":43,"key":"Sundial"}],"event_choices":[{"event_name":"Living Wall","player_choice":"Grow","floor":5,"damage_taken":0},{"event_name":"Drug Dealer","player_choice":"Inject Mutagens","floor":21,"damage_taken":0},{"event_name":"Colosseum","player_choice":"Fight","floor":31,"damage_taken":0},{"event_name":"Colosseum","player_choice":"Fought Nobs","floor":31,"damage_taken":0},{"event_name":"MindBloom","player_choice":"Fight","floor":37,"damage_taken":0},{"event_name":"SecretPortal","player_choice":"Rejected Portal.","floor":45,"damage_taken":0}],"is_beta":false,"boss_relics":[{"not_picked":["Lizard Tail","Empty Cage"],"picked":"Velvet Choker"},{"not_picked":["Pandora\u0027s Box","White Beast Statue"],"picked":"Calling Bell"}],"items_purged_floors":[4,20,38],"is_endless":false,"potions_floor_spawned":[1,8,10,13,16,18,22,31,33,35,40,46,48],"ascension_level":13}