{"gold_per_floor":[114,132,132,207,207,207,64,89,89,89,109,125,149,162,162,291,291,316,329,1,1,15,15,15],"floor_reached":24,"playtime":1515,"items_purged":[],"score":200,"play_id":"b78124d9-516e-456f-b9c6-032767247dfd","local_time":"20190610020353","is_ascension_mode":true,"campfire_choices":[{"floor":6.0,"key":"REST"},{"floor":10.0,"key":"REST"},{"floor":15,"key":"RECALL"},{"floor":23,"key":"REST"}],"neow_cost":"NONE","seed_source_timestamp":0,"circlet_count":0,"master_deck":["Strike_B","Strike_B","Strike_B","Strike_B","Defend_B","Defend_B","Defend_B","Defend_B","Zap","Dualcast+1","Rainbow","Redo","Hello World","Chaos","Cold Snap","Conserve Battery","Undo","Redo","Machine Learning","Capacitor","Darkness+1","Hello World","Coolheaded+1"],"special_seed":0,"relics":["Cracked Core","Golden Idol","Boot","Pantograph","Eternal Feather","Calipers"],"potions_floor_usage":[18],"damage_taken":[{"damage":5.0,"enemies":"2 Louse","floor":1.0,"turns":2.0},{"damage":6.0,"enemies":"Small Slimes","floor":2.0,"turns":4.0},{"damage":0.0,"enemies":"Cultist","floor":8.0,"turns":3.0},{"damage":10.0,"enemies":"Looter","floor":11.0,"turns":2.0},{"damage":11.0,"enemies":"2 Fungi Beasts","floor":12.0,"turns":3.0},{"damage":1.0,"enemies":"Large Slime","floor":13.0,"turns":5.0},{"damage":5,"enemies":"Blue Slaver","floor":14,"turns":3},{"damage":36,"enemies":"Slime Boss","floor":16,"turns":14},{"damage":22,"enemies":"Spheric Guardian","floor":18,"turns":6},{"damage":12,"enemies":"Chosen","floor":19,"turns":6},{"damage":38,"enemies":"Sentry and Sphere","floor":22,"turns":12},{"damage":39,"enemies":"Slavers","floor":24,"turns":4}],"seed_played":"-4765730602461775783","potions_obtained":[{"floor":2.0,"key":"Explosive Potion"},{"floor":8.0,"key":"PowerPotion"},{"floor":13,"key":"Weak Potion"},{"floor":18,"key":"GamblersBrew"}],"is_trial":false,"path_per_floor":["M","M","?","?","?","R","$","M","T","R","M","M","M","M","R","B",null,"M","M","$","?","M","R","E"],"character_chosen":"DEFECT","items_purchased":["Boot","Calipers","Hello World"],"campfire_rested":3,"item_purchase_floors":[7,20,20],"current_hp_per_floor":[70,64,46,35,35,57,57,57,57,75,65,54,53,48,48,37,75,53,41,41,41,3,37,0],"gold":15,"neow_bonus":"ONE_RANDOM_RARE_CARD","is_prod":false,"is_daily":false,"chose_seed":false,"campfire_upgraded":0,"win_rate":0,"timestamp":1560146633,"path_taken":["M","M","?","?","?","R","$","M","T","R","M","M","M","?","R","BOSS","M","M","$","?","M","R","E"],"build_version":"2019-01-23","purchased_purges":0,"victory":false,"max_hp_per_floor":[75,75,75,75,75,75,75,75,75,75,75,75,75,75,75,75,75,75,75,75,75,75,75,75],"card_choices":[{"not_picked":["Sweeping Beam","Turbo"],"picked":"Redo","floor":1.0},{"not_picked":["Go for the Eyes","Reinforced Body"],"picked":"Hello World","floor":2.0},{"not_picked":["Lockon","Aggregate"],"picked":"Chaos","floor":8.0},{"not_picked":["Hello World","Blizzard"],"picked":"Cold Snap","floor":11.0},{"not_picked":["Barrage","Fusion"],"picked":"Conserve Battery","floor":12.0},{"not_picked":["Gash","Stack"],"picked":"Undo","floor":13},{"not_picked":["Conserve Battery","Rebound"],"picked":"Redo","floor":14},{"not_picked":["Thunder Strike","Biased Cognition"],"picked":"Machine Learning","floor":16},{"not_picked":["Fusion","Rebound"],"picked":"Capacitor","floor":18},{"not_picked":["Barrage","Static Discharge"],"picked":"Darkness+1","floor":19},{"not_picked":["Ball Lightning","Gash"],"picked":"Coolheaded+1","floor":22}],"player_experience":91238,"relics_obtained":[{"floor":9.0,"key":"Pantograph"}],"event_choices":[{"damage_healed":0.0,"max_hp_gain":0.0,"max_hp_loss":0.0,"gold_gain":0.0,"event_name":"Golden Idol","player_choice":"Take Damage","floor":3.0,"gold_loss":0.0,"damage_taken":18.0,"relics_obtained":["Golden Idol"]},{"damage_healed":0.0,"max_hp_gain":0.0,"max_hp_loss":0.0,"gold_gain":75.0,"event_name":"World of Goop","player_choice":"Gather Gold","floor":4.0,"gold_loss":0.0,"damage_taken":11.0},{"damage_healed":0.0,"max_hp_gain":0.0,"max_hp_loss":0.0,"gold_gain":0.0,"event_name":"Upgrade Shrine","player_choice":"Upgraded","floor":5.0,"gold_loss":0.0,"damage_taken":0.0,"cards_upgraded":["Dualcast"]},{"damage_healed":0,"gold_gain":0,"player_choice":"Ignored","damage_taken":0,"max_hp_gain":0,"max_hp_loss":0,"event_name":"Ghosts","floor":21,"gold_loss":0}],"is_beta":false,"boss_relics":[{"not_picked":["Cursed Key","Astrolabe"],"picked":"Eternal Feather"}],"items_purged_floors":[],"is_endless":false,"potions_floor_spawned":[2,8,13,18],"killed_by":"Slavers","ascension_level":1}