{"gold_per_floor":[116,116,131,147,22,56,56,67,90,109,119,144,144,44,44,146,146,164,39,39,39,39,39,72,72,72,85,85,85,184,184],"floor_reached":31,"playtime":1725,"items_purged":["Strike_B","Strike_B","Strike_B"],"score":251,"play_id":"0fafda24-a2b4-4768-a97d-0ea00c1777c8","local_time":"20190710225611","is_ascension_mode":false,"campfire_choices":[{"floor":7.0,"key":"REST"},{"data":"White Noise","floor":13,"key":"SMITH"},{"data":"Zap","floor":15,"key":"SMITH"},{"data":"Creative AI","floor":23,"key":"SMITH"},{"floor":29,"key":"REST"}],"neow_cost":"NONE","seed_source_timestamp":213906778629103,"circlet_count":0,"master_deck":["Strike_B","Defend_B","Defend_B","Defend_B","Zap+1","Dualcast+1","Scrape","Self Repair","Scrape","Rebound","Go for the Eyes","Ball Lightning","All For One","Skim","White Noise+1","Creative AI+1","Steam","Turbo","Rebound","Buffer","Thunder Strike","Conserve Battery","Go for the Eyes"],"special_seed":0,"relics":["Anchor","Potion Belt","Juzu Bracelet","Orrery","Nloth\u0027s Gift","Art of War","MutagenicStrength","Pear"],"potions_floor_usage":[],"damage_taken":[{"damage":2.0,"enemies":"2 Louse","floor":1.0,"turns":3.0},{"damage":4.0,"enemies":"Cultist","floor":3.0,"turns":4.0},{"damage":1.0,"enemies":"Jaw Worm","floor":4.0,"turns":3.0},{"damage":23.0,"enemies":"Gremlin Nob","floor":6.0,"turns":4.0},{"damage":1.0,"enemies":"Lots of Slimes","floor":8.0,"turns":3.0},{"damage":1.0,"enemies":"Exordium Wildlife","floor":10.0,"turns":3.0},{"damage":8,"enemies":"Gremlin Gang","floor":11,"turns":4},{"damage":66,"enemies":"Hexaghost","floor":16,"turns":10},{"damage":19,"enemies":"Shell Parasite","floor":18,"turns":7},{"damage":57,"enemies":"Slavers","floor":24,"turns":6},{"damage":0,"enemies":"3 Byrds","floor":27,"turns":5},{"damage":53,"enemies":"Shelled Parasite and Fungi","floor":31,"turns":7}],"seed_played":"2938755705009368613","potions_obtained":[{"floor":1.0,"key":"Dexterity Potion"},{"floor":3.0,"key":"Strength Potion"},{"floor":11,"key":"AttackPotion"},{"floor":16,"key":"Poison Potion"},{"floor":27,"key":"FocusPotion"}],"is_trial":false,"path_per_floor":["M","?","M","M","$","E","R","M","T","M","M","T","R","$","R","B",null,"M","$","?","?","?","R","E","?","T","M","?","R","?","M"],"character_chosen":"DEFECT","items_purchased":["Go for the Eyes"],"campfire_rested":2,"item_purchase_floors":[5],"current_hp_per_floor":[73,73,75,75,75,59,75,74,74,75,74,74,74,74,74,8,75,63,63,63,63,63,63,6,6,16,23,23,48,48,0],"gold":184,"neow_bonus":"THREE_CARDS","is_prod":false,"is_daily":false,"chose_seed":false,"campfire_upgraded":3,"win_rate":0.0,"timestamp":1562813771,"path_taken":["M","?","M","M","?","E","R","M","T","M","?","?","R","$","R","BOSS","M","$","?","?","?","R","E","?","T","M","?","R","?","M"],"build_version":"2019-07-05","purchased_purges":3,"victory":false,"max_hp_per_floor":[75,75,75,75,75,75,75,75,75,75,75,75,75,75,75,75,75,75,75,75,75,75,75,75,75,85,85,85,85,85,85],"card_choices":[{"not_picked":["Capacitor","Heatsinks"],"picked":"Scrape","floor":0.0},{"not_picked":["Ball Lightning","Melter"],"picked":"Self Repair","floor":1.0},{"not_picked":["Tempest","Rip and Tear"],"picked":"Scrape","floor":3.0},{"not_picked":["Sweeping Beam","Auto Shields"],"picked":"Rebound","floor":4.0},{"not_picked":["Darkness","Barrage"],"picked":"Ball Lightning","floor":6.0},{"not_picked":["Barrage","Streamline"],"picked":"All For One","floor":8.0},{"not_picked":["Rip and Tear","Consume"],"picked":"Skim","floor":10.0},{"not_picked":["Tempest","Stack"],"picked":"White Noise","floor":11},{"not_picked":["Biased Cognition","Fission"],"picked":"Creative AI","floor":16},{"not_picked":["Rebound","Self Repair"],"picked":"Steam","floor":17},{"not_picked":["Redo","Static Discharge"],"picked":"Turbo","floor":17},{"not_picked":["Consume","Streamline"],"picked":"Rebound","floor":17},{"not_picked":["Cold Snap","Static Discharge"],"picked":"Buffer","floor":17},{"not_picked":["Melter","Redo","Fusion"],"picked":"SKIP","floor":18},{"not_picked":["Undo","Meteor Strike"],"picked":"Conserve Battery","floor":24},{"not_picked":["Undo+1","Ball Lightning+1"],"picked":"Go for the Eyes","floor":27}],"player_experience":87916,"relics_obtained":[{"floor":6.0,"key":"Anchor"},{"floor":9.0,"key":"Potion Belt"},{"floor":12,"key":"Juzu Bracelet"},{"floor":24,"key":"Art of War"},{"floor":26,"key":"Pear"}],"event_choices":[{"damage_healed":0.0,"max_hp_gain":0.0,"max_hp_loss":0.0,"gold_gain":0.0,"event_name":"Upgrade Shrine","player_choice":"Upgraded","floor":2.0,"gold_loss":0.0,"damage_taken":0.0,"cards_upgraded":["Dualcast"]},{"damage_healed":0,"gold_gain":0,"player_choice":"Traded Relic","damage_taken":0,"relics_obtained":["Nloth\u0027s Gift"],"max_hp_gain":0,"max_hp_loss":0,"event_name":"N\u0027loth","floor":20,"relics_lost":["Cracked Core"],"gold_loss":0},{"damage_healed":0,"gold_gain":0,"cards_transformed":["Defend_B"],"player_choice":"Transformed","damage_taken":0,"max_hp_gain":0,"max_hp_loss":0,"event_name":"Transmorgrifier","floor":22,"gold_loss":0,"cards_obtained":["Thunder Strike"]},{"damage_healed":0,"gold_gain":0,"player_choice":"Inject Mutagens","damage_taken":0,"relics_obtained":["MutagenicStrength"],"max_hp_gain":0,"max_hp_loss":0,"event_name":"Drug Dealer","floor":25,"gold_loss":0},{"damage_healed":0,"gold_gain":0,"player_choice":"Bought 0 Potions","damage_taken":0,"max_hp_gain":0,"max_hp_loss":0,"event_name":"The Woman in Blue","floor":28,"gold_loss":0},{"damage_healed":0,"gold_gain":99,"player_choice":"Stole From Cult","damage_taken":0,"max_hp_gain":0,"max_hp_loss":0,"event_name":"Nest","floor":30,"gold_loss":0}],"is_beta":false,"boss_relics":[{"not_picked":["White Beast Statue","Calling Bell"],"picked":"Orrery"}],"items_purged_floors":[5,14,19],"is_endless":false,"potions_floor_spawned":[1,3,11,16,27],"killed_by":"Shelled Parasite and Fungi","ascension_level":0}