{"gold_per_floor":[111,37,37,56,56,56,85,96,96,96,109,109,121,150,150,246,246,257,182,200,219,234,234],"floor_reached":23,"playtime":1557,"items_purged":["Strike_B"],"score":292,"play_id":"2bf1ee76-cbc0-40e8-b5c2-854c4fdb4272","local_time":"20180822015851","is_ascension_mode":true,"campfire_choices":[{"data":"Zap","floor":6,"key":"SMITH"},{"floor":10,"key":"REST"},{"data":"Recycle","floor":12,"key":"SMITH"},{"data":"Defragment","floor":15,"key":"SMITH"}],"neow_cost":"","seed_source_timestamp":512699295168483,"circlet_count":0,"master_deck":["Strike_B","Strike_B","Strike_B","Defend_B","Defend_B","Defend_B","Defend_B+1","Zap+1","Dualcast","Recycle+1","Defragment+1","Conserve Battery","Defragment+1","Defragment","Auto Shields","Coolheaded","Ball Lightning","Echo Form","Coolheaded+1","FTL","Seek"],"relics":["Cracked Core","Meat on the Bone","Bag of Preparation","Odd Mushroom","Philosopher\u0027s Stone"],"potions_floor_usage":[7,16,16],"damage_taken":[{"damage":9,"enemies":"2 Louse","floor":1,"turns":3},{"damage":4,"enemies":"Small Slimes","floor":4,"turns":3},{"damage":40,"enemies":"Gremlin Nob","floor":7,"turns":5},{"damage":0,"enemies":"Cultist","floor":8,"turns":3},{"damage":1,"enemies":"Blue Slaver","floor":11,"turns":3},{"damage":7,"enemies":"Exordium Wildlife","floor":13,"turns":3},{"damage":11,"floor":14,"turns":5},{"damage":0,"enemies":"Slime Boss","floor":16,"turns":9},{"damage":68,"enemies":"3 Byrds","floor":18,"turns":5},{"damage":0,"enemies":"Shell Parasite","floor":20,"turns":6},{"damage":5,"enemies":"Snecko","floor":21,"turns":6},{"damage":13,"enemies":"Cultist and Chosen","floor":22,"turns":6},{"damage":40,"enemies":"Book of Stabbing","floor":23,"turns":5}],"seed_played":"5668263997684412825","potions_obtained":[{"floor":4,"key":"LiquidBronze"},{"floor":7,"key":"SkillPotion"},{"floor":8,"key":"FocusPotion"},{"floor":13,"key":"Dexterity Potion"},{"floor":20,"key":"SteroidPotion"}],"is_trial":false,"path_per_floor":["M","$","?","M","?","R","E","M","T","R","M","R","M","?","R","B",null,"M","$","M","M","M"],"character_chosen":"DEFECT","items_purchased":["Defragment"],"campfire_rested":1,"item_purchase_floors":[2],"current_hp_per_floor":[66,66,66,62,47,47,7,19,19,41,40,40,45,46,46,46,75,19,19,31,38,37,0],"gold":234,"neow_bonus":"","is_prod":false,"is_daily":false,"chose_seed":false,"campfire_upgraded":3,"win_rate":0,"timestamp":1534917531,"path_taken":["M","$","?","?","?","R","E","M","T","R","M","R","M","?","R","BOSS","M","$","M","M","M","E"],"build_version":"2018-08-16","purchased_purges":1,"victory":false,"max_hp_per_floor":[75,75,75,75,75,75,75,75,75,75,75,75,75,75,75,75,75,75,75,75,75,75,75],"card_choices":[{"not_picked":["Coolheaded","Lockon"],"picked":"Recycle","floor":1},{"not_picked":["Redo","Rip and Tear"],"picked":"Conserve Battery","floor":4},{"not_picked":["Redo","Lockon"],"picked":"Defragment","floor":7},{"not_picked":["Streamline","Beam Cell"],"picked":"Defragment","floor":8},{"not_picked":["Turbo","Machine Learning"],"picked":"Auto Shields","floor":11},{"not_picked":["Rebound","Ball Lightning"],"picked":"Coolheaded","floor":13},{"not_picked":["Steam","Storm"],"picked":"Ball Lightning","floor":14},{"not_picked":["Creative AI","All For One"],"picked":"Echo Form","floor":16},{"not_picked":["Turbo","Heatsinks"],"picked":"Coolheaded+1","floor":18},{"not_picked":["Gash","Sweeping Beam+1","Streamline"],"picked":"SKIP","floor":20},{"not_picked":["Go for the Eyes","Scrape+1"],"picked":"FTL","floor":21},{"not_picked":["Gash+1","Streamline"],"picked":"Seek","floor":22}],"player_experience":133708,"relics_obtained":[{"floor":7,"key":"Meat on the Bone"},{"floor":9,"key":"Bag of Preparation"},{"floor":14,"key":"Odd Mushroom"}],"event_choices":[{"event_name":"Liars Game","player_choice":"disagreed","floor":3,"damage_taken":0},{"event_name":"Shining Light","player_choice":"Entered Light","floor":5,"damage_taken":0},{"event_name":"Mushrooms","player_choice":"Fought Mushrooms","floor":14,"damage_taken":0}],"is_beta":false,"boss_relics":[{"not_picked":["FrozenCore","Astrolabe"],"picked":"Philosopher\u0027s Stone"}],"items_purged_floors":[19],"is_endless":false,"potions_floor_spawned":[4,7,8,13,20],"killed_by":"Book of Stabbing","ascension_level":4}