{"gold_per_floor":[17,17,17,36,36,68,68,94,94,126,141,141,158,171,171,273,273,290,302,302,315,334,368,368,48,48,64,90,90,51,62,62,162,162,181,193,210,227,227,256,75,85,109,127,144,177,177,197,197,197],"floor_reached":51,"playtime":3365,"items_purged":["Strike_R","Strike_R"],"score":873,"play_id":"2f74c1e2-b518-4a0c-9885-0bfe1320c804","local_time":"20190721132339","is_ascension_mode":false,"campfire_choices":[{"data":"Wild Strike","floor":7,"key":"SMITH"},{"data":"True Grit","floor":15,"key":"SMITH"},{"data":"Heavy Blade","floor":24,"key":"SMITH"},{"data":"Intimidate","floor":29,"key":"SMITH"},{"data":"Feel No Pain","floor":32,"key":"SMITH"},{"data":"Demon Form","floor":47,"key":"SMITH"},{"data":"Spot Weakness","floor":49,"key":"SMITH"}],"neow_cost":"NO_GOLD","seed_source_timestamp":359849855334256,"circlet_count":0,"master_deck":["Strike_R","Defend_R","Defend_R","Defend_R","Bash","Wild Strike+1","Twin Strike","Iron Wave","True Grit+1","Intimidate+1","Feel No Pain+1","Spot Weakness+1","Thunderclap","Brutality","Fire Breathing+1","Heavy Blade+1","Brutality","Uppercut+1","Inflame+1","Battle Trance+1","Whirlwind","Reaper","Shrug It Off+1","Demon Form+1","Reaper","Rupture"],"relics":["Burning Blood","Pantograph","Orichalcum","Pen Nib","Mummified Hand","Meat on the Bone","Shuriken","Coffee Dripper","Dodecahedron","Singing Bowl","Paper Frog","Bottled Lightning","Darkstone Periapt","Velvet Choker","PreservedInsect","Bag of Preparation"],"potions_floor_usage":[6,16,23,38],"damage_taken":[{"damage":0,"enemies":"2 Louse","floor":1,"turns":3},{"damage":2,"enemies":"Small Slimes","floor":4,"turns":3},{"damage":0,"enemies":"Gremlin Nob","floor":6,"turns":2},{"damage":19,"enemies":"3 Sentries","floor":8,"turns":8},{"damage":16,"enemies":"Gremlin Nob","floor":10,"turns":4},{"damage":0,"enemies":"Jaw Worm","floor":11,"turns":2},{"damage":1,"enemies":"Looter","floor":13,"turns":3},{"damage":2,"enemies":"Blue Slaver","floor":14,"turns":3},{"damage":0,"enemies":"Slime Boss","floor":16,"turns":5},{"damage":3,"enemies":"Shell Parasite","floor":18,"turns":4},{"damage":2,"enemies":"Chosen","floor":19,"turns":3},{"damage":8,"enemies":"Centurion and Healer","floor":21,"turns":6},{"damage":17,"enemies":"Shelled Parasite and Fungi","floor":22,"turns":4},{"damage":35,"enemies":"Book of Stabbing","floor":23,"turns":5},{"damage":13,"enemies":"Snecko","floor":27,"turns":5},{"damage":26,"enemies":"Slavers","floor":28,"turns":4},{"damage":13,"enemies":"Centurion and Healer","floor":31,"turns":4},{"damage":25,"enemies":"Champ","floor":33,"turns":6},{"damage":26,"enemies":"3 Darklings","floor":35,"turns":3},{"damage":5,"enemies":"Orb Walker","floor":36,"turns":2},{"damage":35,"enemies":"Maw","floor":37,"turns":6},{"damage":42,"enemies":"Spire Growth","floor":38,"turns":5},{"damage":12,"enemies":"Nemesis","floor":40,"turns":5},{"damage":12,"enemies":"Jaw Worm Horde","floor":42,"turns":3},{"damage":25,"enemies":"4 Shapes","floor":44,"turns":3},{"damage":26,"enemies":"Maw","floor":45,"turns":5},{"damage":27,"enemies":"Giant Head","floor":46,"turns":6},{"damage":0,"enemies":"Jaw Worm Horde","floor":48,"turns":1},{"damage":50,"enemies":"Donu and Deca","floor":50,"turns":6}],"seed_played":"6657961140395484882","potions_obtained":[{"floor":1,"key":"SteroidPotion"},{"floor":6,"key":"Fire Potion"},{"floor":10,"key":"PowerPotion"},{"floor":16,"key":"Dexterity Potion"},{"floor":19,"key":"EssenceOfSteel"},{"floor":21,"key":"Explosive Potion"},{"floor":28,"key":"EssenceOfSteel"},{"floor":31,"key":"Fire Potion"},{"floor":38,"key":"LiquidBronze"}],"is_trial":false,"path_per_floor":["M","?","?","M","?","E","R","E","T","E","M","T","M","M","R","B",null,"M","M","?","M","M","E","R","$","T","M","E","R","$","M","R","B",null,"M","M","M","M","?","E","$","M","T","M","M","E","R","M","R","B",null],"character_chosen":"IRONCLAD","items_purchased":["Paper Frog","Whirlwind","Rupture"],"campfire_rested":0,"item_purchase_floors":[25,30,41],"current_hp_per_floor":[80,80,68,72,72,78,78,65,65,55,61,61,66,70,70,80,80,80,80,80,78,67,50,50,50,50,55,49,49,49,56,56,62,84,75,78,61,63,63,90,90,87,87,94,96,84,84,92,92,100],"gold":197,"neow_bonus":"REMOVE_TWO","is_prod":false,"is_daily":false,"chose_seed":false,"campfire_upgraded":7,"win_rate":0,"timestamp":1563708219,"path_taken":["M","?","?","M","?","E","R","E","T","E","M","?","?","M","R","BOSS","M","M","?","M","M","E","R","$","T","M","E","R","?","M","R","BOSS","M","M","M","M","?","E","$","?","T","M","M","E","R","M","R","BOSS"],"build_version":"2019-07-17","purchased_purges":2,"victory":true,"max_hp_per_floor":[80,80,80,80,80,80,80,80,80,80,80,80,80,80,80,80,80,80,80,80,80,80,80,80,80,80,80,82,82,82,84,84,84,84,84,86,86,88,88,90,90,92,92,94,96,98,98,100,100,100],"card_choices":[{"not_picked":["Flame Barrier","True Grit"],"picked":"Wild Strike","floor":1},{"not_picked":["Flex","Infernal Blade"],"picked":"Twin Strike","floor":4},{"not_picked":["Dark Embrace","Twin Strike"],"picked":"Iron Wave","floor":6},{"not_picked":["Flame Barrier","Body Slam"],"picked":"True Grit","floor":8},{"not_picked":["Sword Boomerang","Pummel"],"picked":"Intimidate","floor":10},{"not_picked":["Iron Wave","Metallicize"],"picked":"Feel No Pain","floor":11},{"not_picked":["Rage","Flex"],"picked":"Spot Weakness","floor":13},{"not_picked":["Warcry","Havoc"],"picked":"Thunderclap","floor":14},{"not_picked":["Bludgeon","Impervious"],"picked":"Brutality","floor":16},{"not_picked":["Hemokinesis","Headbutt"],"picked":"Fire Breathing+1","floor":18},{"not_picked":["Perfected Strike","Rampage"],"picked":"Heavy Blade","floor":19},{"not_picked":["Iron Wave","Thunderclap"],"picked":"Brutality","floor":21},{"not_picked":["Reckless Charge+1","Wild Strike"],"picked":"Uppercut+1","floor":22},{"not_picked":["Twin Strike+1","Havoc"],"picked":"Inflame+1","floor":23},{"not_picked":["Power Through","Clash+1"],"picked":"Battle Trance+1","floor":27},{"not_picked":["Iron Wave","Sword Boomerang","Thunderclap"],"picked":"Singing Bowl","floor":28},{"not_picked":["Fire Breathing","Iron Wave","Bloodletting"],"picked":"Singing Bowl","floor":31},{"not_picked":["Demon Form","Berserk"],"picked":"Reaper","floor":33},{"not_picked":["Dual Wield+1","Feel No Pain"],"picked":"Shrug It Off+1","floor":35},{"not_picked":["Cleave+1","Bloodletting","Iron Wave+1"],"picked":"Singing Bowl","floor":36},{"not_picked":["Cleave+1","Havoc+1"],"picked":"Demon Form","floor":37},{"not_picked":["Anger","Disarm","Flex+1"],"picked":"Singing Bowl","floor":38},{"not_picked":["Dropkick","Second Wind","Anger"],"picked":"Singing Bowl","floor":40},{"not_picked":["Perfected Strike","Clash+1","Armaments"],"picked":"Singing Bowl","floor":42},{"not_picked":["Cleave+1","Bludgeon","Body Slam"],"picked":"Singing Bowl","floor":44},{"not_picked":["Havoc+1","Body Slam+1","Thunderclap+1"],"picked":"Singing Bowl","floor":45},{"not_picked":["Infernal Blade+1","Intimidate","Burning Pact"],"picked":"Singing Bowl","floor":46},{"not_picked":["Clash+1","Twin Strike+1","Wild Strike+1"],"picked":"Singing Bowl","floor":48}],"player_experience":491035,"relics_obtained":[{"floor":6,"key":"Orichalcum"},{"floor":8,"key":"Pen Nib"},{"floor":9,"key":"Mummified Hand"},{"floor":10,"key":"Meat on the Bone"},{"floor":12,"key":"Shuriken"},{"floor":23,"key":"Singing Bowl"},{"floor":26,"key":"Bottled Lightning"},{"floor":28,"key":"Darkstone Periapt"},{"floor":40,"key":"PreservedInsect"},{"floor":46,"key":"Bag of Preparation"}],"event_choices":[{"cards_removed":["Strike_R"],"damage_healed":0,"gold_gain":0,"player_choice":"Forget","damage_taken":0,"max_hp_gain":0,"max_hp_loss":0,"event_name":"Living Wall","floor":2,"gold_loss":0},{"damage_healed":0,"gold_gain":0,"player_choice":"Success","damage_taken":12,"relics_obtained":["Pantograph"],"max_hp_gain":0,"max_hp_loss":0,"event_name":"Scrap Ooze","floor":3,"gold_loss":0},{"damage_healed":0,"gold_gain":0,"player_choice":"Leave","damage_taken":0,"max_hp_gain":0,"max_hp_loss":0,"event_name":"The Cleric","floor":5,"gold_loss":0},{"damage_healed":0,"gold_gain":0,"player_choice":"Gave Potion","damage_taken":0,"relics_obtained":["Dodecahedron"],"max_hp_gain":0,"max_hp_loss":0,"event_name":"WeMeetAgain","floor":20,"gold_loss":0},{"damage_healed":0,"gold_gain":0,"player_choice":"Copied","damage_taken":0,"max_hp_gain":0,"max_hp_loss":0,"event_name":"Duplicator","floor":39,"gold_loss":0,"cards_obtained":["Reaper"]}],"is_beta":false,"boss_relics":[{"not_picked":["Eternal Feather","Philosopher\u0027s Stone"],"picked":"Coffee Dripper"},{"not_picked":["Busted Crown","Runic Pyramid"],"picked":"Velvet Choker"}],"items_purged_floors":[25,41],"is_endless":false,"potions_floor_spawned":[1,6,10,16,19,21,28,31,36,38,42,45],"ascension_level":0}