{"gold_per_floor":[115,115,115,131,143,171,171,188,188,188,188,198,216,163,163,262,262,279,279,295,3,102,127,127,137,137,149,168,168,182,199,199,304,304,322,322,222,236,249,249,260,277,277,296,296,296,28,28,28,28],"floor_reached":51,"playtime":3472,"items_purged":["Strike_G","Defend_G","Dagger Throw"],"score":648,"play_id":"12045d4c-69a3-4d57-904b-befeaae82387","local_time":"20190709010645","is_ascension_mode":false,"campfire_choices":[{"data":"Blade Dance","floor":7.0,"key":"SMITH"},{"data":"Blade Dance","floor":11.0,"key":"SMITH"},{"data":"Finisher","floor":15.0,"key":"SMITH"},{"floor":24.0,"key":"REST"},{"floor":32.0,"key":"REST"},{"floor":40,"key":"REST"},{"floor":45,"key":"REST"},{"data":"Apotheosis","floor":46,"key":"SMITH"},{"floor":49,"key":"REST"}],"neow_cost":"NONE","seed_source_timestamp":46929060933839,"circlet_count":0,"master_deck":["Strike_G","Strike_G","Defend_G","Defend_G","Defend_G","Defend_G","Survivor","Neutralize","Finisher+1","Sucker Punch","Die Die Die","Blade Dance+1","Blade Dance+1","Flying Knee","Leg Sweep","Cloak And Dagger","Phantasmal Killer","Prepared","Accuracy","Blade Dance","Apotheosis+1","Well Laid Plans","Footwork","Backflip","Night Terror","Dash","Tools of the Trade+1","Accuracy+1","Prepared+1"],"special_seed":0,"relics":["Ring of the Snake","Tingsha","The Specimen","Sozu","Thread and Needle","Frozen Egg 2","Calling Bell","WingedGreaves","Centennial Puzzle","Meat on the Bone","Kunai","Happy Flower"],"potions_floor_usage":[33,50],"damage_taken":[{"damage":0.0,"enemies":"Small Slimes","floor":1.0,"turns":3.0},{"damage":0.0,"enemies":"2 Louse","floor":4.0,"turns":1.0},{"damage":0.0,"enemies":"Cultist","floor":5.0,"turns":2.0},{"damage":18.0,"enemies":"Gremlin Nob","floor":6.0,"turns":5.0},{"damage":3.0,"enemies":"3 Louse","floor":8.0,"turns":2.0},{"damage":0.0,"enemies":"Lots of Slimes","floor":12.0,"turns":1.0},{"damage":4.0,"enemies":"Large Slime","floor":13.0,"turns":5.0},{"damage":39.0,"enemies":"Slime Boss","floor":16.0,"turns":13.0},{"damage":0.0,"enemies":"3 Byrds","floor":18.0,"turns":6.0},{"damage":0.0,"enemies":"Spheric Guardian","floor":20.0,"turns":2.0},{"damage":53.0,"enemies":"Slavers","floor":23.0,"turns":6.0},{"damage":13.0,"enemies":"Snake Plant","floor":25.0,"turns":5.0},{"damage":0.0,"enemies":"Centurion and Healer","floor":27.0,"turns":5.0},{"damage":0.0,"enemies":"Snecko","floor":28.0,"turns":5.0},{"damage":17.0,"enemies":"Sentry and Sphere","floor":30.0,"turns":5.0},{"damage":6.0,"enemies":"Snake Plant","floor":31.0,"turns":6.0},{"damage":7,"enemies":"Champ","floor":33,"turns":12},{"damage":18,"enemies":"3 Shapes","floor":35,"turns":4},{"damage":32,"enemies":"3 Darklings","floor":38,"turns":5},{"damage":31,"enemies":"Sphere and 2 Shapes","floor":39,"turns":6},{"damage":17,"enemies":"Spire Growth","floor":41,"turns":4},{"damage":15,"enemies":"3 Darklings","floor":42,"turns":5},{"damage":3,"enemies":"Writhing Mass","floor":44,"turns":5},{"damage":52,"enemies":"Time Eater","floor":50,"turns":7}],"seed_played":"-1214165649627430575","potions_obtained":[{"floor":1.0,"key":"LiquidBronze"},{"floor":6.0,"key":"Fire Potion"},{"floor":12.0,"key":"FearPotion"}],"is_trial":false,"path_per_floor":["M","?","$","M","M","E","R","M","T","?","R","M","M","$","R","B",null,"M","?","M","$","?","E","R","M","T","M","M","?","M","M","R","B",null,"M","?","$","M","M","R","M","M","T","M","R","R","$","?","R","B",null],"character_chosen":"THE_SILENT","items_purchased":["Cloak And Dagger","Blade Dance","Apotheosis","Happy Flower"],"campfire_rested":5,"item_purchase_floors":[14,21,21,47],"current_hp_per_floor":[70,70,70,70,70,52,52,49,49,54,54,54,50,50,50,11,75,75,75,75,75,75,22,44,31,31,31,31,31,14,8,30,23,75,57,57,57,37,18,40,35,32,32,41,63,63,63,63,75,35],"gold":28,"neow_bonus":"THREE_CARDS","is_prod":false,"is_daily":false,"chose_seed":false,"campfire_upgraded":4,"win_rate":0.0,"timestamp":1562648805,"path_taken":["M","?","$","M","M","E","R","M","T","?","R","M","M","$","R","BOSS","M","?","M","$","?","E","R","M","T","M","M","?","M","?","R","BOSS","M","?","$","M","M","R","M","?","T","M","R","R","$","?","R","BOSS"],"build_version":"2019-07-05","purchased_purges":3,"victory":true,"max_hp_per_floor":[70,70,70,70,70,70,70,70,70,75,75,75,75,75,75,75,75,75,75,75,75,75,75,75,75,75,75,75,75,75,75,75,75,75,75,75,75,75,75,75,75,75,75,75,75,75,75,75,75,75],"card_choices":[{"not_picked":["Noxious Fumes","Terror"],"picked":"Finisher","floor":0.0},{"not_picked":["Crippling Poison","Acrobatics"],"picked":"Sucker Punch","floor":1.0},{"not_picked":["Catalyst","Acrobatics"],"picked":"Blade Dance","floor":4.0},{"not_picked":["Footwork","Dodge and Roll"],"picked":"Blade Dance","floor":5.0},{"not_picked":["Heel Hook","Endless Agony"],"picked":"Dagger Throw","floor":6.0},{"not_picked":["Acrobatics","Catalyst"],"picked":"Flying Knee","floor":8.0},{"not_picked":["Reflex","Glass Knife","Underhanded Strike"],"picked":"SKIP","floor":12.0},{"not_picked":["Dodge and Roll","Dagger Throw"],"picked":"Leg Sweep","floor":13.0},{"not_picked":["Adrenaline","Tools of the Trade"],"picked":"Phantasmal Killer","floor":16.0},{"not_picked":["Dodge and Roll+1","Expertise"],"picked":"Prepared","floor":18.0},{"not_picked":["Slice","Blade Dance"],"picked":"Accuracy","floor":20.0},{"not_picked":["Acrobatics","Bane"],"picked":"Well Laid Plans","floor":23.0},{"not_picked":["Prepared","Finisher"],"picked":"Footwork","floor":25.0},{"not_picked":["Flechettes","Caltrops+1","PiercingWail"],"picked":"SKIP","floor":27.0},{"not_picked":["Leg Sweep","Poisoned Stab+1"],"picked":"Backflip","floor":28.0},{"not_picked":["Sucker Punch","Backflip"],"picked":"Night Terror","floor":30.0},{"not_picked":["Catalyst","Slice"],"picked":"Dash","floor":31.0},{"not_picked":["Malaise","Bullet Time"],"picked":"Tools of the Trade+1","floor":33},{"not_picked":["Masterful Stab+1","Acrobatics+1"],"picked":"Accuracy+1","floor":35},{"not_picked":["Footwork+1","Flying Knee","Riddle With Holes"],"picked":"SKIP","floor":38},{"not_picked":["Tactician","Bouncing Flask","Flying Knee"],"picked":"SKIP","floor":39},{"not_picked":["Dagger Throw+1","Outmaneuver+1","Slice"],"picked":"SKIP","floor":41},{"not_picked":["Outmaneuver","Masterful Stab"],"picked":"Prepared+1","floor":42},{"not_picked":["Calculated Gamble+1","Dash","Riddle With Holes"],"picked":"SKIP","floor":44}],"player_experience":32149,"relics_obtained":[{"floor":6.0,"key":"Tingsha"},{"floor":9.0,"key":"The Specimen"},{"floor":23.0,"key":"Thread and Needle"},{"floor":26.0,"key":"Frozen Egg 2"},{"floor":34,"key":"WingedGreaves"},{"floor":34,"key":"Centennial Puzzle"},{"floor":34,"key":"Meat on the Bone"},{"floor":43,"key":"Kunai"}],"event_choices":[{"damage_healed":0.0,"max_hp_gain":0.0,"max_hp_loss":0.0,"gold_gain":0.0,"cards_transformed":["Strike_G"],"event_name":"Living Wall","player_choice":"Change","floor":2.0,"gold_loss":0.0,"damage_taken":0.0,"cards_obtained":["Die Die Die"]},{"damage_healed":0.0,"max_hp_gain":5.0,"max_hp_loss":0.0,"gold_gain":0.0,"event_name":"Big Fish","player_choice":"Donut","floor":10.0,"gold_loss":0.0,"damage_taken":0.0},{"damage_healed":0.0,"max_hp_gain":0.0,"max_hp_loss":0.0,"gold_gain":0.0,"event_name":"Vampires","player_choice":"Ignored","floor":19.0,"gold_loss":0.0,"damage_taken":0.0},{"damage_healed":0.0,"max_hp_gain":0.0,"max_hp_loss":0.0,"gold_gain":99.0,"event_name":"Nest","player_choice":"Stole From Cult","floor":22.0,"gold_loss":0.0,"damage_taken":0.0},{"damage_healed":0.0,"max_hp_gain":0.0,"max_hp_loss":0.0,"gold_gain":0.0,"event_name":"NoteForYourself","player_choice":"Ignored","floor":29.0,"gold_loss":0.0,"damage_taken":0.0},{"cards_removed":["Normality","Writhe","Normality"],"damage_healed":0,"gold_gain":0,"player_choice":"Removed Curses","damage_taken":0,"max_hp_gain":0,"max_hp_loss":0,"event_name":"Fountain of Cleansing","floor":36,"gold_loss":0},{"cards_removed":["Strike_G"],"damage_healed":0,"gold_gain":0,"player_choice":"Removed Attack","damage_taken":0,"max_hp_gain":0,"max_hp_loss":0,"event_name":"Falling","floor":48,"gold_loss":0}],"is_beta":false,"boss_relics":[{"not_picked":["Runic Dome","Philosopher\u0027s Stone"],"picked":"Sozu"},{"not_picked":["Runic Pyramid","Busted Crown"],"picked":"Calling Bell"}],"items_purged_floors":[21,37,47],"is_endless":false,"potions_floor_spawned":[1,6,12,13,18,28,30,33,35,42],"ascension_level":0}