{"gold_per_floor":[119,119,147,172,204,227,239,268,303,326,338,227,193,193,193,318,318,333,349,349,1,1,44,44],"floor_reached":24,"playtime":2665,"items_purged":["Defend_G"],"score":208,"play_id":"c4d32193-1148-4f1f-9acf-054fef303d9f","local_time":"20190708134652","is_ascension_mode":false,"campfire_choices":[{"floor":11,"key":"REST"},{"floor":15,"key":"REST"}],"neow_cost":"NONE","seed_source_timestamp":7294066850616,"circlet_count":0,"master_deck":["Strike_G","Strike_G","Strike_G","Strike_G","Strike_G","Defend_G","Defend_G","Defend_G","Defend_G","Survivor","Neutralize","Underhanded Strike","Predator","Prepared+1","Deadly Poison","All Out Attack","Prepared","Slice","Flying Knee","Adrenaline","Leg Sweep","Dagger Spray","Backflip","Dagger Throw"],"relics":["Ring of the Snake","MawBank","Vajra","Golden Idol","Runic Pyramid","Orichalcum","Snake Skull","PreservedInsect","Regal Pillow"],"potions_floor_usage":[19],"damage_taken":[{"damage":0,"enemies":"Jaw Worm","floor":1,"turns":8},{"damage":0,"enemies":"2 Louse","floor":3,"turns":4},{"damage":0,"enemies":"Cultist","floor":4,"turns":3},{"damage":26,"enemies":"Exordium Thugs","floor":5,"turns":6},{"damage":11,"enemies":"2 Fungi Beasts","floor":6,"turns":3},{"damage":0,"enemies":"3 Louse","floor":8,"turns":3},{"damage":4,"enemies":"Red Slaver","floor":10,"turns":3},{"damage":46,"enemies":"Hexaghost","floor":16,"turns":12},{"damage":20,"enemies":"3 Byrds","floor":18,"turns":5},{"damage":17,"enemies":"2 Thieves","floor":19,"turns":4},{"damage":15,"enemies":"Book of Stabbing","floor":23,"turns":6},{"damage":11,"enemies":"Snake Plant","floor":24,"turns":4}],"seed_played":"2185564414951092723","potions_obtained":[{"floor":4,"key":"EntropicBrew"},{"floor":16,"key":"GamblersBrew"}],"is_trial":false,"path_per_floor":["M","?","M","M","M","M","?","M","T","M","R","$","?","?","R","B",null,"M","M","?","$","?","E","M"],"character_chosen":"THE_SILENT","items_purchased":["Flying Knee","Orichalcum","Snake Skull","Backflip"],"campfire_rested":2,"item_purchase_floors":[12,21,21,21],"current_hp_per_floor":[77,74,74,74,48,37,37,37,37,33,56,56,56,37,60,14,77,57,40,26,26,26,11,0],"gold":44,"neow_bonus":"TEN_PERCENT_HP_BONUS","is_prod":false,"is_daily":false,"chose_seed":false,"campfire_upgraded":0,"win_rate":0.0,"timestamp":1562608012,"path_taken":["M","?","M","M","M","M","?","?","T","M","R","?","?","?","R","BOSS","M","M","?","$","?","E","?"],"build_version":"2019-07-05","purchased_purges":1,"victory":false,"max_hp_per_floor":[77,77,77,77,77,77,77,77,77,77,77,77,77,77,77,77,77,77,77,82,82,82,82,82],"card_choices":[{"not_picked":["Distraction","Quick Slash"],"picked":"Underhanded Strike","floor":1},{"not_picked":["Dagger Throw","Well Laid Plans"],"picked":"Predator","floor":3},{"not_picked":["Flying Knee","Backstab"],"picked":"Prepared","floor":4},{"not_picked":["A Thousand Cuts","Deflect"],"picked":"Deadly Poison","floor":5},{"not_picked":["Backstab","Flying Knee"],"picked":"All Out Attack","floor":6},{"not_picked":["Flechettes","Finisher"],"picked":"Prepared","floor":8},{"not_picked":["Sucker Punch","PiercingWail"],"picked":"Slice","floor":10},{"not_picked":["Die Die Die","Glass Knife"],"picked":"Adrenaline","floor":16},{"not_picked":["Terror","Prepared"],"picked":"Leg Sweep","floor":18},{"not_picked":["Predator","PiercingWail"],"picked":"Dagger Spray","floor":19},{"not_picked":["Dagger Spray","Calculated Gamble+1"],"picked":"Dagger Throw","floor":23}],"player_experience":5415,"relics_obtained":[{"floor":9,"key":"Vajra"},{"floor":23,"key":"Regal Pillow"}],"event_choices":[{"damage_healed":0,"gold_gain":0,"player_choice":"Success","damage_taken":3,"relics_obtained":["MawBank"],"max_hp_gain":0,"max_hp_loss":0,"event_name":"Scrap Ooze","floor":2,"gold_loss":0},{"damage_healed":0,"gold_gain":0,"player_choice":"Forge","damage_taken":0,"max_hp_gain":0,"max_hp_loss":0,"event_name":"Accursed Blacksmith","floor":7,"gold_loss":0,"cards_upgraded":["Prepared"]},{"damage_healed":0,"gold_gain":0,"player_choice":"Left Gold","damage_taken":0,"max_hp_gain":0,"max_hp_loss":0,"event_name":"World of Goop","floor":13,"gold_loss":34},{"damage_healed":0,"gold_gain":0,"player_choice":"Take Damage","damage_taken":19,"relics_obtained":["Golden Idol"],"max_hp_gain":0,"max_hp_loss":0,"event_name":"Golden Idol","floor":14,"gold_loss":0},{"damage_healed":0,"gold_gain":0,"player_choice":"Shed Blood","damage_taken":19,"max_hp_gain":5,"max_hp_loss":0,"event_name":"Forgotten Altar","floor":20,"gold_loss":0},{"damage_healed":0,"gold_gain":0,"player_choice":"Gave Potion","damage_taken":0,"relics_obtained":["PreservedInsect"],"max_hp_gain":0,"max_hp_loss":0,"event_name":"WeMeetAgain","floor":22,"gold_loss":0}],"is_beta":false,"boss_relics":[{"not_picked":["Velvet Choker","Busted Crown"],"picked":"Runic Pyramid"}],"items_purged_floors":[12],"is_endless":false,"potions_floor_spawned":[4,5,6,8,16,18],"killed_by":"Snake Plant","ascension_level":0}