{"gold_per_floor":[113,35,53,53,53,53,81,81,81,1,1,16,31,104,104,202,202,217,233,233],"floor_reached":20,"playtime":971,"items_purged":[],"score":181,"play_id":"4ce319c0-4cab-4d16-816d-0d32baa070f3","local_time":"20190620024959","is_ascension_mode":true,"campfire_choices":[{"floor":6,"key":"RECALL"},{"floor":8,"key":"REST"},{"data":"Defragment","floor":11,"key":"SMITH"},{"data":"Dualcast","floor":15,"key":"SMITH"}],"neow_cost":"NONE","seed_source_timestamp":2752854453300,"circlet_count":0,"master_deck":["Strike_B","Strike_B","Strike_B","Strike_B","Defend_B","Defend_B","Defend_B","Defend_B","Zap","Dualcast+1","Conserve Battery","Defragment+1","Ball Lightning","Go for the Eyes","Defragment","Double Energy+1","Go for the Eyes","Machine Learning","Turbo+1","Glacier+1"],"relics":["Cracked Core","Toxic Egg 2","Smiling Mask","Sundial","Sozu"],"potions_floor_usage":[7,16],"damage_taken":[{"damage":0,"enemies":"2 Louse","floor":1,"turns":2},{"damage":4,"enemies":"Jaw Worm","floor":3,"turns":3},{"damage":31,"enemies":"3 Sentries","floor":7,"turns":5},{"damage":0,"enemies":"Cultist","floor":12,"turns":3},{"damage":11,"enemies":"Large Slime","floor":13,"turns":5},{"damage":40,"enemies":"Hexaghost","floor":16,"turns":9},{"damage":14,"enemies":"Spheric Guardian","floor":18,"turns":4},{"damage":32,"enemies":"3 Byrds","floor":19,"turns":5},{"damage":8,"enemies":"Colosseum Slavers","floor":20,"turns":6},{"damage":34,"enemies":"Colosseum Nobs","floor":20,"turns":4}],"seed_played":"6922690687972635492","potions_obtained":[{"floor":3,"key":"SteroidPotion"},{"floor":13,"key":"Poison Potion"}],"is_trial":false,"path_per_floor":["M","$","M","?","?","R","E","R","T","$","R","M","M","T","R","B",null,"M","M","?"],"character_chosen":"DEFECT","items_purchased":["Defragment","Defragment"],"campfire_rested":1,"item_purchase_floors":[2,10],"current_hp_per_floor":[75,75,71,76,73,73,42,66,66,66,66,66,55,55,55,15,80,66,34,0],"gold":233,"neow_bonus":"THREE_CARDS","is_prod":false,"is_daily":false,"chose_seed":false,"campfire_upgraded":2,"win_rate":0,"timestamp":1561013399,"path_taken":["M","$","M","?","?","R","E","R","T","$","R","M","M","?","R","BOSS","M","?","?"],"build_version":"2019-01-23","purchased_purges":0,"victory":false,"max_hp_per_floor":[75,75,75,80,80,80,80,80,80,80,80,80,80,80,80,80,80,80,80,80],"card_choices":[{"not_picked":["Beam Cell","Rebound"],"picked":"Conserve Battery","floor":0},{"not_picked":["Stack","Streamline","Sweeping Beam"],"picked":"SKIP","floor":1},{"not_picked":["Aggregate","Steam Power"],"picked":"Ball Lightning","floor":3},{"not_picked":["Gash","Barrage"],"picked":"Go for the Eyes","floor":7},{"not_picked":["Rebound","FTL"],"picked":"Double Energy+1","floor":12},{"not_picked":["Genetic Algorithm+1","Ball Lightning"],"picked":"Go for the Eyes","floor":13},{"not_picked":["Hyperbeam","Buffer"],"picked":"Machine Learning","floor":16},{"not_picked":["Leap+1","Steam+1"],"picked":"Turbo+1","floor":18},{"not_picked":["Redo+1","Cold Snap+1"],"picked":"Glacier+1","floor":19}],"player_experience":101929,"relics_obtained":[{"floor":7,"key":"Smiling Mask"},{"floor":14,"key":"Sundial"}],"event_choices":[{"damage_healed":0,"gold_gain":0,"player_choice":"Donut","damage_taken":0,"max_hp_gain":5,"max_hp_loss":0,"event_name":"Big Fish","floor":4,"gold_loss":0},{"damage_healed":0,"gold_gain":0,"player_choice":"Success","damage_taken":3,"relics_obtained":["Toxic Egg 2"],"max_hp_gain":0,"max_hp_loss":0,"event_name":"Scrap Ooze","floor":5,"gold_loss":0},{"damage_healed":0,"gold_gain":0,"player_choice":"Fight","damage_taken":0,"max_hp_gain":0,"max_hp_loss":0,"event_name":"Colosseum","floor":20,"gold_loss":0},{"damage_healed":0,"gold_gain":0,"player_choice":"Fought Nobs","damage_taken":0,"max_hp_gain":0,"max_hp_loss":0,"event_name":"Colosseum","floor":20,"gold_loss":0}],"is_beta":false,"boss_relics":[{"not_picked":["Snecko Eye","Nuclear Battery"],"picked":"Sozu"}],"items_purged_floors":[],"is_endless":false,"potions_floor_spawned":[3,13,20],"killed_by":"Colosseum Nobs","ascension_level":1}