{"gold_per_floor":[118,134,150,168,179,179,240,18,64,64,81,111,76,95,95,191,191,201,0,0,78,95,95,122,135,135,152,167,202,217,233,233,233],"floor_reached":33,"playtime":2653,"items_purged":[],"score":343,"play_id":"3ab37751-230a-4966-a717-c42a51678ad2","local_time":"20190624033732","is_ascension_mode":true,"campfire_choices":[{"floor":6,"key":"RECALL"},{"data":"Flex","floor":10,"key":"SMITH"},{"floor":15,"key":"REST"},{"floor":23,"key":"REST"},{"floor":32,"key":"REST"}],"neow_cost":"NONE","seed_source_timestamp":43395776368600,"circlet_count":0,"master_deck":["Defend_R","Defend_R","Defend_R","Defend_R","Bash+1","Anger","Shrug It Off","Flex+1","Pommel Strike","Infernal Blade","Thunderclap","Evolve","Flex","Metallicize","Anger","Limit Break","Headbutt","Bite","Bite","Bite","Bite","Bite","Armaments+1","Disarm","Thunderclap","Shrug It Off+1","Shrug It Off","Pommel Strike+1","Dropkick+1","Headbutt+1"],"relics":["Burning Blood","Tiny Chest","PreservedInsect","Bottled Tornado","Lizard Tail","Centennial Puzzle","Dodecahedron","Bag of Preparation","Bottled Flame","Regal Pillow"],"potions_floor_usage":[7,11,12,16,22,23,27,28,31],"damage_taken":[{"damage":4,"enemies":"Cultist","floor":1,"turns":4},{"damage":6,"enemies":"Jaw Worm","floor":2,"turns":3},{"damage":2,"enemies":"2 Louse","floor":3,"turns":2},{"damage":8,"enemies":"Exordium Wildlife","floor":4,"turns":4},{"damage":15,"enemies":"Gremlin Gang","floor":5,"turns":5},{"damage":16,"enemies":"Gremlin Nob","floor":7,"turns":4},{"damage":15,"enemies":"Lots of Slimes","floor":11,"turns":3},{"damage":20,"enemies":"Lagavulin","floor":12,"turns":3},{"damage":30,"enemies":"Exordium Thugs","floor":14,"turns":4},{"damage":51,"enemies":"The Guardian","floor":16,"turns":12},{"damage":37,"enemies":"Spheric Guardian","floor":18,"turns":6},{"damage":25,"enemies":"2 Thieves","floor":22,"turns":3},{"damage":44,"enemies":"Gremlin Leader","floor":24,"turns":6},{"damage":33,"enemies":"Sentry and Sphere","floor":25,"turns":6},{"damage":30,"enemies":"Snecko","floor":27,"turns":6},{"damage":24,"enemies":"Centurion and Healer","floor":28,"turns":7},{"damage":18,"enemies":"Slavers","floor":29,"turns":5},{"damage":27,"enemies":"3 Cultists","floor":30,"turns":6},{"damage":30,"enemies":"Snake Plant","floor":31,"turns":5},{"damage":81,"enemies":"Champ","floor":33,"turns":14}],"seed_played":"5489118285699953652","potions_obtained":[{"floor":2,"key":"FearPotion"},{"floor":4,"key":"LiquidBronze"},{"floor":11,"key":"Explosive Potion"},{"floor":12,"key":"EssenceOfSteel"},{"floor":22,"key":"Fruit Juice"},{"floor":25,"key":"Swift Potion"},{"floor":27,"key":"Regen Potion"},{"floor":29,"key":"Poison Potion"}],"is_trial":false,"path_per_floor":["M","M","M","M","M","R","E","$","T","R","M","E","?","M","R","B",null,"M","$","?","T","M","R","E","M","T","M","M","E","M","M","R","B"],"character_chosen":"IRONCLAD","items_purchased":["Evolve","PreservedInsect","Centennial Puzzle","Fire Potion"],"campfire_rested":3,"item_purchase_floors":[8,8,19,19],"current_hp_per_floor":[80,80,80,78,69,69,59,59,59,59,50,36,56,32,56,11,80,49,49,49,49,40,61,31,19,19,40,45,45,32,14,47,0],"gold":233,"neow_bonus":"UPGRADE_CARD","is_prod":false,"is_daily":false,"chose_seed":false,"campfire_upgraded":1,"win_rate":0,"timestamp":1561361852,"path_taken":["M","M","M","M","M","R","E","?","T","R","?","E","?","M","R","BOSS","M","$","?","?","M","R","E","?","T","M","M","E","M","M","R","BOSS"],"build_version":"2019-01-23","purchased_purges":0,"victory":false,"max_hp_per_floor":[80,80,80,80,80,80,80,80,80,80,80,80,80,80,80,80,80,80,80,56,56,56,61,61,61,61,61,61,61,61,61,61,61],"card_choices":[{"not_picked":["Wild Strike","Twin Strike"],"picked":"Anger","floor":1},{"not_picked":["Body Slam","Sever Soul"],"picked":"Shrug It Off","floor":2},{"not_picked":["Offering","True Grit"],"picked":"Flex","floor":3},{"not_picked":["Headbutt","Metallicize"],"picked":"Pommel Strike","floor":4},{"not_picked":["Entrench","Clash"],"picked":"Infernal Blade","floor":5},{"not_picked":["Cleave","Spot Weakness"],"picked":"Thunderclap","floor":7},{"not_picked":["Armaments","Sword Boomerang"],"picked":"Flex","floor":11},{"not_picked":["Havoc","Bludgeon"],"picked":"Metallicize","floor":12},{"not_picked":["Havoc","Flame Barrier"],"picked":"Anger","floor":14},{"not_picked":["Offering","Bludgeon"],"picked":"Limit Break","floor":16},{"not_picked":["Havoc","Sword Boomerang"],"picked":"Headbutt","floor":18},{"not_picked":["Body Slam+1","Heavy Blade+1"],"picked":"Armaments+1","floor":22},{"not_picked":["Spot Weakness+1","Headbutt"],"picked":"Disarm","floor":24},{"not_picked":["Brutality","True Grit+1"],"picked":"Thunderclap","floor":25},{"not_picked":["Disarm","Carnage+1"],"picked":"Shrug It Off+1","floor":27},{"not_picked":["Warcry","Twin Strike"],"picked":"Shrug It Off","floor":28},{"not_picked":["Thunderclap+1","Rupture+1"],"picked":"Pommel Strike+1","floor":29},{"not_picked":["Rupture+1","Warcry+1"],"picked":"Dropkick+1","floor":30},{"not_picked":["Dual Wield","Perfected Strike"],"picked":"Headbutt+1","floor":31}],"player_experience":122729,"relics_obtained":[{"floor":7,"key":"Tiny Chest"},{"floor":12,"key":"Bottled Tornado"},{"floor":21,"key":"Dodecahedron"},{"floor":24,"key":"Bag of Preparation"},{"floor":26,"key":"Bottled Flame"},{"floor":29,"key":"Regal Pillow"}],"event_choices":[{"damage_healed":20,"gold_gain":0,"player_choice":"Healed","damage_taken":0,"max_hp_gain":0,"max_hp_loss":0,"event_name":"The Cleric","floor":13,"gold_loss":35},{"damage_healed":0,"gold_gain":0,"player_choice":"Became a vampire","damage_taken":0,"max_hp_gain":0,"max_hp_loss":24,"event_name":"Vampires","floor":20,"gold_loss":0,"cards_obtained":["Bite","Bite","Bite","Bite","Bite"]}],"is_beta":false,"boss_relics":[{"not_picked":["Ectoplasm","Sozu"],"picked":"Lizard Tail"}],"items_purged_floors":[],"is_endless":false,"potions_floor_spawned":[2,4,11,12,22,25,27,29],"killed_by":"Champ","ascension_level":1}