{"gold_per_floor":[109,109,109,120,140,140,172,172,172,202,213,232,232,262,262,335,335,355,375,375,375,395,395,111,128,128,157,157,192,212,246,246,318,318,334,349,369,369,387,416,416,447,494,514,546,546,15,25,25,25,25,25,25,25,50,50],"floor_reached":56,"playtime":4711,"items_purged":["Strike_G","Strike_G"],"score":2159,"play_id":"f32160e3-dc91-482e-babe-172d9fe0b7fe","local_time":"20190607013146","is_ascension_mode":true,"campfire_choices":[{"data":"Predator","floor":6.0,"key":"SMITH"},{"floor":8.0,"key":"REST"},{"data":"Neutralize","floor":15.0,"key":"SMITH"},{"floor":23.0,"key":"REST"},{"data":"Predator","floor":28.0,"key":"SMITH"},{"data":"A Thousand Cuts","floor":32.0,"key":"SMITH"},{"data":"After Image","floor":41.0,"key":"SMITH"},{"floor":46.0,"key":"REST"},{"floor":49.0,"key":"RECALL"},{"floor":53,"key":"REST"}],"neow_cost":"PERCENT_DAMAGE","seed_source_timestamp":1918952707862276,"circlet_count":0,"master_deck":["AscendersBane","Defend_G","Defend_G","Defend_G","Defend_G","Survivor","Neutralize+1","After Image+1","Masterful Stab+1","Calculated Gamble","Predator+1","All Out Attack+1","Outmaneuver+1","PiercingWail+1","PiercingWail+1","Crippling Poison+1","Adrenaline+1","Catalyst+1","Crippling Poison+1","RitualDagger+1","Corpse Explosion+1","Backflip+1","Predator+1","Acrobatics+1","Catalyst+1","A Thousand Cuts+1","PiercingWail+1","Storm of Steel+1","Underhanded Strike","Crippling Poison+1","Doppelganger+1","Malaise+1","Well Laid Plans","Predator","Reflex+1"],"special_seed":0,"relics":["Ring of the Snake","Toxic Egg 2","Mercury Hourglass","Ornamental Fan","Singing Bowl","Snecko Eye","Letter Opener","Happy Flower","HoveringKite","Question Card","Juzu Bracelet","Art of War","Whetstone","Orichalcum","Strange Spoon","Potion Belt","Lantern"],"potions_floor_usage":[51,56,56,56],"damage_taken":[{"damage":0.0,"enemies":"Jaw Worm","floor":1.0,"turns":3.0},{"damage":0.0,"enemies":"Small Slimes","floor":4.0,"turns":3.0},{"damage":0.0,"enemies":"Cultist","floor":5.0,"turns":2.0},{"damage":13.0,"enemies":"3 Sentries","floor":7.0,"turns":6.0},{"damage":23.0,"enemies":"Gremlin Nob","floor":10.0,"turns":4.0},{"damage":3.0,"enemies":"Large Slime","floor":11.0,"turns":5.0},{"damage":0.0,"enemies":"Red Slaver","floor":12.0,"turns":2.0},{"damage":9.0,"enemies":"3 Sentries","floor":14.0,"turns":6.0},{"damage":5.0,"enemies":"Hexaghost","floor":16.0,"turns":12.0},{"damage":0.0,"enemies":"2 Thieves","floor":18.0,"turns":3.0},{"damage":9.0,"enemies":"Spheric Guardian","floor":19.0,"turns":5.0},{"damage":13.0,"enemies":"Snake Plant","floor":22.0,"turns":3.0},{"damage":0.0,"enemies":"Centurion and Healer","floor":25.0,"turns":3.0},{"damage":7.0,"enemies":"Slavers","floor":27.0,"turns":2.0},{"damage":5.0,"enemies":"Book of Stabbing","floor":29.0,"turns":3.0},{"damage":13.0,"enemies":"Sentry and Sphere","floor":30.0,"turns":3.0},{"damage":0.0,"enemies":"Gremlin Leader","floor":31.0,"turns":4.0},{"damage":11.0,"enemies":"Automaton","floor":33.0,"turns":6.0},{"damage":0.0,"enemies":"3 Darklings","floor":35.0,"turns":3.0},{"damage":0.0,"enemies":"3 Shapes","floor":36.0,"turns":3.0},{"damage":13.0,"enemies":"Spire Growth","floor":37.0,"turns":4.0},{"damage":0.0,"enemies":"3 Darklings","floor":39.0,"turns":2.0},{"damage":0.0,"enemies":"Giant Head","floor":40.0,"turns":4.0},{"damage":8.0,"enemies":"Reptomancer","floor":42.0,"turns":4.0},{"damage":0.0,"enemies":"Transient","floor":44.0,"turns":6.0},{"damage":11.0,"enemies":"Giant Head","floor":45.0,"turns":5.0},{"damage":22.0,"enemies":"Spire Growth","floor":48.0,"turns":4.0},{"damage":28.0,"enemies":"Awakened One","floor":50.0,"turns":12.0},{"damage":7,"enemies":"Donu and Deca","floor":51,"turns":6},{"damage":25,"enemies":"Shield and Spear","floor":55,"turns":5},{"damage":66,"enemies":"The Heart","floor":56,"turns":5}],"seed_played":"7585198241755094779","potions_obtained":[{"floor":1.0,"key":"GhostInAJar"},{"floor":10.0,"key":"Strength Potion"},{"floor":11.0,"key":"PowerPotion"},{"floor":16.0,"key":"LiquidBronze"},{"floor":25.0,"key":"Poison Potion"},{"floor":29.0,"key":"Regen Potion"},{"floor":31.0,"key":"FearPotion"},{"floor":35.0,"key":"Fire Potion"},{"floor":37.0,"key":"GamblersBrew"},{"floor":48.0,"key":"GamblersBrew"},{"floor":55,"key":"Fire Potion"}],"is_trial":false,"path_per_floor":["M","?","?","M","M","R","E","R","T","E","M","M","?","E","R","B",null,"M","M","?","?","M","R","$","M","T","E","R","E","M","E","R","B",null,"M","M","M","T","M","E","R","E","T","M","E","R","$","M","R","B","B",null,"R","$","E","B"],"character_chosen":"THE_SILENT","items_purchased":["Predator","GhostInAJar","Acrobatics+1","Strange Spoon","Potion Belt","SkillPotion"],"campfire_rested":4,"item_purchase_floors":[24,24,24,47,47,47],"current_hp_per_floor":[44,44,49,49,49,49,36,57,57,34,31,31,31,22,22,17,58,58,49,43,43,30,51,51,53,53,46,46,41,42,42,42,31,64,66,66,53,53,53,55,55,47,47,47,36,59,59,39,39,11,4,62,81,81,56,0],"gold":50,"neow_bonus":"TRANSFORM_TWO_CARDS","is_prod":false,"is_daily":false,"chose_seed":false,"campfire_upgraded":5,"win_rate":0,"timestamp":1559885506,"path_taken":["M","?","?","M","M","R","E","R","T","E","M","M","?","E","R","BOSS","M","M","?","?","M","R","$","M","T","E","R","E","M","E","R","BOSS","M","M","M","?","?","E","R","E","T","M","E","R","$","M","R","BOSS","BOSS","R","$","E","BOSS"],"build_version":"2019-01-23","purchased_purges":2,"victory":false,"max_hp_per_floor":[66,66,71,71,71,71,71,71,71,71,71,71,71,71,71,71,71,71,71,71,71,71,71,71,73,73,73,73,73,75,75,75,75,75,77,77,77,77,77,79,79,79,79,79,79,79,79,81,81,81,81,81,81,81,81,81],"card_choices":[{"not_picked":["Backflip","Cloak And Dagger"],"picked":"Calculated Gamble","floor":1.0},{"not_picked":["Deflect","Catalyst"],"picked":"Predator","floor":4.0},{"not_picked":["Choke","Sucker Punch"],"picked":"All Out Attack","floor":5.0},{"not_picked":["Flying Knee","Riddle With Holes"],"picked":"Outmaneuver","floor":7.0},{"not_picked":["Acrobatics+1","Dagger Throw","Predator"],"picked":"SKIP","floor":10.0},{"not_picked":["Dodge and Roll+1","Dagger Spray"],"picked":"PiercingWail+1","floor":11.0},{"not_picked":["Sucker Punch","Night Terror+1"],"picked":"PiercingWail+1","floor":12.0},{"not_picked":["Slice","Predator"],"picked":"Crippling Poison+1","floor":14.0},{"not_picked":["Phantasmal Killer+1","Die Die Die"],"picked":"Adrenaline+1","floor":16.0},{"not_picked":["Tactician+1","Flying Knee"],"picked":"Catalyst+1","floor":18.0},{"not_picked":["Acrobatics+1","Dagger Throw"],"picked":"Crippling Poison+1","floor":19.0},{"not_picked":["Quick Slash","Setup+1"],"picked":"Backflip+1","floor":22.0},{"not_picked":["Distraction+1","Grand Finale","Underhanded Strike"],"picked":"Singing Bowl","floor":25.0},{"not_picked":["Backflip+1","Skewer"],"picked":"Catalyst+1","floor":27.0},{"not_picked":["Dagger Throw","Phantasmal Killer+1"],"picked":"A Thousand Cuts","floor":29.0},{"not_picked":["Dagger Throw","Blade Dance+1","Acrobatics+1"],"picked":"Singing Bowl","floor":30.0},{"not_picked":["Dash+1","Dodge and Roll+1"],"picked":"PiercingWail+1","floor":31.0},{"not_picked":["Die Die Die","Glass Knife"],"picked":"Storm of Steel+1","floor":33.0},{"not_picked":["Cloak And Dagger+1","Heel Hook+1","Slice"],"picked":"Singing Bowl","floor":35.0},{"not_picked":["Flying Knee","Sucker Punch"],"picked":"Underhanded Strike","floor":36.0},{"not_picked":["Sucker Punch","Cloak And Dagger+1"],"picked":"Crippling Poison+1","floor":37.0},{"not_picked":["Dodge and Roll+1","Noxious Fumes","Dagger Throw+1"],"picked":"Doppelganger+1","floor":39.0},{"not_picked":["Unload","Bane","Poisoned Stab","Deflect+1"],"picked":"Singing Bowl","floor":40.0},{"not_picked":["Deflect+1","Doppelganger+1","Choke"],"picked":"Malaise+1","floor":42.0},{"not_picked":["Deflect+1","Prepared+1","Acrobatics+1"],"picked":"Well Laid Plans","floor":44.0},{"not_picked":["Bane","Tools of the Trade","Acrobatics+1"],"picked":"Predator","floor":45.0},{"not_picked":["Slice+1","Flying Knee","Cloak And Dagger+1","Masterful Stab"],"picked":"Singing Bowl","floor":48.0},{"not_picked":["Backflip+1","Footwork","Poisoned Stab"],"picked":"Reflex+1","floor":55}],"player_experience":1515965,"relics_obtained":[{"floor":7.0,"key":"Toxic Egg 2"},{"floor":9.0,"key":"Mercury Hourglass"},{"floor":10.0,"key":"Ornamental Fan"},{"floor":14.0,"key":"Singing Bowl"},{"floor":27.0,"key":"Letter Opener"},{"floor":31.0,"key":"Happy Flower"},{"floor":38.0,"key":"Question Card"},{"floor":40.0,"key":"Juzu Bracelet"},{"floor":42.0,"key":"Art of War"},{"floor":43.0,"key":"Whetstone"},{"floor":45.0,"key":"Orichalcum"},{"floor":55,"key":"Lantern"}],"event_choices":[{"damage_healed":0.0,"max_hp_gain":0.0,"max_hp_loss":0.0,"gold_gain":0.0,"event_name":"Living Wall","player_choice":"Grow","floor":2.0,"gold_loss":0.0,"damage_taken":0.0,"cards_upgraded":["Masterful Stab"]},{"damage_healed":0.0,"max_hp_gain":5.0,"max_hp_loss":0.0,"gold_gain":0.0,"event_name":"Big Fish","player_choice":"Donut","floor":3.0,"gold_loss":0.0,"damage_taken":0.0},{"cards_removed":["Defend_G"],"damage_healed":0.0,"max_hp_gain":0.0,"max_hp_loss":0.0,"gold_gain":0.0,"event_name":"Purifier","player_choice":"Purged","floor":13.0,"gold_loss":0.0,"damage_taken":0.0},{"damage_healed":0.0,"max_hp_gain":0.0,"max_hp_loss":0.0,"gold_gain":0.0,"event_name":"Nest","player_choice":"Joined the Cult","floor":20.0,"gold_loss":0.0,"damage_taken":6.0,"cards_obtained":["RitualDagger"]},{"damage_healed":0.0,"max_hp_gain":0.0,"max_hp_loss":0.0,"gold_gain":0.0,"cards_transformed":["Strike_G"],"event_name":"Transmorgrifier","player_choice":"Transformed","floor":21.0,"gold_loss":0.0,"damage_taken":0.0,"cards_obtained":["Corpse Explosion"]}],"is_beta":false,"boss_relics":[{"not_picked":["Sozu","Ring of the Serpent"],"picked":"Snecko Eye"},{"not_picked":["Velvet Choker","Runic Pyramid"],"picked":"HoveringKite"}],"items_purged_floors":[24,47],"is_endless":false,"potions_floor_spawned":[1,10,11,16,25,29,31,35,37,40,42,48,55],"killed_by":"The Heart","ascension_level":20}