{"gold_per_floor":[117,129,129,142,67,67,27,37,37,99,99,99],"floor_reached":12,"playtime":441,"items_purged":[],"score":136,"play_id":"98868e91-231a-4de5-b13a-784d4859e6f0","local_time":"20190521103837","is_ascension_mode":true,"campfire_choices":[{"data":"Neutralize","floor":6.0,"key":"SMITH"},{"floor":11,"key":"REST"}],"neow_cost":"CURSE","seed_source_timestamp":487330374226037,"circlet_count":0,"master_deck":["AscendersBane","Defend_G","Defend_G","Defend_G","Defend_G","Defend_G","Strike_G","Strike_G","Strike_G","Strike_G","Strike_G","Survivor","Neutralize+1","Endless Agony","Noxious Fumes","Quick Slash","PiercingWail","Escape Plan"],"special_seed":0,"relics":["Ring of the Snake","Incense Burner","Molten Egg 2","WingedGreaves"],"potions_floor_usage":[10,10,10,12],"damage_taken":[{"damage":3.0,"enemies":"2 Louse","floor":1.0,"turns":4.0},{"damage":4.0,"enemies":"Jaw Worm","floor":2.0,"turns":5.0},{"damage":0.0,"enemies":"Cultist","floor":4.0,"turns":4.0},{"damage":1.0,"enemies":"Looter","floor":7.0,"turns":4.0},{"damage":3.0,"enemies":"Blue Slaver","floor":8.0,"turns":4.0},{"damage":39,"enemies":"Lagavulin Event","floor":10,"turns":8},{"damage":53,"enemies":"Gremlin Nob","floor":12,"turns":6}],"seed_played":"7243870653096107148","potions_obtained":[{"floor":8.0,"key":"EntropicBrew"},{"floor":10,"key":"PowerPotion"}],"is_trial":false,"path_per_floor":["M","M","?","M","?","R","M","M","T","?","R","E"],"character_chosen":"THE_SILENT","items_purchased":[],"campfire_rested":1,"item_purchase_floors":[],"current_hp_per_floor":[56,52,57,57,57,57,56,53,53,14,35,0],"gold":99,"neow_bonus":"ONE_RARE_RELIC","is_prod":false,"is_daily":false,"chose_seed":false,"campfire_upgraded":1,"win_rate":0,"timestamp":1558449517,"path_taken":["M","M","?","M","?","R","M","M","T","?","R","E"],"build_version":"2019-01-23","purchased_purges":0,"victory":false,"max_hp_per_floor":[66,66,71,71,71,71,71,71,71,71,71,71],"card_choices":[{"not_picked":["Slice","Deflect"],"picked":"Endless Agony","floor":1.0},{"not_picked":["Dodge and Roll","Expertise","Backflip"],"picked":"SKIP","floor":2.0},{"not_picked":["Calculated Gamble","Finisher"],"picked":"Noxious Fumes","floor":4.0},{"not_picked":["Concentrate","Slice"],"picked":"Quick Slash","floor":7.0},{"not_picked":["Cloak And Dagger","Slice"],"picked":"PiercingWail","floor":8.0},{"not_picked":["Distraction","Flying Knee+1"],"picked":"Escape Plan","floor":10}],"player_experience":1413424,"relics_obtained":[{"floor":9.0,"key":"Molten Egg 2"},{"floor":10,"key":"WingedGreaves"}],"event_choices":[{"damage_healed":0.0,"max_hp_gain":5.0,"max_hp_loss":0.0,"gold_gain":0.0,"event_name":"Big Fish","player_choice":"Donut","floor":3.0,"gold_loss":0.0,"damage_taken":0.0},{"cards_removed":["Shame"],"damage_healed":0.0,"max_hp_gain":0.0,"max_hp_loss":0.0,"gold_gain":0.0,"event_name":"The Cleric","player_choice":"Card Removal","floor":5.0,"gold_loss":75.0,"damage_taken":0.0},{"damage_healed":0,"gold_gain":0,"player_choice":"Searched \u00271\u0027 times","damage_taken":0,"max_hp_gain":0,"max_hp_loss":0,"event_name":"Dead Adventurer","floor":10,"gold_loss":0}],"is_beta":false,"boss_relics":[],"items_purged_floors":[],"is_endless":false,"potions_floor_spawned":[8,10],"killed_by":"Gremlin Nob","ascension_level":20}