{"gold_per_floor":[111,111,111,130,212,212,247,247,327,343,418,418,438,511,511,630,630,655,655,655,6,131,131,131,152,152,177,213,237,237,258,258,379,379,403,467,181,197,212,212,245,245,293,293,293,306,0,0,0,0],"floor_reached":51,"playtime":4372,"items_purged":["Dual Wield","Defend_R"],"score":841,"play_id":"430f0979-c2f0-4aa6-9585-01a49a8ef31a","local_time":"20190528013749","is_ascension_mode":false,"campfire_choices":[{"data":"Iron Wave","floor":6.0,"key":"SMITH"},{"floor":8.0,"key":"REST"},{"floor":12.0,"key":"REST"},{"floor":15.0,"key":"REST"},{"data":"Bash","floor":23.0,"key":"SMITH"},{"data":"Shrug It Off","floor":30.0,"key":"SMITH"},{"data":"Flex","floor":32.0,"key":"SMITH"},{"floor":40,"key":"REST"},{"data":"Ghostly Armor","floor":44,"key":"SMITH"},{"floor":49,"key":"REST"}],"neow_cost":"NONE","seed_source_timestamp":0,"circlet_count":0,"master_deck":["Defend_R","Defend_R","Defend_R","Bash+1","Limit Break","Cleave+1","Iron Wave+1","Flex","Headbutt+1","Ghostly Armor+1","Limit Break","Flex+1","Bite+1","Bite+1","Bite+1","Bite+1","Bite+1","Cleave+1","Ghostly Armor+1","Battle Trance","Finesse","Whirlwind+1","Flex+1","Shrug It Off+1","Inflame","Cleave+1","Fiend Fire+1","Flex+1","Cleave+1","Rampage+1","Iron Wave+1","Pommel Strike+1","Shrug It Off+1"],"special_seed":0,"relics":["Burning Blood","Golden Idol","Molten Egg 2","Omamori","Self Forming Clay","Torii","Velvet Choker","Gremlin Horn","Anchor","Mercury Hourglass","Nunchaku","Question Card","Red Skull","Strawberry","Runic Pyramid","StoneCalendar","Blood Vial","Ginger","Centennial Puzzle","Red Mask","Frozen Egg 2"],"potions_floor_usage":[39,39,39,41],"damage_taken":[{"damage":7.0,"enemies":"2 Louse","floor":1.0,"turns":3.0},{"damage":2.0,"enemies":"Small Slimes","floor":4.0,"turns":3.0},{"damage":24.0,"enemies":"3 Sentries","floor":7.0,"turns":8.0},{"damage":6.0,"enemies":"Jaw Worm","floor":10.0,"turns":3.0},{"damage":10.0,"enemies":"3 Louse","floor":13.0,"turns":4.0},{"damage":23.0,"enemies":"Lagavulin Event","floor":14.0,"turns":5.0},{"damage":73.0,"enemies":"Hexaghost","floor":16.0,"turns":18.0},{"damage":27.0,"enemies":"2 Thieves","floor":18.0,"turns":4.0},{"damage":1.0,"enemies":"Colosseum Slavers","floor":22.0,"turns":4.0},{"damage":17.0,"enemies":"Colosseum Nobs","floor":22.0,"turns":5.0},{"damage":0.0,"enemies":"3 Byrds","floor":25.0,"turns":3.0},{"damage":8.0,"enemies":"Snake Plant","floor":27.0,"turns":3.0},{"damage":0.0,"enemies":"Slavers","floor":28.0,"turns":1.0},{"damage":1.0,"enemies":"3 Cultists","floor":29.0,"turns":3.0},{"damage":1.0,"enemies":"Centurion and Healer","floor":31.0,"turns":2.0},{"damage":0.0,"enemies":"Collector","floor":33.0,"turns":4.0},{"damage":8.0,"enemies":"3 Shapes","floor":35.0,"turns":3.0},{"damage":24,"enemies":"2 Orb Walkers","floor":36,"turns":3},{"damage":15,"enemies":"3 Darklings","floor":38,"turns":3},{"damage":52,"enemies":"Maw","floor":39,"turns":6},{"damage":36,"enemies":"Reptomancer","floor":41,"turns":5},{"damage":26,"enemies":"Spire Growth","floor":46,"turns":3},{"damage":73,"enemies":"Awakened One","floor":50,"turns":13}],"seed_played":"7632194711988251053","potions_obtained":[{"floor":4.0,"key":"GamblersBrew"},{"floor":13.0,"key":"Fruit Juice"},{"floor":14.0,"key":"GamblersBrew"},{"floor":27.0,"key":"FearPotion"},{"floor":29.0,"key":"Regen Potion"},{"floor":38,"key":"FearPotion"},{"floor":39,"key":"Weak Potion"},{"floor":41,"key":"SneckoOil"}],"is_trial":false,"path_per_floor":["M","?","?","M","T","R","E","R","T","M","?","R","M","?","R","B",null,"M","?","T","$","?","R","?","M","T","M","E","M","R","M","R","B",null,"M","?","$","M","M","R","E","?","T","R","?","M","?","T","R","B",null],"character_chosen":"IRONCLAD","items_purchased":["Cleave+1","Ghostly Armor","Anchor","Mercury Hourglass","EssenceOfSteel","Rampage+1","Blood Vial"],"campfire_rested":5,"item_purchase_floors":[21,21,21,21,21,37,37],"current_hp_per_floor":[79,79,59,63,63,63,45,69,69,69,58,80,76,59,80,18,85,64,59,59,59,54,54,54,59,59,59,66,66,66,66,66,66,66,64,49,49,45,28,47,34,66,66,66,66,49,49,49,66,11],"gold":0,"neow_bonus":"ONE_RANDOM_RARE_CARD","is_prod":false,"is_daily":false,"chose_seed":false,"campfire_upgraded":5,"win_rate":0.0,"timestamp":1559021869,"path_taken":["M","?","?","M","?","R","E","R","T","M","?","R","M","?","R","BOSS","M","?","?","$","?","R","?","?","T","M","E","M","R","M","R","BOSS","M","?","$","M","M","R","E","?","T","R","?","?","?","?","R","BOSS"],"build_version":"2019-01-23","purchased_purges":2,"victory":true,"max_hp_per_floor":[80,80,80,80,80,80,80,80,80,80,80,80,80,80,80,85,85,85,59,59,59,59,59,59,59,59,59,66,66,66,66,66,66,66,66,66,66,66,66,66,66,66,66,66,66,66,66,66,66,66],"card_choices":[{"not_picked":["Pommel Strike","Dropkick"],"picked":"Cleave","floor":1.0},{"not_picked":["Wild Strike","Thunderclap"],"picked":"Iron Wave","floor":4.0},{"not_picked":["Clothesline+1","Armaments"],"picked":"Flex","floor":7.0},{"not_picked":["Dropkick+1","Warcry"],"picked":"Dual Wield","floor":10.0},{"not_picked":["Second Wind","Havoc"],"picked":"Headbutt+1","floor":13.0},{"not_picked":["Rage","Clothesline+1"],"picked":"Ghostly Armor","floor":14.0},{"not_picked":["Double Tap","Juggernaut"],"picked":"Limit Break","floor":16.0},{"not_picked":["Shrug It Off","Intimidate"],"picked":"Flex+1","floor":18.0},{"not_picked":["Feel No Pain+1","Entrench"],"picked":"Battle Trance","floor":22.0},{"not_picked":["Clash+1","Shrug It Off","Armaments"],"picked":"Whirlwind+1","floor":25.0},{"not_picked":["Hemokinesis+1","Shockwave","Armaments"],"picked":"Flex","floor":27.0},{"not_picked":["Flame Barrier","Rampage+1","Shockwave"],"picked":"Shrug It Off","floor":28.0},{"not_picked":["Searing Blow+1","Sword Boomerang+1","Feed+1"],"picked":"Inflame","floor":29.0},{"not_picked":["Iron Wave+1","Sword Boomerang+1","Armaments"],"picked":"Cleave+1","floor":31.0},{"not_picked":["Brutality","Double Tap","Exhume"],"picked":"Fiend Fire+1","floor":33.0},{"not_picked":["Twin Strike+1","Seeing Red","Clothesline+1"],"picked":"Flex+1","floor":35},{"not_picked":["Armaments","Body Slam+1","Ghostly Armor"],"picked":"Cleave+1","floor":36},{"not_picked":["Ghostly Armor","Infernal Blade","Thunderclap+1"],"picked":"Iron Wave+1","floor":38},{"not_picked":["Wild Strike+1","Hemokinesis+1","Clothesline+1","Power Through"],"picked":"SKIP","floor":39},{"not_picked":["Exhume","Inflame","Flex"],"picked":"Pommel Strike+1","floor":41},{"not_picked":["Clash+1","Armaments","Body Slam+1"],"picked":"Shrug It Off+1","floor":46}],"player_experience":39854,"relics_obtained":[{"floor":5.0,"key":"Molten Egg 2"},{"floor":7.0,"key":"Omamori"},{"floor":9.0,"key":"Self Forming Clay"},{"floor":14.0,"key":"Torii"},{"floor":20.0,"key":"Gremlin Horn"},{"floor":22.0,"key":"Nunchaku"},{"floor":22.0,"key":"Question Card"},{"floor":26.0,"key":"Red Skull"},{"floor":28.0,"key":"Strawberry"},{"floor":36,"key":"StoneCalendar"},{"floor":41,"key":"Ginger"},{"floor":43,"key":"Centennial Puzzle"},{"floor":48,"key":"Frozen Egg 2"}],"event_choices":[{"damage_healed":0.0,"max_hp_gain":0.0,"max_hp_loss":0.0,"gold_gain":0.0,"event_name":"Living Wall","player_choice":"Grow","floor":2.0,"gold_loss":0.0,"damage_taken":0.0,"cards_upgraded":["Cleave"]},{"damage_healed":0.0,"max_hp_gain":0.0,"max_hp_loss":0.0,"gold_gain":0.0,"event_name":"Golden Idol","player_choice":"Take Damage","floor":3.0,"gold_loss":0.0,"damage_taken":20.0,"relics_obtained":["Golden Idol"]},{"damage_healed":0.0,"max_hp_gain":0.0,"max_hp_loss":0.0,"gold_gain":75.0,"event_name":"World of Goop","player_choice":"Gather Gold","floor":11.0,"gold_loss":0.0,"damage_taken":11.0},{"damage_healed":0.0,"max_hp_gain":0.0,"max_hp_loss":0.0,"gold_gain":30.0,"event_name":"Dead Adventurer","player_choice":"Searched \u00272\u0027 times","floor":14.0,"gold_loss":0.0,"damage_taken":0.0},{"damage_healed":0.0,"max_hp_gain":0.0,"max_hp_loss":26.0,"gold_gain":0.0,"event_name":"Vampires","player_choice":"Became a vampire","floor":19.0,"gold_loss":0.0,"damage_taken":0.0,"cards_obtained":["Bite","Bite","Bite","Bite","Bite"]},{"damage_healed":0.0,"max_hp_gain":0.0,"max_hp_loss":0.0,"gold_gain":0.0,"event_name":"Colosseum","player_choice":"Fight","floor":22.0,"gold_loss":0.0,"damage_taken":0.0},{"damage_healed":0.0,"max_hp_gain":0.0,"max_hp_loss":0.0,"gold_gain":0.0,"event_name":"Colosseum","player_choice":"Fought Nobs","floor":22.0,"gold_loss":0.0,"damage_taken":0.0},{"damage_healed":0.0,"max_hp_gain":0.0,"max_hp_loss":0.0,"gold_gain":0.0,"event_name":"Match and Keep!","player_choice":"2 cards matched","floor":24.0,"gold_loss":0.0,"damage_taken":0.0,"cards_obtained":["Injury","Finesse"]},{"damage_healed":0,"gold_gain":0,"player_choice":"Fight","damage_taken":0,"max_hp_gain":0,"max_hp_loss":0,"event_name":"Mysterious Sphere","floor":36,"gold_loss":0},{"damage_healed":32,"gold_gain":0,"player_choice":"Heal","damage_taken":0,"max_hp_gain":0,"max_hp_loss":0,"event_name":"MindBloom","floor":42,"gold_loss":0,"cards_obtained":["Doubt"]},{"damage_healed":0,"gold_gain":0,"player_choice":"Upgraded","damage_taken":0,"max_hp_gain":0,"max_hp_loss":0,"event_name":"Upgrade Shrine","floor":45,"gold_loss":0,"cards_upgraded":["Ghostly Armor"]},{"damage_healed":0,"gold_gain":0,"player_choice":"Paid","damage_taken":0,"relics_obtained":["Red Mask"],"max_hp_gain":0,"max_hp_loss":0,"event_name":"Tomb of Lord Red Mask","floor":47,"gold_loss":306}],"is_beta":false,"boss_relics":[{"not_picked":["Snecko Eye","Mark of Pain"],"picked":"Velvet Choker"},{"not_picked":["Black Star","White Beast Statue"],"picked":"Runic Pyramid"}],"items_purged_floors":[21,37],"is_endless":false,"potions_floor_spawned":[4,13,14,22,27,29,38,39,41],"ascension_level":0}