{"gold_per_floor":[109,119,15,15,15,15,27,60,60,60,72,38,58,69,69,164,164,179,189,4,19,33,33,52,52],"floor_reached":25,"playtime":1794,"items_purged":[],"score":217,"play_id":"86f5b76e-958a-48b1-aaa4-48d284f9da91","local_time":"20190621022547","is_ascension_mode":true,"campfire_choices":[{"floor":6,"key":"RECALL"},{"floor":10,"key":"REST"},{"floor":15,"key":"REST"},{"floor":23,"key":"REST"}],"neow_cost":"NONE","seed_source_timestamp":76454207821900,"circlet_count":0,"master_deck":["Defend_G","Defend_G","Defend_G","Defend_G","Defend_G","Strike_G","Strike_G","Strike_G","Strike_G","Strike_G","Survivor","Neutralize","Bouncing Flask","Footwork","Bane","Backflip","Dodge and Roll","Deflect","Skewer","Footwork+1","Noxious Fumes+1","After Image+1","Poisoned Stab","Catalyst","Footwork+1","Prepared+1","Backflip","Bane"],"relics":["Ring of the Snake","NeowsBlessing","Frozen Egg 2","Tough Bandages","Sozu","Pen Nib"],"potions_floor_usage":[8,11,16,25],"damage_taken":[{"damage":0,"enemies":"2 Louse","floor":1,"turns":1},{"damage":0,"enemies":"Small Slimes","floor":2,"turns":1},{"damage":0,"enemies":"Jaw Worm","floor":7,"turns":1},{"damage":36,"enemies":"3 Sentries","floor":8,"turns":9},{"damage":0,"enemies":"Lots of Slimes","floor":11,"turns":1},{"damage":7,"enemies":"3 Louse","floor":13,"turns":6},{"damage":8,"enemies":"Large Slime","floor":14,"turns":6},{"damage":8,"enemies":"The Guardian","floor":16,"turns":11},{"damage":0,"enemies":"Spheric Guardian","floor":18,"turns":7},{"damage":11,"enemies":"3 Byrds","floor":19,"turns":6},{"damage":6,"enemies":"Centurion and Healer","floor":21,"turns":10},{"damage":37,"enemies":"Cultist and Chosen","floor":22,"turns":6},{"damage":11,"enemies":"Snake Plant","floor":24,"turns":5},{"damage":33,"enemies":"Gremlin Leader","floor":25,"turns":4}],"seed_played":"-2801288135497505715","potions_obtained":[{"floor":1,"key":"Explosive Potion"},{"floor":7,"key":"PowerPotion"},{"floor":14,"key":"GhostInAJar"},{"floor":16,"key":"Dexterity Potion"}],"is_trial":false,"path_per_floor":["M","M","$","?","?","R","M","E","T","R","M","$","M","M","R","B",null,"M","M","$","M","M","R","M","E"],"character_chosen":"THE_SILENT","items_purchased":["Footwork","Bane","Skewer","Pen Nib","Footwork+1"],"campfire_rested":3,"item_purchase_floors":[3,3,12,20,20],"current_hp_per_floor":[70,70,70,70,52,52,52,16,16,37,37,37,30,22,43,35,70,70,59,59,53,16,37,26,0],"gold":52,"neow_bonus":"THREE_ENEMY_KILL","is_prod":false,"is_daily":false,"chose_seed":false,"campfire_upgraded":0,"win_rate":0,"timestamp":1561098347,"path_taken":["M","M","$","?","?","R","M","E","T","R","M","?","M","?","R","BOSS","M","M","$","M","M","R","M","E"],"build_version":"2019-01-23","purchased_purges":0,"victory":false,"max_hp_per_floor":[70,70,70,70,70,70,70,70,70,70,70,70,70,70,70,70,70,70,70,70,70,70,70,70,70],"card_choices":[{"not_picked":["Choke","Dagger Throw"],"picked":"Bouncing Flask","floor":1},{"not_picked":["Eviscerate","Underhanded Strike","Dash"],"picked":"SKIP","floor":2},{"not_picked":["Prepared","Terror"],"picked":"Backflip","floor":7},{"not_picked":["Poisoned Stab","Deadly Poison"],"picked":"Dodge and Roll","floor":8},{"not_picked":["Backstab","Eviscerate"],"picked":"Deflect","floor":11},{"not_picked":["Flying Knee","Tactician"],"picked":"Footwork+1","floor":13},{"not_picked":["Calculated Gamble","Flying Knee"],"picked":"Noxious Fumes+1","floor":14},{"not_picked":["Malaise","Night Terror"],"picked":"After Image+1","floor":16},{"not_picked":["Terror","Deflect"],"picked":"Poisoned Stab","floor":18},{"not_picked":["Dagger Spray","Sucker Punch+1"],"picked":"Catalyst","floor":19},{"not_picked":["Flying Knee","Calculated Gamble+1"],"picked":"Prepared+1","floor":21},{"not_picked":["Flying Knee","Reflex"],"picked":"Backflip","floor":22},{"not_picked":["Unload","Blade Dance"],"picked":"Bane","floor":24}],"player_experience":105434,"relics_obtained":[{"floor":8,"key":"Tough Bandages"}],"event_choices":[{"damage_healed":0,"gold_gain":0,"player_choice":"Ignored","damage_taken":0,"max_hp_gain":0,"max_hp_loss":0,"event_name":"Golden Wing","floor":4,"gold_loss":0},{"damage_healed":0,"gold_gain":0,"player_choice":"Success","damage_taken":18,"relics_obtained":["Frozen Egg 2"],"max_hp_gain":0,"max_hp_loss":0,"event_name":"Scrap Ooze","floor":5,"gold_loss":0}],"is_beta":false,"boss_relics":[{"not_picked":["Eternal Feather","Busted Crown"],"picked":"Sozu"}],"items_purged_floors":[],"is_endless":false,"potions_floor_spawned":[1,7,14,16,21,24],"killed_by":"Gremlin Leader","ascension_level":1}