{"gold_per_floor":[117,135,135,150,100,129,129,163,163,182,213,223,148,166,166,270,270,289,289,289,0,0,0,0,0,0,0,14,27,3,16,16,16],"floor_reached":33,"playtime":1838,"items_purged":["Strike_G"],"score":331,"play_id":"9eb16223-bca0-4080-9ffd-b99231086da5","local_time":"20190711020443","is_ascension_mode":true,"campfire_choices":[{"floor":7,"key":"REST"},{"floor":15,"key":"REST"},{"data":"Blade Dance","floor":23,"key":"SMITH"},{"floor":25,"key":"RECALL"},{"data":"Blade Dance","floor":27,"key":"SMITH"},{"floor":32,"key":"REST"}],"neow_cost":"NONE","seed_source_timestamp":225194750780502,"circlet_count":0,"master_deck":["Strike_G","Strike_G","Defend_G","Defend_G","Defend_G","Defend_G","Defend_G","Survivor","Neutralize","Infinite Blades","Setup","Cloak And Dagger","Deflect","Blade Dance+1","Blade Dance","Acrobatics","Well Laid Plans","Blade Dance+1","After Image","Finisher","Injury","Cloak And Dagger","Backflip"],"relics":["Ring of the Snake","Sundial","Oddly Smooth Stone","Art of War","Shuriken","Pocketwatch","Cursed Key"],"potions_floor_usage":[6,8,11],"damage_taken":[{"damage":4,"enemies":"Cultist","floor":1,"turns":5},{"damage":0,"enemies":"Jaw Worm","floor":2,"turns":5},{"damage":2,"enemies":"Small Slimes","floor":4,"turns":4},{"damage":53,"enemies":"Gremlin Nob","floor":6,"turns":6},{"damage":24,"enemies":"3 Sentries","floor":8,"turns":12},{"damage":9,"enemies":"Exordium Wildlife","floor":10,"turns":5},{"damage":11,"enemies":"Lagavulin","floor":11,"turns":5},{"damage":0,"enemies":"3 Louse","floor":12,"turns":5},{"damage":0,"enemies":"Red Slaver","floor":14,"turns":5},{"damage":0,"enemies":"Hexaghost","floor":16,"turns":10},{"damage":18,"enemies":"Chosen","floor":18,"turns":5},{"damage":0,"enemies":"Shell Parasite","floor":28,"turns":5},{"damage":7,"enemies":"Snecko","floor":29,"turns":5},{"damage":0,"enemies":"Cultist and Chosen","floor":31,"turns":5},{"damage":69,"enemies":"Collector","floor":33,"turns":6}],"seed_played":"5721549225536160186","potions_obtained":[{"floor":1,"key":"AttackPotion"},{"floor":2,"key":"GamblersBrew"},{"floor":6,"key":"Regen Potion"},{"floor":10,"key":"PowerPotion"},{"floor":29,"key":"GamblersBrew"}],"is_trial":false,"path_per_floor":["M","M","?","M","?","E","R","E","T","M","E","M","$","M","R","B",null,"M","?","?","?","?","R","$","R","T","R","M","M","$","M","R","B"],"character_chosen":"THE_SILENT","items_purchased":["Cloak And Dagger"],"campfire_rested":3,"item_purchase_floors":[30],"current_hp_per_floor":[66,66,66,64,64,11,32,23,23,14,3,3,3,3,24,24,70,52,52,52,52,52,52,52,52,52,52,52,45,45,45,66,0],"gold":16,"neow_bonus":"THREE_CARDS","is_prod":false,"is_daily":false,"chose_seed":false,"campfire_upgraded":2,"win_rate":0,"timestamp":1562825083,"path_taken":["M","?","?","?","?","E","R","E","T","M","E","M","$","M","R","BOSS","M","?","?","?","?","R","$","R","T","R","M","?","?","M","R","BOSS"],"build_version":"2019-07-05","purchased_purges":1,"victory":false,"max_hp_per_floor":[70,70,70,70,70,70,70,70,70,70,70,70,70,70,70,70,70,70,70,70,70,70,70,70,70,70,70,70,70,70,70,70,70],"card_choices":[{"not_picked":["Bouncing Flask","Deflect"],"picked":"Infinite Blades","floor":0},{"not_picked":["Expertise","Quick Slash"],"picked":"Setup","floor":1},{"not_picked":["PiercingWail","Slice"],"picked":"Cloak And Dagger","floor":2},{"not_picked":["Prepared","Dodge and Roll"],"picked":"Deflect","floor":4},{"not_picked":["Dash","Quick Slash"],"picked":"Blade Dance","floor":6},{"not_picked":["After Image","Underhanded Strike"],"picked":"Blade Dance","floor":8},{"not_picked":["Sucker Punch","Distraction"],"picked":"Acrobatics","floor":10},{"not_picked":["Sucker Punch","Quick Slash"],"picked":"Well Laid Plans","floor":11},{"not_picked":["Heel Hook","Outmaneuver"],"picked":"Blade Dance","floor":12},{"not_picked":["Dagger Throw","Infinite Blades","Leg Sweep"],"picked":"SKIP","floor":14},{"not_picked":["Envenom","Grand Finale"],"picked":"After Image","floor":16},{"not_picked":["Reflex","Outmaneuver","Underhanded Strike+1"],"picked":"SKIP","floor":18},{"not_picked":["Slice","Masterful Stab","Acrobatics+1"],"picked":"SKIP","floor":28},{"not_picked":["Terror","Acrobatics","Finisher"],"picked":"SKIP","floor":29},{"not_picked":["Masterful Stab","Choke"],"picked":"Backflip","floor":31}],"player_experience":97771,"relics_obtained":[{"floor":6,"key":"Oddly Smooth Stone"},{"floor":8,"key":"Art of War"},{"floor":9,"key":"Shuriken"},{"floor":11,"key":"Pocketwatch"}],"event_choices":[{"damage_healed":0,"gold_gain":0,"player_choice":"Gave Potion","damage_taken":0,"relics_obtained":["Sundial"],"max_hp_gain":0,"max_hp_loss":0,"event_name":"WeMeetAgain","floor":3,"gold_loss":0},{"cards_removed":["Strike_G"],"damage_healed":0,"gold_gain":0,"player_choice":"Card Removal","damage_taken":0,"max_hp_gain":0,"max_hp_loss":0,"event_name":"The Cleric","floor":5,"gold_loss":50},{"damage_healed":0,"gold_gain":0,"player_choice":"Read","damage_taken":0,"max_hp_gain":0,"max_hp_loss":0,"event_name":"The Library","floor":19,"gold_loss":0,"cards_obtained":["Finisher"]},{"damage_healed":0,"gold_gain":0,"player_choice":"Ignored","damage_taken":0,"max_hp_gain":0,"max_hp_loss":0,"event_name":"The Mausoleum","floor":20,"gold_loss":0},{"damage_healed":0,"gold_gain":0,"player_choice":"Paid Fearfully","damage_taken":0,"max_hp_gain":0,"max_hp_loss":0,"event_name":"Masked Bandits","floor":21,"gold_loss":289},{"cards_removed":["Strike_G"],"damage_healed":0,"gold_gain":0,"player_choice":"Elegance","damage_taken":0,"max_hp_gain":0,"max_hp_loss":0,"event_name":"Back to Basics","floor":22,"gold_loss":0}],"is_beta":false,"boss_relics":[{"not_picked":["Eternal Feather","Tiny House"],"picked":"Cursed Key"}],"items_purged_floors":[13],"is_endless":false,"potions_floor_spawned":[1,2,6,10,29],"killed_by":"Collector","ascension_level":1}