{"gold_per_floor":[215,226,36,36,48,48,59,86,109,109,26,43,43,71,71,146,146,165,165,177,190,190,190,221,233,259,309,319,319,56,86,86,164,164,180,192,292,339,351,351,384,384,384,409,423,183,55,72,72,72,72,72,72,17,44,44],"floor_reached":57,"playtime":5245,"items_purged":["Pain"],"score":2720,"play_id":"74607c92-1470-4f02-962e-2152db9fba5c","local_time":"20190518174458","is_ascension_mode":true,"campfire_choices":[{"data":"Sunder","floor":6,"key":"SMITH"},{"data":"Darkness","floor":10,"key":"SMITH"},{"data":"Redo","floor":13,"key":"SMITH"},{"data":"Biased Cognition","floor":15,"key":"SMITH"},{"data":"Coolheaded","floor":23,"key":"SMITH"},{"data":"Self Repair","floor":29,"key":"SMITH"},{"data":"Coolheaded","floor":32,"key":"SMITH"},{"data":"Fission","floor":40,"key":"SMITH"},{"data":"Hologram","floor":42,"key":"SMITH"},{"floor":49,"key":"RECALL"},{"data":"Buffer","floor":53,"key":"SMITH"}],"neow_cost":"NONE","seed_source_timestamp":248924184052090,"circlet_count":0,"master_deck":["AscendersBane","Strike_B+1","Strike_B+1","Defend_B","Defend_B","Defend_B+1","Defend_B+1","Zap","Dualcast","Darkness+1","Genetic Algorithm","Redo+1","Rainbow","Sunder+1","Darkness","Biased Cognition+1","Undo","Coolheaded+1","Core Surge","Echo Form","Coolheaded+1","Self Repair+1","Echo Form","Hologram+1","Fusion+1","Fission+1","Redo+1","Hologram+1","Buffer+1","Stack+1","Heatsinks","Skim+1","Redo+1","Coolheaded+1"],"relics":["FrozenCore","DataDisk","Bronze Scales","Blood Vial","Anchor","WarpedTongs","War Paint","Pen Nib","Mummified Hand","StoneCalendar","Coffee Dripper","Turnip","Calipers","Boot","Toxic Egg 2","Bag of Preparation","Whetstone"],"potions_floor_usage":[21,38,38,56,56],"damage_taken":[{"damage":2,"enemies":"Jaw Worm","floor":1,"turns":4},{"damage":0,"enemies":"Cultist","floor":2,"turns":3},{"damage":0,"enemies":"2 Louse","floor":5,"turns":2},{"damage":10,"enemies":"Lots of Slimes","floor":7,"turns":4},{"damage":6,"enemies":"Gremlin Nob","floor":8,"turns":3},{"damage":17,"enemies":"Large Slime","floor":12,"turns":6},{"damage":0,"enemies":"Lagavulin","floor":14,"turns":5},{"damage":20,"enemies":"Slime Boss","floor":16,"turns":7},{"damage":0,"enemies":"Chosen","floor":18,"turns":5},{"damage":1,"enemies":"3 Byrds","floor":20,"turns":5},{"damage":9,"enemies":"Centurion and Healer","floor":21,"turns":7},{"damage":9,"enemies":"Book of Stabbing","floor":24,"turns":6},{"damage":6,"enemies":"Snecko","floor":25,"turns":6},{"damage":9,"enemies":"Chosen and Byrds","floor":28,"turns":9},{"damage":22,"enemies":"Gremlin Leader","floor":31,"turns":7},{"damage":48,"enemies":"Automaton","floor":33,"turns":10},{"damage":25,"enemies":"3 Shapes","floor":35,"turns":7},{"damage":6,"enemies":"3 Darklings","floor":36,"turns":6},{"damage":9,"enemies":"Mind Bloom Boss Battle","floor":37,"turns":8},{"damage":14,"enemies":"2 Orb Walkers","floor":38,"turns":5},{"damage":12,"enemies":"Transient","floor":39,"turns":6},{"damage":36,"enemies":"Nemesis","floor":41,"turns":13},{"damage":14,"enemies":"Giant Head","floor":44,"turns":8},{"damage":8,"enemies":"Sphere and 2 Shapes","floor":45,"turns":7},{"damage":0,"enemies":"Maw","floor":48,"turns":5},{"damage":30,"enemies":"Awakened One","floor":50,"turns":12},{"damage":3,"enemies":"Donu and Deca","floor":51,"turns":7},{"damage":39,"enemies":"Shield and Spear","floor":55,"turns":8},{"damage":31,"enemies":"The Heart","floor":56,"turns":11}],"seed_played":"5742426276707363963","potions_obtained":[{"floor":1,"key":"SpeedPotion"},{"floor":2,"key":"Strength Potion"},{"floor":12,"key":"Explosive Potion"},{"floor":20,"key":"Block Potion"},{"floor":24,"key":"SkillPotion"},{"floor":37,"key":"Fire Potion"},{"floor":41,"key":"SpeedPotion"},{"floor":45,"key":"Poison Potion"}],"is_trial":false,"path_per_floor":["M","M","$","?","M","R","M","E","T","R","$","M","R","E","R","B",null,"M","?","M","M","?","R","E","M","T","?","M","R","$","E","R","B",null,"M","M","?","?","M","R","E","R","T","E","M","$","$","M","R","B","B",null,"R","$","E","B",null],"character_chosen":"DEFECT","items_purchased":["DataDisk","Redo","Undo","Mummified Hand","Bag of Preparation","Heatsinks","Ancient Potion","Redo+1"],"campfire_rested":0,"item_purchase_floors":[3,3,11,30,46,47,47,54],"current_hp_per_floor":[62,62,62,62,62,62,52,46,46,46,46,31,31,33,33,15,57,59,59,60,67,67,67,67,71,71,71,71,71,71,69,69,33,62,59,71,71,71,71,71,55,55,55,63,71,71,71,71,71,61,71,71,71,71,52,33],"gold":44,"neow_bonus":"HUNDRED_GOLD","is_prod":false,"is_daily":false,"chose_seed":false,"campfire_upgraded":10,"win_rate":0,"timestamp":1558215898,"path_taken":["M","M","$","?","?","R","?","E","T","R","?","M","R","E","R","BOSS","M","?","?","M","?","R","E","?","T","?","M","R","$","E","R","BOSS","M","?","?","?","M","R","E","R","T","E","M","?","$","?","R","BOSS","BOSS","R","$","E","BOSS"],"build_version":"2019-01-23","purchased_purges":1,"victory":true,"max_hp_per_floor":[71,71,71,71,71,71,71,71,71,71,71,71,71,71,71,71,71,71,71,71,71,71,71,71,71,71,71,71,71,71,71,71,71,71,71,71,71,71,71,71,71,71,71,71,71,71,71,71,71,71,71,71,71,71,71,71],"card_choices":[{"not_picked":["Hello World","BootSequence"],"picked":"Darkness","floor":1},{"not_picked":["Reinforced Body","Go for the Eyes"],"picked":"Genetic Algorithm","floor":2},{"not_picked":["Conserve Battery","Coolheaded"],"picked":"Sunder","floor":5},{"not_picked":["FTL","Cold Snap"],"picked":"Darkness","floor":7},{"not_picked":["Compile Driver","Rip and Tear"],"picked":"Biased Cognition","floor":8},{"not_picked":["Scrape","Sweeping Beam"],"picked":"Coolheaded","floor":12},{"not_picked":["Go for the Eyes","Storm"],"picked":"Core Surge","floor":14},{"not_picked":["Core Surge","Electrodynamics"],"picked":"Echo Form","floor":16},{"not_picked":["Compile Driver","Beam Cell"],"picked":"Coolheaded","floor":18},{"not_picked":["Beam Cell","Genetic Algorithm"],"picked":"Self Repair","floor":20},{"not_picked":["FTL","White Noise","Ball Lightning"],"picked":"SKIP","floor":21},{"not_picked":["Ball Lightning+1","Beam Cell+1"],"picked":"Hologram","floor":24},{"not_picked":["Turbo","Tempest"],"picked":"Fusion+1","floor":25},{"not_picked":["Barrage","Rebound","Ball Lightning"],"picked":"SKIP","floor":28},{"not_picked":["Rip and Tear","Go for the Eyes","Gash"],"picked":"SKIP","floor":31},{"not_picked":["Machine Learning","All For One"],"picked":"Fission","floor":33},{"not_picked":["Compile Driver","Consume","Rebound"],"picked":"SKIP","floor":35},{"not_picked":["Go for the Eyes+1","Ball Lightning"],"picked":"Redo+1","floor":36},{"not_picked":["Gash+1","Redo"],"picked":"Hologram+1","floor":37},{"not_picked":["Reinforced Body","Aggregate","Rip and Tear"],"picked":"SKIP","floor":39},{"not_picked":["Steam+1","Rebound","Melter"],"picked":"SKIP","floor":41},{"not_picked":["Conserve Battery+1","Streamline"],"picked":"Buffer","floor":44},{"not_picked":["Sweeping Beam","Steam+1"],"picked":"Stack+1","floor":45},{"not_picked":["Rebound","Streamline"],"picked":"Skim+1","floor":48},{"not_picked":["Turbo+1","All For One"],"picked":"Coolheaded+1","floor":55}],"player_experience":1393607,"relics_obtained":[{"floor":8,"key":"Bronze Scales"},{"floor":9,"key":"Blood Vial"},{"floor":14,"key":"Anchor"},{"floor":24,"key":"War Paint"},{"floor":26,"key":"Pen Nib"},{"floor":31,"key":"StoneCalendar"},{"floor":37,"key":"Turnip"},{"floor":38,"key":"Calipers"},{"floor":41,"key":"Boot"},{"floor":44,"key":"Toxic Egg 2"},{"floor":55,"key":"Whetstone"}],"event_choices":[{"damage_healed":0,"gold_gain":0,"cards_transformed":["Strike_B"],"player_choice":"Transformed","damage_taken":0,"max_hp_gain":0,"max_hp_loss":0,"event_name":"Transmorgrifier","floor":4,"gold_loss":0,"cards_obtained":["Rainbow"]},{"damage_healed":0,"gold_gain":0,"player_choice":"Rummage","damage_taken":0,"relics_obtained":["WarpedTongs"],"max_hp_gain":0,"max_hp_loss":0,"event_name":"Accursed Blacksmith","floor":19,"gold_loss":0,"cards_obtained":["Pain"]},{"damage_healed":0,"gold_gain":0,"cards_transformed":["Strike_B"],"player_choice":"Transformed","damage_taken":0,"max_hp_gain":0,"max_hp_loss":0,"event_name":"Transmorgrifier","floor":22,"gold_loss":0,"cards_obtained":["Echo Form"]},{"damage_healed":0,"gold_gain":100,"player_choice":"Bet on Murderer","damage_taken":0,"max_hp_gain":0,"max_hp_loss":0,"event_name":"The Joust","floor":27,"gold_loss":50},{"damage_healed":0,"gold_gain":0,"player_choice":"Fight","damage_taken":0,"max_hp_gain":0,"max_hp_loss":0,"event_name":"MindBloom","floor":37,"gold_loss":0},{"damage_healed":0,"gold_gain":0,"player_choice":"Fight","damage_taken":0,"max_hp_gain":0,"max_hp_loss":0,"event_name":"Mysterious Sphere","floor":38,"gold_loss":0}],"is_beta":false,"boss_relics":[{"not_picked":["Orrery","Nuclear Battery"],"picked":"FrozenCore"},{"not_picked":["Astrolabe","Pandora\u0027s Box"],"picked":"Coffee Dripper"}],"items_purged_floors":[46],"is_endless":false,"potions_floor_spawned":[1,2,12,16,20,24,25,28,33,36,37,41,45],"ascension_level":20}