{"gold_per_floor":[117,130,130,130,141,169,169,94,94,125,150,150],"floor_reached":12,"playtime":591,"items_purged":["Defend_R"],"score":95,"play_id":"4b5413d9-92ad-425b-9d48-b9148bd3864b","local_time":"20180820172403","is_ascension_mode":true,"campfire_choices":[{"data":"Metallicize","floor":7,"key":"SMITH"}],"neow_cost":"","seed_source_timestamp":0,"circlet_count":0,"master_deck":["Strike_R","Strike_R","Strike_R","Strike_R","Defend_R","Defend_R","Bash","Perfected Strike","Pommel Strike","Flex","Metallicize+1","Shrug It Off","Seeing Red"],"special_seed":0,"relics":["Burning Blood","Ornamental Fan","Regal Pillow","Frozen Egg 2","Odd Mushroom"],"potions_floor_usage":[],"damage_taken":[{"damage":2.0,"enemies":"Jaw Worm","floor":1.0,"turns":3.0},{"damage":9.0,"enemies":"2 Louse","floor":2.0,"turns":3.0},{"damage":8,"enemies":"Small Slimes","floor":5,"turns":3},{"damage":37,"enemies":"Lagavulin","floor":6,"turns":6},{"damage":25,"enemies":"3 Sentries","floor":10,"turns":11},{"damage":22,"floor":11,"turns":5},{"damage":13,"enemies":"Gremlin Gang","floor":12,"turns":2}],"seed_played":"7690278194326847825","potions_obtained":[{"floor":2.0,"key":"Energy Potion"},{"floor":6,"key":"Fire Potion"}],"is_trial":false,"path_per_floor":["M","M","?","?","M","E","R","$","T","E","?"],"character_chosen":"IRONCLAD","items_purchased":[],"campfire_rested":0,"item_purchase_floors":[],"current_hp_per_floor":[80,77,77,77,75,44,44,44,44,25,9,0],"gold":150,"neow_bonus":"","is_prod":false,"is_daily":false,"chose_seed":false,"campfire_upgraded":1,"win_rate":0,"timestamp":1534800243,"path_taken":["M","M","?","?","?","E","R","?","T","E","?","M"],"build_version":"2018-08-16","purchased_purges":1,"victory":false,"max_hp_per_floor":[80,80,80,80,80,80,80,80,80,80,80,80],"card_choices":[{"not_picked":["Corruption","Second Wind"],"picked":"Perfected Strike","floor":1.0},{"not_picked":["Combust","Body Slam"],"picked":"Pommel Strike","floor":2.0},{"not_picked":["Battle Trance","Warcry"],"picked":"Flex","floor":5},{"not_picked":["Flex","Second Wind"],"picked":"Metallicize","floor":6},{"not_picked":["Shockwave","Carnage"],"picked":"Shrug It Off","floor":10},{"not_picked":["True Grit","Shrug It Off"],"picked":"Seeing Red","floor":11}],"player_experience":82534,"relics_obtained":[{"floor":6,"key":"Ornamental Fan"},{"floor":9,"key":"Regal Pillow"},{"floor":10,"key":"Frozen Egg 2"},{"floor":11,"key":"Odd Mushroom"}],"event_choices":[{"event_name":"Living Wall","player_choice":"Forget","floor":3,"damage_taken":0},{"event_name":"Purifier","player_choice":"One Purge","floor":4,"damage_taken":0},{"event_name":"Mushrooms","player_choice":"Fought Mushrooms","floor":11,"damage_taken":0}],"is_beta":false,"boss_relics":[],"items_purged_floors":[8],"is_endless":false,"potions_floor_spawned":[2,6],"killed_by":"Gremlin Gang","ascension_level":2}