{"gold_per_floor":[18,38,56,56,76,102,102,131,156,166,0,33,46,63,63,140,140,140,12,12,12,12,12,12,12,12,12,12,12,12,12,12,12,12,12,12,12,12,12,12,12,12,12,12,12,12,12,12,12,12],"floor_reached":50,"playtime":2774,"items_purged":["Strike_R"],"score":967,"play_id":"e6eed61e-9ac8-44ec-b756-4ff1d29e7600","local_time":"20181008235737","is_ascension_mode":true,"campfire_choices":[{"floor":7,"key":"REST"},{"data":"Disarm","floor":15,"key":"SMITH"},{"data":"True Grit","floor":23,"key":"SMITH"},{"data":"Demon Form","floor":25,"key":"SMITH"},{"data":"Armaments","floor":28,"key":"SMITH"},{"floor":32,"key":"REST"},{"floor":40,"key":"REST"},{"floor":45,"key":"REST"},{"floor":49,"key":"REST"}],"neow_cost":"NO_GOLD","seed_source_timestamp":2239590033982281,"circlet_count":0,"master_deck":["Strike_R","Strike_R","Defend_R","Defend_R","Defend_R","Bash","AscendersBane","Pommel Strike","Spot Weakness","Disarm","Disarm+1","Armaments+1","Uppercut+1","Flame Barrier","Demon Form+1","True Grit+1","Flame Barrier+1","Entrench","Sword Boomerang+1","Cleave+1","Evolve","Pummel+1","Warcry","Shrug It Off+1","Seeing Red"],"relics":["Burning Blood","Happy Flower","Art of War","PreservedInsect","Lantern","Pen Nib","Ectoplasm","Molten Egg 2","Whetstone","Dead Branch","Busted Crown","Charon\u0027s Ashes","Omamori","Self Forming Clay"],"potions_floor_usage":[6,12,14,24,29,31,33,33,37,39,46,50,50],"damage_taken":[{"damage":6,"enemies":"Cultist","floor":1,"turns":3},{"damage":0,"enemies":"Small Slimes","floor":2,"turns":2},{"damage":7,"enemies":"Jaw Worm","floor":3,"turns":3},{"damage":20,"enemies":"Exordium Thugs","floor":5,"turns":5},{"damage":35,"enemies":"3 Sentries","floor":6,"turns":7},{"damage":25,"enemies":"Lagavulin","floor":8,"turns":8},{"damage":6,"enemies":"Looter","floor":10,"turns":3},{"damage":3,"enemies":"Gremlin Nob","floor":12,"turns":3},{"damage":7,"enemies":"Blue Slaver","floor":13,"turns":4},{"damage":16,"enemies":"Lots of Slimes","floor":14,"turns":4},{"damage":17,"enemies":"The Guardian","floor":16,"turns":11},{"damage":11,"enemies":"Shell Parasite","floor":18,"turns":5},{"damage":6,"enemies":"3 Byrds","floor":21,"turns":5},{"damage":4,"enemies":"Snake Plant","floor":22,"turns":4},{"damage":9,"enemies":"Snecko","floor":24,"turns":6},{"damage":0,"enemies":"Centurion and Healer","floor":27,"turns":4},{"damage":0,"enemies":"Book of Stabbing","floor":29,"turns":3},{"damage":10,"enemies":"Shelled Parasite and Fungi","floor":30,"turns":4},{"damage":26,"enemies":"Slavers","floor":31,"turns":5},{"damage":69,"enemies":"Automaton","floor":33,"turns":12},{"damage":10,"enemies":"3 Darklings","floor":35,"turns":4},{"damage":26,"enemies":"3 Shapes","floor":36,"turns":8},{"damage":23,"enemies":"3 Darklings","floor":37,"turns":4},{"damage":6,"enemies":"Mind Bloom Boss Battle","floor":39,"turns":4},{"damage":18,"enemies":"Transient","floor":41,"turns":5},{"damage":7,"enemies":"Reptomancer","floor":42,"turns":7},{"damage":13,"enemies":"4 Shapes","floor":46,"turns":3},{"damage":15,"enemies":"3 Darklings","floor":47,"turns":4},{"damage":8,"enemies":"Transient","floor":48,"turns":5},{"damage":73,"enemies":"Time Eater","floor":50,"turns":8}],"seed_played":"-8265495638386866082","potions_obtained":[{"floor":3,"key":"Dexterity Potion"},{"floor":5,"key":"Poison Potion"},{"floor":6,"key":"GamblersBrew"},{"floor":13,"key":"Energy Potion"},{"floor":16,"key":"Regen Potion"},{"floor":24,"key":"SneckoOil"},{"floor":29,"key":"EssenceOfSteel"},{"floor":31,"key":"Weak Potion"},{"floor":33,"key":"PowerPotion"},{"floor":36,"key":"PowerPotion"},{"floor":37,"key":"Poison Potion"},{"floor":42,"key":"Dexterity Potion"},{"floor":47,"key":"SteroidPotion"}],"is_trial":false,"path_per_floor":["M","M","M","?","M","E","R","E","T","M","$","E","M","M","R","B",null,"M","$","?","M","M","R","M","R","T","M","R","E","M","E","R","B",null,"M","M","M","?","?","R","M","M","T","T","R","M","M","M","R"],"character_chosen":"IRONCLAD","items_purchased":["Lantern","True Grit"],"campfire_rested":5,"item_purchase_floors":[11,19],"current_hp_per_floor":[68,74,73,73,59,30,52,33,33,33,33,36,35,25,25,14,60,55,55,55,55,57,57,69,69,69,75,75,75,71,51,73,10,59,55,35,18,18,18,40,28,27,27,27,49,42,33,31,53,0],"gold":12,"neow_bonus":"REMOVE_TWO","is_prod":false,"is_daily":false,"chose_seed":false,"campfire_upgraded":4,"win_rate":0,"timestamp":1539057457,"path_taken":["M","?","M","?","M","E","R","E","T","M","$","E","?","?","R","BOSS","M","$","?","M","M","R","M","R","T","?","R","E","M","E","R","BOSS","M","M","M","?","?","R","M","?","T","?","R","M","M","M","R","BOSS"],"build_version":"2018-10-04v2","purchased_purges":1,"victory":false,"max_hp_per_floor":[75,75,75,75,75,75,75,75,75,75,75,75,75,75,75,75,75,75,75,75,75,75,75,75,75,75,75,75,75,75,75,75,75,75,75,75,75,75,75,75,75,75,75,75,75,75,75,75,75,75],"card_choices":[{"not_picked":["Headbutt","Flex"],"picked":"Pommel Strike","floor":1},{"not_picked":["Entrench","Body Slam"],"picked":"Sword Boomerang","floor":2},{"not_picked":["Twin Strike","Brutality"],"picked":"Spot Weakness","floor":3},{"not_picked":["Thunderclap","Metallicize"],"picked":"Disarm","floor":5},{"not_picked":["Infernal Blade","Thunderclap"],"picked":"Disarm","floor":6},{"not_picked":["Twin Strike","Heavy Blade"],"picked":"Armaments","floor":8},{"not_picked":["Bludgeon","Headbutt"],"picked":"Uppercut","floor":10},{"not_picked":["Heavy Blade","Rage"],"picked":"Flame Barrier","floor":12},{"not_picked":["Havoc","Seeing Red","Anger"],"picked":"SKIP","floor":13},{"not_picked":["Warcry","Perfected Strike","Havoc"],"picked":"SKIP","floor":14},{"not_picked":["Feed","Berserk"],"picked":"Demon Form","floor":16},{"not_picked":["Sever Soul","Second Wind","Pommel Strike"],"picked":"SKIP","floor":18},{"not_picked":["Sentinel+1","Inflame"],"picked":"Flame Barrier+1","floor":21},{"not_picked":["Heavy Blade","Burning Pact"],"picked":"Entrench","floor":22},{"not_picked":["Dual Wield+1","Intimidate"],"picked":"Sword Boomerang","floor":24},{"not_picked":["Headbutt+1","Entrench"],"picked":"Cleave+1","floor":27},{"not_picked":["Reckless Charge+1","Havoc+1","Flex"],"picked":"SKIP","floor":29},{"not_picked":["Rupture","Flame Barrier","Dropkick+1"],"picked":"SKIP","floor":30},{"not_picked":["Twin Strike+1","Clothesline+1"],"picked":"Evolve","floor":31},{"not_picked":["Rupture+1"],"picked":"SKIP","floor":35},{"not_picked":["Combust+1"],"picked":"SKIP","floor":36},{"not_picked":["Fire Breathing"],"picked":"SKIP","floor":37},{"not_picked":[],"picked":"Pummel+1","floor":41},{"not_picked":["Warcry"],"picked":"SKIP","floor":42},{"not_picked":[],"picked":"Warcry","floor":42},{"not_picked":[],"picked":"Shrug It Off+1","floor":46},{"not_picked":[],"picked":"Seeing Red","floor":47},{"not_picked":["Anger+1"],"picked":"SKIP","floor":48}],"player_experience":588215,"relics_obtained":[{"floor":6,"key":"Happy Flower"},{"floor":8,"key":"Art of War"},{"floor":9,"key":"PreservedInsect"},{"floor":12,"key":"Pen Nib"},{"floor":26,"key":"Molten Egg 2"},{"floor":29,"key":"Whetstone"},{"floor":31,"key":"Dead Branch"},{"floor":39,"key":"Charon\u0027s Ashes"},{"floor":43,"key":"Omamori"},{"floor":44,"key":"Self Forming Clay"}],"event_choices":[{"event_name":"Purifier","player_choice":"One Purge","floor":4,"damage_taken":0},{"event_name":"Vampires","player_choice":"Ignored","floor":20,"damage_taken":0},{"event_name":"Falling","player_choice":"Removed Attack","floor":38,"damage_taken":0},{"event_name":"MindBloom","player_choice":"Fight","floor":39,"damage_taken":0}],"is_beta":false,"boss_relics":[{"not_picked":["Coffee Dripper","Lizard Tail"],"picked":"Ectoplasm"},{"not_picked":["Runic Pyramid","Runic Cube"],"picked":"Busted Crown"}],"items_purged_floors":[19],"is_endless":false,"potions_floor_spawned":[3,5,6,13,16,18,24,29,31,33,36,37,42,47],"killed_by":"Time Eater","ascension_level":16}