{"gold_per_floor":[114,39,113,113,124,124,135,135,216,242,252,252,264,289,289,384,384,396,396,201,217,217,236,247,247,271,271,289,163,163,174,174,275,275,290,190,190,190,207,207,71,90,114,114,124,141,141,151,151,151],"floor_reached":51,"playtime":4110,"items_purged":["Strike_R","Bite"],"score":786,"play_id":"bf9b475d-c084-4fb3-b365-e3ff854aae47","local_time":"20180823014858","is_ascension_mode":true,"campfire_choices":[{"data":"Inflame","floor":6,"key":"SMITH"},{"data":"Headbutt","floor":8,"key":"SMITH"},{"data":"Iron Wave","floor":12,"key":"SMITH"},{"data":"Anger","floor":15,"key":"SMITH"},{"data":"Body Slam","floor":25,"key":"SMITH"},{"data":"Limit Break","floor":27,"key":"SMITH"},{"data":"Armaments","floor":30,"key":"SMITH"},{"floor":32,"key":"REST"},{"data":"Madness","floor":40,"key":"SMITH"},{"data":"True Grit","floor":44,"key":"SMITH"},{"data":"Madness","floor":47,"key":"SMITH"},{"data":"Iron Wave","floor":49,"key":"SMITH"}],"neow_cost":"NONE","seed_source_timestamp":595946258418695,"circlet_count":0,"master_deck":["Defend_R","Defend_R","Defend_R","Bash+1","Inflame+1","Headbutt+1","Iron Wave+1","Inflame+1","Anger+1","Limit Break+1","Body Slam+1","Bite","Bite","Bite","Bite","Iron Wave+1","Anger","True Grit+1","Armaments+1","Flex","Reaper","Madness+1","Madness+1","Warcry","Swift Strike","Uppercut+1"],"relics":["Burning Blood","Mercury Hourglass","Frozen Egg 2","Ornamental Fan","Runic Pyramid","ClockworkSouvenir","Regal Pillow","Busted Crown","Vajra"],"potions_floor_usage":[13,24,28,28,28,50,50,50],"damage_taken":[{"damage":9,"enemies":"Jaw Worm","floor":1,"turns":3},{"damage":1,"enemies":"Cultist","floor":5,"turns":3},{"damage":8,"enemies":"2 Louse","floor":7,"turns":2},{"damage":16,"enemies":"Gremlin Nob","floor":10,"turns":3},{"damage":10,"enemies":"2 Fungi Beasts","floor":11,"turns":3},{"damage":2,"enemies":"Red Slaver","floor":13,"turns":2},{"damage":8,"enemies":"Lagavulin","floor":14,"turns":5},{"damage":35,"enemies":"Hexaghost","floor":16,"turns":7},{"damage":21,"enemies":"2 Thieves","floor":18,"turns":4},{"damage":28,"enemies":"Shell Parasite","floor":21,"turns":5},{"damage":32,"enemies":"3 Cultists","floor":23,"turns":5},{"damage":27,"enemies":"Snake Plant","floor":24,"turns":3},{"damage":10,"enemies":"Shelled Parasite and Fungi","floor":28,"turns":4},{"damage":11,"enemies":"Cultist and Chosen","floor":31,"turns":6},{"damage":12,"enemies":"Champ","floor":33,"turns":7},{"damage":11,"enemies":"3 Shapes","floor":35,"turns":3},{"damage":37,"enemies":"Flame Bruiser 1 Orb","floor":39,"turns":6},{"damage":42,"enemies":"Sphere and 2 Shapes","floor":42,"turns":5},{"damage":6,"enemies":"Flame Bruiser 2 Orb","floor":45,"turns":5},{"damage":15,"enemies":"3 Darklings","floor":46,"turns":4},{"damage":27,"enemies":"4 Shapes","floor":48,"turns":4},{"damage":92,"enemies":"Awakened One","floor":50,"turns":9}],"seed_played":"8045027192751330155","potions_obtained":[{"floor":1,"key":"EntropicBrew"},{"floor":5,"key":"Block Potion"},{"floor":7,"key":"Block Potion"},{"floor":13,"key":"BloodPotion"},{"floor":16,"key":"Ancient Potion"},{"floor":21,"key":"Energy Potion"},{"floor":39,"key":"Block Potion"},{"floor":42,"key":"SteroidPotion"},{"floor":46,"key":"EssenceOfSteel"}],"is_trial":false,"path_per_floor":["M","$","?","?","M","R","M","R","T","E","M","R","M","E","R","B",null,"M","?","$","M","?","M","M","R","T","R","M","$","R","M","R","B",null,"M","$","?","$","M","R","$","M","T","R","M","M","R","M","R","B"],"character_chosen":"IRONCLAD","items_purchased":["ClockworkSouvenir","Regen Potion","Armaments","Warcry","Swift Strike"],"campfire_rested":1,"item_purchase_floors":[20,29,29,41,41],"current_hp_per_floor":[77,77,77,82,85,85,83,83,83,73,69,69,73,71,71,42,74,59,59,59,47,47,33,20,20,20,20,26,26,26,34,59,59,59,59,59,52,52,59,59,59,39,39,39,59,59,59,59,59,19],"gold":151,"neow_bonus":"UPGRADE_CARD","is_prod":false,"is_daily":false,"chose_seed":false,"campfire_upgraded":11,"win_rate":0,"timestamp":1535003338,"path_taken":["M","$","?","?","M","R","M","R","T","E","M","R","M","E","R","BOSS","M","?","$","M","?","M","?","R","T","R","M","$","R","M","R","BOSS","M","$","?","?","M","R","$","M","T","R","M","M","R","?","R","BOSS"],"build_version":"2018-08-16","purchased_purges":2,"victory":true,"max_hp_per_floor":[80,80,80,85,85,85,85,85,85,85,85,85,85,85,85,85,85,85,59,59,59,59,59,59,59,59,59,59,59,59,59,59,59,59,59,59,59,59,59,59,59,59,59,59,59,59,59,59,59,59],"card_choices":[{"not_picked":["Reckless Charge","Sentinel"],"picked":"Inflame","floor":1},{"not_picked":["Rupture","Thunderclap","Dual Wield"],"picked":"SKIP","floor":5},{"not_picked":["Carnage","Evolve"],"picked":"Headbutt","floor":7},{"not_picked":["Armaments","Wild Strike"],"picked":"Iron Wave","floor":10},{"not_picked":["Wild Strike","Clash","Berserk+1"],"picked":"SKIP","floor":11},{"not_picked":["Uppercut","Clash"],"picked":"Inflame+1","floor":13},{"not_picked":["Fire Breathing+1","Thunderclap"],"picked":"Anger","floor":14},{"not_picked":["Juggernaut+1","Barricade+1"],"picked":"Limit Break","floor":16},{"not_picked":["Havoc","Metallicize+1"],"picked":"Body Slam","floor":18},{"not_picked":["Feel No Pain+1","Infernal Blade","Headbutt"],"picked":"SKIP","floor":21},{"not_picked":["Carnage+1","Twin Strike"],"picked":"Iron Wave","floor":23},{"not_picked":["Perfected Strike","Carnage"],"picked":"Anger","floor":24},{"not_picked":["Rupture+1","Battle Trance"],"picked":"True Grit","floor":28},{"not_picked":["Shrug It Off","Armaments"],"picked":"Flex","floor":31},{"not_picked":["Exhume","Demon Form+1"],"picked":"Reaper","floor":33},{"not_picked":["Corruption+1"],"picked":"SKIP","floor":35},{"not_picked":["Heavy Blade+1"],"picked":"SKIP","floor":39},{"not_picked":[],"picked":"Uppercut+1","floor":42},{"not_picked":["True Grit"],"picked":"SKIP","floor":45},{"not_picked":["Flex"],"picked":"SKIP","floor":46},{"not_picked":["Second Wind+1"],"picked":"SKIP","floor":48}],"player_experience":146313,"relics_obtained":[{"floor":9,"key":"Mercury Hourglass"},{"floor":10,"key":"Frozen Egg 2"},{"floor":14,"key":"Ornamental Fan"},{"floor":26,"key":"Regal Pillow"},{"floor":43,"key":"Vajra"}],"event_choices":[{"event_name":"Golden Wing","player_choice":"Gained Gold","floor":3,"damage_taken":0},{"event_name":"Big Fish","player_choice":"Donut","floor":4,"damage_taken":0},{"event_name":"Vampires","player_choice":"Became a vampire","floor":19,"damage_taken":0},{"event_name":"Purifier","player_choice":"One Purge","floor":22,"damage_taken":0},{"event_name":"Winding Halls","player_choice":"Embrace Madness","floor":37,"damage_taken":0}],"is_beta":false,"boss_relics":[{"not_picked":["Eternal Feather","Black Blood"],"picked":"Runic Pyramid"},{"not_picked":["Fusion Hammer","Calling Bell"],"picked":"Busted Crown"}],"items_purged_floors":[2,36],"is_endless":false,"potions_floor_spawned":[1,5,7,13,16,21,39,42,46],"ascension_level":5}