{"gold_per_floor":[116,135,135,135,85,113,113,143,143,156,166,184,184,37,37,140,140,159,59,59,70,81,81,99,112,112,112,142,159,129,160,160,259,259,275,627,637,302,319,353,365,377,389,431,460,50,62,62,62,62],"floor_reached":51,"playtime":4244,"items_purged":["Strike_B","Defend_B","Strike_B","Strike_B"],"score":905,"play_id":"76f61bbe-20cb-492b-aa3f-d320198983d4","local_time":"20180825144428","is_ascension_mode":true,"campfire_choices":[{"data":"Go for the Eyes","floor":7,"key":"SMITH"},{"data":"Zap","floor":13,"key":"SMITH"},{"data":"Consume","floor":15,"key":"SMITH"},{"floor":23,"key":"DIG"},{"floor":27,"key":"DIG"},{"floor":32,"key":"REST"},{"floor":42,"key":"DIG"},{"floor":44,"key":"DIG"},{"floor":49,"key":"REST"}],"neow_cost":"TEN_PERCENT_HP_LOSS","seed_source_timestamp":815174703503365,"circlet_count":0,"master_deck":["Defend_B+1","Defend_B","Zap+1","Dualcast+1","Go for the Eyes+1","Cold Snap","Self Repair","Conserve Battery","Consume+1","Conserve Battery","Glacier","Echo Form","Leap+1","Steam","Jack Of All Trades","Streamline+1","Ball Lightning","Stack+1","Compile Driver","Redo+1","Core Surge","Capacitor+1","Ball Lightning+1","Darkness","Apotheosis","Skim","Force Field"],"relics":["Cracked Core","StoneCalendar","CultistMask","Shovel","War Paint","Emotion Chip","Sozu","Meat on the Bone","Ornamental Fan","Gremlin Horn","Pear","Omamori","Snecko Eye","Old Coin","ClockworkSouvenir","MawBank","Boot","Cables","Tiny Chest","Toolbox"],"potions_floor_usage":[16,16],"damage_taken":[{"damage":1,"enemies":"Small Slimes","floor":1,"turns":3},{"damage":0,"enemies":"Cultist","floor":2,"turns":3},{"damage":15,"enemies":"Lagavulin","floor":6,"turns":7},{"damage":31,"enemies":"3 Sentries","floor":8,"turns":7},{"damage":2,"enemies":"Jaw Worm","floor":10,"turns":3},{"damage":0,"enemies":"Exordium Wildlife","floor":11,"turns":3},{"damage":4,"enemies":"Blue Slaver","floor":12,"turns":5},{"damage":6,"enemies":"Hexaghost","floor":16,"turns":13},{"damage":5,"enemies":"Spheric Guardian","floor":18,"turns":6},{"damage":0,"enemies":"Chosen","floor":21,"turns":5},{"damage":6,"enemies":"Snecko","floor":22,"turns":5},{"damage":13,"enemies":"Snake Plant","floor":24,"turns":5},{"damage":12,"enemies":"Centurion and Healer","floor":25,"turns":7},{"damage":6,"enemies":"Gremlin Leader","floor":28,"turns":6},{"damage":8,"enemies":"Cultist and Chosen","floor":29,"turns":4},{"damage":38,"enemies":"Slavers","floor":31,"turns":7},{"damage":28,"enemies":"Collector","floor":33,"turns":15},{"damage":3,"enemies":"3 Shapes","floor":35,"turns":4},{"damage":56,"enemies":"Mysterious Sphere","floor":36,"turns":7},{"damage":33,"enemies":"Flame Bruiser 1 Orb","floor":37,"turns":6},{"damage":6,"enemies":"Spire Growth","floor":39,"turns":6},{"damage":22,"enemies":"Nemesis","floor":40,"turns":9},{"damage":37,"enemies":"Sphere and 2 Shapes","floor":45,"turns":5},{"damage":24,"enemies":"Flame Bruiser 2 Orb","floor":47,"turns":5},{"damage":36,"enemies":"Donu and Deca","floor":50,"turns":9}],"seed_played":"-2793712634587761696","potions_obtained":[{"floor":6,"key":"SteroidPotion"},{"floor":8,"key":"LiquidBronze"},{"floor":10,"key":"Explosive Potion"},{"floor":11,"key":"AttackPotion"}],"is_trial":false,"path_per_floor":["M","M","?","?","?","E","R","E","T","M","M","M","R","$","R","B",null,"M","$","?","M","M","R","M","M","T","R","E","M","?","E","R","B",null,"M","?","M","$","M","E","?","R","T","R","M","$","M","?","R","B"],"character_chosen":"DEFECT","items_purchased":["Glacier","ClockworkSouvenir","Toolbox","Skim"],"campfire_rested":2,"item_purchase_floors":[14,38,46,46],"current_hp_per_floor":[67,67,67,60,60,45,45,21,21,26,33,36,36,36,36,37,60,62,62,62,68,68,68,68,68,68,68,78,78,78,47,70,49,71,78,52,45,45,58,62,62,62,62,62,51,51,49,49,72,58],"gold":62,"neow_bonus":"ONE_RARE_RELIC","is_prod":false,"is_daily":false,"chose_seed":false,"campfire_upgraded":3,"win_rate":0,"timestamp":1535222668,"path_taken":["M","M","?","?","?","E","R","E","T","?","M","M","R","$","R","BOSS","M","$","?","M","M","R","M","?","T","R","E","M","?","E","R","BOSS","M","?","M","$","M","E","?","R","T","R","M","$","M","?","R","BOSS"],"build_version":"2018-08-23v2","purchased_purges":4,"victory":true,"max_hp_per_floor":[68,68,68,68,68,68,68,68,68,68,68,68,68,68,68,68,68,68,68,68,68,68,68,68,68,68,68,78,78,78,78,78,78,78,78,78,78,78,78,78,78,78,78,78,78,78,78,78,78,78],"card_choices":[{"not_picked":["Turbo","Conserve Battery"],"picked":"Go for the Eyes","floor":1},{"not_picked":["Sweeping Beam","Genetic Algorithm"],"picked":"Cold Snap","floor":2},{"not_picked":["Thunder Strike","Chill"],"picked":"Self Repair","floor":6},{"not_picked":["Turbo","Blizzard"],"picked":"Conserve Battery","floor":8},{"not_picked":["Beam Cell","Chaos"],"picked":"Consume","floor":10},{"not_picked":["Reinforced Body","Barrage","Scrape"],"picked":"SKIP","floor":11},{"not_picked":["Storm","Go for the Eyes"],"picked":"Conserve Battery","floor":12},{"not_picked":["Seek","Rainbow"],"picked":"Echo Form","floor":16},{"not_picked":["Static Discharge","Turbo"],"picked":"Leap+1","floor":18},{"not_picked":["Turbo","Heatsinks+1"],"picked":"Streamline+1","floor":21},{"not_picked":["Stack","Heatsinks"],"picked":"Ball Lightning","floor":22},{"not_picked":["Go for the Eyes","Gash","Redo"],"picked":"SKIP","floor":24},{"not_picked":["Barrage","Reboot"],"picked":"Stack+1","floor":25},{"not_picked":["Cold Snap","Redo+1"],"picked":"Compile Driver","floor":28},{"not_picked":["Aggregate","Leap"],"picked":"Turbo+1","floor":29},{"not_picked":["Beam Cell+1","Rip and Tear+1"],"picked":"Redo+1","floor":31},{"not_picked":["Reboot","Multi-Cast"],"picked":"Core Surge","floor":33},{"not_picked":["BootSequence","Scrape+1"],"picked":"Capacitor+1","floor":35},{"not_picked":["FTL+1","Leap","Cold Snap+1"],"picked":"SKIP","floor":37},{"not_picked":["Cold Snap+1","Reinforced Body"],"picked":"Ball Lightning+1","floor":39},{"not_picked":["Coolheaded","Barrage+1"],"picked":"Darkness","floor":40},{"not_picked":["Jack Of All Trades","The Bomb"],"picked":"Apotheosis","floor":41},{"not_picked":["Turbo+1","Sweeping Beam","Gash"],"picked":"SKIP","floor":45},{"not_picked":["Leap","Turbo"],"picked":"Force Field","floor":47}],"player_experience":231920,"relics_obtained":[{"floor":6,"key":"Shovel"},{"floor":8,"key":"War Paint"},{"floor":9,"key":"Emotion Chip"},{"floor":23,"key":"Meat on the Bone"},{"floor":26,"key":"Ornamental Fan"},{"floor":27,"key":"Gremlin Horn"},{"floor":28,"key":"Pear"},{"floor":31,"key":"Omamori"},{"floor":36,"key":"Old Coin"},{"floor":40,"key":"MawBank"},{"floor":42,"key":"Boot"},{"floor":43,"key":"Cables"},{"floor":44,"key":"Tiny Chest"}],"event_choices":[{"event_name":"FaceTrader","player_choice":"Trade","floor":3,"damage_taken":0},{"event_name":"Golden Wing","player_choice":"Card Removal","floor":4,"damage_taken":0},{"event_name":"The Cleric","player_choice":"Card Removal","floor":5,"damage_taken":0},{"event_name":"Match and Keep!","player_choice":"2 cards matched","floor":20,"damage_taken":0},{"event_name":"The Woman in Blue","player_choice":"Bought 2 Potions","floor":30,"damage_taken":0},{"event_name":"Mysterious Sphere","player_choice":"Fight","floor":36,"damage_taken":0},{"event_name":"SensoryStone","player_choice":"Memory 1","floor":41,"damage_taken":0},{"event_name":"Falling","player_choice":"Removed Skill","floor":48,"damage_taken":0}],"is_beta":false,"boss_relics":[{"not_picked":["Lizard Tail","Orrery"],"picked":"Sozu"},{"not_picked":["Eternal Feather","White Beast Statue"],"picked":"Snecko Eye"}],"items_purged_floors":[14,19,38,46],"is_endless":false,"potions_floor_spawned":[6,8,10,11,18,22,25,35,40],"ascension_level":6}