{"gold_per_floor":[110,35,35,35,46,46,62,62,135,470,470,495,95,115,115,187,187,203,203,57,57,74,74,84,109,179,189,217,87,98,128,128,206,206,223,242,242,262,312,312,329,357,384,395,427,85,103,133,133,133,133,133,133,4,31,31],"floor_reached":57,"playtime":3242,"items_purged":["Strike_R","Strike_R","Anger","Strike_R"],"score":2970,"play_id":"8aa95b20-5bb7-4c2c-b78a-75a8f040a680","local_time":"20190625161640","is_ascension_mode":true,"campfire_choices":[{"data":"Fiend Fire","floor":6.0,"key":"SMITH"},{"data":"Bash","floor":8.0,"key":"SMITH"},{"data":"Shockwave","floor":11.0,"key":"SMITH"},{"data":"1","floor":15.0,"key":"LIFT"},{"data":"2","floor":23.0,"key":"LIFT"},{"data":"3","floor":32.0,"key":"LIFT"},{"floor":40.0,"key":"RECALL"},{"floor":49.0,"key":"REST"},{"floor":53.0,"key":"REST"}],"neow_cost":"TEN_PERCENT_HP_LOSS","seed_source_timestamp":872221940325726,"circlet_count":0,"master_deck":["AscendersBane","Strike_R","Defend_R","Defend_R+1","Defend_R","Bash+1","Fiend Fire+1","Clothesline+1","Thunderclap+1","Shockwave+1","Shrug It Off","Shockwave+1","Juggernaut","Disarm","Reaper","Pommel Strike+1","Bludgeon","Feel No Pain","Impervious","Limit Break","Feel No Pain","Limit Break","Demon Form","Flame Barrier","Heavy Blade","Impervious","Limit Break"],"special_seed":0,"relics":["Burning Blood","Incense Burner","The Courier","Old Coin","Girya","Snecko Eye","Enchiridion","Nloth\u0027s Gift","Centennial Puzzle","Matryoshka","War Paint","FossilizedHelix","Fusion Hammer","Kunai","Bronze Scales","Anchor","Potion Belt","Whetstone","Bag of Preparation","Bag of Marbles"],"potions_floor_usage":[56,56,56,56],"damage_taken":[{"damage":2.0,"enemies":"Cultist","floor":1.0,"turns":4.0},{"damage":0.0,"enemies":"2 Louse","floor":5.0,"turns":3.0},{"damage":3.0,"enemies":"Jaw Worm","floor":7.0,"turns":4.0},{"damage":11.0,"enemies":"Lagavulin","floor":10.0,"turns":7.0},{"damage":23.0,"enemies":"3 Sentries","floor":12.0,"turns":7.0},{"damage":3.0,"enemies":"Blue Slaver","floor":14.0,"turns":6.0},{"damage":21.0,"enemies":"Slime Boss","floor":16.0,"turns":14.0},{"damage":0.0,"enemies":"2 Thieves","floor":18.0,"turns":2.0},{"damage":0.0,"enemies":"Chosen","floor":22.0,"turns":2.0},{"damage":14.0,"enemies":"Shelled Parasite and Fungi","floor":24.0,"turns":2.0},{"damage":20.0,"enemies":"Gremlin Leader","floor":25.0,"turns":5.0},{"damage":0.0,"enemies":"Snecko","floor":27.0,"turns":1.0},{"damage":4.0,"enemies":"Slavers","floor":28.0,"turns":4.0},{"damage":10.0,"enemies":"Snake Plant","floor":30.0,"turns":2.0},{"damage":0.0,"enemies":"Gremlin Leader","floor":31.0,"turns":4.0},{"damage":39.0,"enemies":"Automaton","floor":33.0,"turns":8.0},{"damage":0.0,"enemies":"3 Darklings","floor":35.0,"turns":4.0},{"damage":6.0,"enemies":"3 Shapes","floor":36.0,"turns":4.0},{"damage":0.0,"enemies":"3 Darklings","floor":38.0,"turns":5.0},{"damage":0.0,"enemies":"Sphere and 2 Shapes","floor":41.0,"turns":4.0},{"damage":6.0,"enemies":"Reptomancer","floor":42.0,"turns":4.0},{"damage":15.0,"enemies":"Jaw Worm Horde","floor":44.0,"turns":5.0},{"damage":10.0,"enemies":"Nemesis","floor":45.0,"turns":7.0},{"damage":0.0,"enemies":"Maw","floor":47.0,"turns":7.0},{"damage":10.0,"enemies":"Reptomancer","floor":48.0,"turns":7.0},{"damage":0.0,"enemies":"Donu and Deca","floor":50.0,"turns":11.0},{"damage":32.0,"enemies":"Time Eater","floor":51.0,"turns":13.0},{"damage":21,"enemies":"Shield and Spear","floor":55,"turns":6},{"damage":38,"enemies":"The Heart","floor":56,"turns":7}],"seed_played":"-602238127451859290","potions_obtained":[{"floor":1.0,"key":"Ancient Potion"},{"floor":5.0,"key":"SkillPotion"},{"floor":24.0,"key":"LiquidBronze"},{"floor":25.0,"key":"Swift Potion"},{"floor":35.0,"key":"SpeedPotion"},{"floor":55,"key":"AttackPotion"}],"is_trial":false,"path_per_floor":["M","?","?","T","M","R","M","R","T","E","R","E","$","M","R","B",null,"M","?","$","?","M","R","M","E","T","M","E","$","M","E","R","B",null,"M","M","?","M","?","R","M","E","T","M","E","$","M","E","R","B","B",null,"R","$","E","B",null],"character_chosen":"IRONCLAD","items_purchased":["Shrug It Off","Girya","Anger","Disarm","Feel No Pain","Heavy Blade","Potion Belt","SteroidPotion","Bag of Preparation"],"campfire_rested":2,"item_purchase_floors":[13,13,13,20,29,46,46,46,54],"current_hp_per_floor":[68,68,68,68,68,68,68,68,68,63,63,46,46,49,49,34,60,66,45,45,45,51,51,52,56,56,62,68,68,64,68,68,35,60,68,68,68,68,62,62,68,68,68,68,64,64,68,64,68,68,54,65,68,68,68,36],"gold":31,"neow_bonus":"THREE_RARE_CARDS","is_prod":false,"is_daily":false,"chose_seed":false,"campfire_upgraded":3,"win_rate":0,"timestamp":1561493800,"path_taken":["M","?","?","?","M","R","M","R","T","E","R","E","?","M","R","BOSS","M","?","$","?","M","R","M","E","T","?","E","$","M","E","R","BOSS","M","M","?","M","?","R","M","E","T","?","E","$","M","E","R","BOSS","BOSS","R","$","E","BOSS"],"build_version":"2019-01-23","purchased_purges":4,"victory":true,"max_hp_per_floor":[68,68,68,68,68,68,68,68,68,68,68,68,68,68,68,68,68,68,68,68,68,68,68,68,68,68,68,68,68,68,68,68,68,68,68,68,68,68,68,68,68,68,68,68,68,68,68,68,68,68,68,68,68,68,68,68],"card_choices":[{"not_picked":["Berserk","Bludgeon"],"picked":"Fiend Fire","floor":0.0},{"not_picked":["Flex","Sword Boomerang"],"picked":"Clothesline","floor":1.0},{"not_picked":["Body Slam","Heavy Blade"],"picked":"Thunderclap","floor":5.0},{"not_picked":["Iron Wave","Flex","Armaments"],"picked":"SKIP","floor":7.0},{"not_picked":["Brutality","Sword Boomerang"],"picked":"Shockwave","floor":10.0},{"not_picked":["True Grit","Seeing Red","Wild Strike"],"picked":"SKIP","floor":12.0},{"not_picked":["Blood for Blood","Clash"],"picked":"Shockwave","floor":14.0},{"not_picked":["Fiend Fire","Double Tap"],"picked":"Juggernaut","floor":16.0},{"not_picked":["True Grit","Sentinel","Wild Strike"],"picked":"SKIP","floor":18.0},{"not_picked":["Clash","Heavy Blade"],"picked":"Reaper","floor":22.0},{"not_picked":["Anger","Clothesline"],"picked":"Pommel Strike+1","floor":24.0},{"not_picked":["Iron Wave","Wild Strike","Burning Pact"],"picked":"SKIP","floor":25.0},{"not_picked":["Wild Strike","Warcry","Sword Boomerang"],"picked":"SKIP","floor":27.0},{"not_picked":["Second Wind","Iron Wave"],"picked":"Bludgeon","floor":28.0},{"not_picked":["Body Slam","True Grit","Clash"],"picked":"SKIP","floor":30.0},{"not_picked":["Clash","Double Tap"],"picked":"Impervious","floor":31.0},{"not_picked":["Exhume","Brutality"],"picked":"Limit Break","floor":33.0},{"not_picked":["Fire Breathing+1","True Grit","Clothesline+1"],"picked":"SKIP","floor":35.0},{"not_picked":["Body Slam","Power Through"],"picked":"Feel No Pain","floor":36.0},{"not_picked":["Warcry","Havoc","True Grit"],"picked":"SKIP","floor":38.0},{"not_picked":["Thunderclap","Bludgeon"],"picked":"Limit Break","floor":41.0},{"not_picked":["True Grit","Anger"],"picked":"Demon Form","floor":42.0},{"not_picked":["Twin Strike","Havoc","Armaments"],"picked":"SKIP","floor":44.0},{"not_picked":["Shockwave","Cleave"],"picked":"Flame Barrier","floor":45.0},{"not_picked":["Clash+1","Iron Wave","Warcry+1"],"picked":"SKIP","floor":47.0},{"not_picked":["Clothesline+1","Wild Strike"],"picked":"Impervious","floor":48.0},{"not_picked":["Perfected Strike+1","Clash"],"picked":"Limit Break","floor":55}],"player_experience":1535219,"relics_obtained":[{"floor":4.0,"key":"Incense Burner"},{"floor":9.0,"key":"The Courier"},{"floor":10.0,"key":"Old Coin"},{"floor":12.0,"key":"Vajra"},{"floor":19.0,"key":"Enchiridion"},{"floor":25.0,"key":"Centennial Puzzle"},{"floor":26.0,"key":"Matryoshka"},{"floor":28.0,"key":"War Paint"},{"floor":31.0,"key":"FossilizedHelix"},{"floor":42.0,"key":"Kunai"},{"floor":43.0,"key":"Bronze Scales"},{"floor":45.0,"key":"Anchor"},{"floor":48.0,"key":"Whetstone"},{"floor":55,"key":"Bag of Marbles"}],"event_choices":[{"cards_removed":["Strike_R"],"damage_healed":0.0,"max_hp_gain":0.0,"max_hp_loss":0.0,"gold_gain":0.0,"event_name":"The Cleric","player_choice":"Card Removal","floor":2.0,"gold_loss":75.0,"damage_taken":0.0},{"damage_healed":0.0,"max_hp_gain":0.0,"max_hp_loss":0.0,"gold_gain":0.0,"event_name":"Liars Game","player_choice":"Ignored","floor":3.0,"gold_loss":0.0,"damage_taken":0.0},{"damage_healed":0.0,"max_hp_gain":0.0,"max_hp_loss":0.0,"gold_gain":0.0,"event_name":"Cursed Tome","player_choice":"Obtained Book","floor":19.0,"gold_loss":0.0,"damage_taken":21.0},{"damage_healed":0.0,"max_hp_gain":0.0,"max_hp_loss":0.0,"gold_gain":0.0,"event_name":"N\u0027loth","player_choice":"Traded Relic","floor":21.0,"relics_lost":["Vajra"],"gold_loss":0.0,"damage_taken":0.0,"relics_obtained":["Nloth\u0027s Gift"]},{"cards_removed":["Defend_R"],"damage_healed":0.0,"max_hp_gain":0.0,"max_hp_loss":0.0,"gold_gain":0.0,"event_name":"Falling","player_choice":"Removed Skill","floor":37.0,"gold_loss":0.0,"damage_taken":0.0},{"damage_healed":0.0,"max_hp_gain":0.0,"max_hp_loss":0.0,"gold_gain":50.0,"event_name":"FaceTrader","player_choice":"Touch","floor":39.0,"gold_loss":0.0,"damage_taken":6.0}],"is_beta":false,"boss_relics":[{"not_picked":["Calling Bell","Pandora\u0027s Box"],"picked":"Snecko Eye"},{"not_picked":["Eternal Feather","Runic Cube"],"picked":"Fusion Hammer"}],"items_purged_floors":[13,20,29,46],"is_endless":false,"potions_floor_spawned":[1,5,24,25,31,33,35,41,42,44,45,55],"ascension_level":20}