{"gold_per_floor":[115,125,142,0,0,0,64,25,52,52,72,101,101,116,116,188,188,177,177,58,74,105,105,139,139,139,150,175,186,101,39,39,39],"floor_reached":33,"playtime":2622,"items_purged":["Strike_G"],"score":527,"play_id":"9f9f8a7e-53cc-4dc5-b2e7-cddd93606487","local_time":"20180920191446","is_ascension_mode":true,"campfire_choices":[{"data":"Neutralize","floor":6.0,"key":"SMITH"},{"data":"Cloak And Dagger","floor":10.0,"key":"SMITH"},{"data":"Adrenaline","floor":13.0,"key":"SMITH"},{"data":"Footwork","floor":15.0,"key":"SMITH"},{"floor":23.0,"key":"REST"},{"data":"Burst","floor":25.0,"key":"SMITH"},{"floor":32,"key":"REST"}],"neow_cost":"NONE","seed_source_timestamp":0,"circlet_count":0,"master_deck":["Defend_G","Defend_G","Defend_G","Defend_G","Defend_G","Strike_G","Strike_G+1","Strike_G","Survivor","Neutralize+1","AscendersBane","Prepared","Crippling Poison","Flying Knee","All Out Attack+1","Blur","Cloak And Dagger+1","Deflect","Blur","Cloak And Dagger","Adrenaline+1","Footwork+1","Burst+1","Blur","Accuracy","Blade Dance","Footwork+1","Cloak And Dagger","Backflip"],"special_seed":0,"relics":["Ring of the Snake","Tiny Chest","Whetstone","Oddly Smooth Stone","Black Star","Red Mask","Frozen Egg 2","Bottled Lightning","Matryoshka","Sundial","Bottled Tornado","Shuriken"],"potions_floor_usage":[27,28,33],"damage_taken":[{"damage":0.0,"enemies":"Cultist","floor":1.0,"turns":6.0},{"damage":2.0,"enemies":"Jaw Worm","floor":2.0,"turns":6.0},{"damage":0.0,"enemies":"Small Slimes","floor":3.0,"turns":3.0},{"damage":6.0,"enemies":"3 Sentries","floor":7.0,"turns":11.0},{"damage":0.0,"enemies":"Exordium Wildlife","floor":11.0,"turns":4.0},{"damage":17.0,"enemies":"Lagavulin","floor":12.0,"turns":7.0},{"damage":0.0,"enemies":"Red Slaver","floor":14.0,"turns":3.0},{"damage":9.0,"enemies":"The Guardian","floor":16.0,"turns":22.0},{"damage":2.0,"enemies":"2 Thieves","floor":18.0,"turns":4.0},{"damage":10.0,"enemies":"3 Byrds","floor":21.0,"turns":8.0},{"damage":12.0,"enemies":"Masked Bandits","floor":22.0,"turns":3.0},{"damage":21.0,"enemies":"Gremlin Leader","floor":24.0,"turns":15.0},{"damage":10,"enemies":"Snecko","floor":27,"turns":9},{"damage":19,"enemies":"Slavers","floor":28,"turns":11},{"damage":0,"enemies":"3 Cultists","floor":29,"turns":5},{"damage":44,"enemies":"Automaton","floor":33,"turns":18}],"seed_played":"-5306719410878374245","potions_obtained":[{"floor":1.0,"key":"Dexterity Potion"},{"floor":5.0,"key":"Swift Potion"},{"floor":5.0,"key":"Explosive Potion"},{"floor":7.0,"key":"FearPotion"},{"floor":16.0,"key":"GhostInAJar"},{"floor":24.0,"key":"Dexterity Potion"},{"floor":29,"key":"FearPotion"}],"is_trial":false,"path_per_floor":["M","M","M","$","?","R","E","$","T","R","M","E","R","M","R","B",null,"M","?","$","M","?","R","E","R","T","M","E","M","?","$","R"],"character_chosen":"THE_SILENT","items_purchased":["Blur","Cloak And Dagger","Blur","Accuracy","Backflip"],"campfire_rested":2,"item_purchase_floors":[4,4,8,20,31],"current_hp_per_floor":[59,57,57,57,57,57,51,51,51,51,51,34,34,34,34,25,56,54,54,54,44,32,51,30,30,30,20,1,1,1,1,20,0],"gold":39,"neow_bonus":"TRANSFORM_CARD","is_prod":false,"is_daily":false,"chose_seed":false,"campfire_upgraded":5,"win_rate":0,"timestamp":1537485286,"path_taken":["M","M","M","?","?","R","E","?","T","R","M","E","R","?","R","BOSS","M","?","$","?","?","R","E","R","T","M","E","M","?","$","R","BOSS"],"build_version":"2018-09-06","purchased_purges":1,"victory":false,"max_hp_per_floor":[66,66,66,66,66,66,66,66,66,66,66,66,66,66,66,66,66,66,66,66,66,66,66,66,66,66,66,66,66,66,66,66,66],"card_choices":[{"not_picked":["All Out Attack","PiercingWail"],"picked":"Crippling Poison","floor":1.0},{"not_picked":["Acrobatics","Outmaneuver"],"picked":"Flying Knee","floor":2.0},{"not_picked":["Blade Dance","PiercingWail"],"picked":"All Out Attack","floor":3.0},{"not_picked":["Quick Slash","Bane"],"picked":"Deflect","floor":7.0},{"not_picked":["Catalyst","Prepared"],"picked":"Cloak And Dagger","floor":11.0},{"not_picked":["Quick Slash","Accuracy"],"picked":"Adrenaline","floor":12.0},{"not_picked":["Dagger Throw","Deflect"],"picked":"Footwork","floor":14.0},{"not_picked":["Storm of Steel","Doppelganger"],"picked":"Burst","floor":16.0},{"not_picked":["Bouncing Flask","Bane","Outmaneuver"],"picked":"SKIP","floor":18.0},{"not_picked":["Flechettes","Outmaneuver","Distraction"],"picked":"SKIP","floor":21.0},{"not_picked":["Expertise+1","Dash"],"picked":"Blade Dance","floor":24.0},{"not_picked":["Underhanded Strike","Endless Agony","Quick Slash"],"picked":"SKIP","floor":27},{"not_picked":["Bullet Time","Dagger Spray"],"picked":"Footwork+1","floor":28},{"not_picked":["Flying Knee","Flechettes"],"picked":"Cloak And Dagger","floor":29}],"player_experience":484738,"relics_obtained":[{"floor":7.0,"key":"Tiny Chest"},{"floor":9.0,"key":"Whetstone"},{"floor":12.0,"key":"Oddly Smooth Stone"},{"floor":22.0,"key":"Red Mask"},{"floor":24.0,"key":"Frozen Egg 2"},{"floor":24.0,"key":"Bottled Lightning"},{"floor":26.0,"key":"Matryoshka"},{"floor":28,"key":"Sundial"},{"floor":28,"key":"Bottled Tornado"}],"event_choices":[{"event_name":"The Lab","player_choice":"Got Potions","floor":5.0,"damage_taken":0.0},{"event_name":"The Library","player_choice":"Read","floor":19.0,"damage_taken":0.0},{"event_name":"Masked Bandits","player_choice":"Fought Bandits","floor":22.0,"damage_taken":0.0},{"event_name":"Addict","player_choice":"Obtained Relic","floor":30,"damage_taken":0}],"is_beta":false,"boss_relics":[{"not_picked":["Empty Cage","Orrery"],"picked":"Black Star"}],"items_purged_floors":[20],"is_endless":false,"potions_floor_spawned":[1,7,11,16,18,21,24,29],"killed_by":"Automaton","ascension_level":16}