{"gold_per_floor":[212,223,373,10,10,24,24,59,84,84,84],"floor_reached":11,"playtime":465,"items_purged":["Doubt"],"score":142,"play_id":"983e1849-607c-402f-9a3c-b043e8871475","local_time":"20190310105159","is_ascension_mode":true,"campfire_choices":[{"data":"Predator","floor":7,"key":"SMITH"},{"floor":10,"key":"REST"}],"neow_cost":"NONE","seed_source_timestamp":136111837653366,"circlet_count":0,"master_deck":["AscendersBane","Defend_G","Defend_G","Defend_G","Defend_G","Defend_G","Strike_G","Strike_G","Strike_G","Strike_G","Strike_G","Survivor","Neutralize","Predator+1","Backflip","Blade Dance","Burst"],"special_seed":0,"relics":["Ring of the Snake","Frozen Egg 2","Blood Vial","Singing Bowl","Ancient Tea Set"],"potions_floor_usage":[],"damage_taken":[{"damage":10.0,"enemies":"Jaw Worm","floor":1.0,"turns":6.0},{"damage":0,"enemies":"Small Slimes","floor":2,"turns":4},{"damage":0,"enemies":"Cultist","floor":6,"turns":4},{"damage":42,"enemies":"3 Sentries","floor":8,"turns":15},{"damage":4,"enemies":"Lagavulin","floor":11,"turns":4}],"seed_played":"-4617292961748160944","potions_obtained":[{"floor":1.0,"key":"Energy Potion"}],"is_trial":false,"path_per_floor":["M","M","?","$","?","M","R","E","T","R","E"],"character_chosen":"THE_SILENT","items_purchased":["Frozen Egg 2"],"campfire_rested":1,"item_purchase_floors":[4],"current_hp_per_floor":[49,49,49,49,49,51,51,11,11,30,28],"gold":84,"neow_bonus":"HUNDRED_GOLD","is_prod":false,"is_daily":false,"chose_seed":false,"campfire_upgraded":1,"win_rate":0,"timestamp":1552229519,"path_taken":["M","M","?","$","?","M","R","E","T","R","E"],"build_version":"2019-01-23","purchased_purges":1,"victory":false,"max_hp_per_floor":[66,66,66,66,66,66,66,66,66,66,66],"card_choices":[{"not_picked":["Calculated Gamble","Riddle With Holes"],"picked":"Predator","floor":1.0},{"not_picked":["Outmaneuver","Catalyst"],"picked":"Backflip","floor":2},{"not_picked":["Acrobatics","Sucker Punch"],"picked":"Blade Dance","floor":6},{"not_picked":["Flechettes","Acrobatics"],"picked":"Burst","floor":8}],"player_experience":862246,"relics_obtained":[{"floor":8,"key":"Singing Bowl"},{"floor":9,"key":"Ancient Tea Set"}],"event_choices":[{"damage_healed":0,"gold_gain":150,"player_choice":"AGREE","damage_taken":0,"max_hp_gain":0,"max_hp_loss":0,"event_name":"Liars Game","floor":3,"gold_loss":0,"cards_obtained":["Doubt"]},{"damage_healed":0,"gold_gain":0,"player_choice":"Gave Potion","damage_taken":0,"relics_obtained":["Blood Vial"],"max_hp_gain":0,"max_hp_loss":0,"event_name":"WeMeetAgain","floor":5,"gold_loss":0}],"is_beta":false,"boss_relics":[],"items_purged_floors":[4],"is_endless":false,"potions_floor_spawned":[1],"killed_by":"Lagavulin","ascension_level":20}