{"gold_per_floor":[19,19,19,34,34,62,62,88,88,118,118,118],"floor_reached":12,"playtime":360,"items_purged":[],"score":92,"play_id":"9bb3055d-8edb-4cc3-95bd-f157a55f2ea2","local_time":"20180820170240","is_ascension_mode":true,"campfire_choices":[{"data":"Armaments","floor":7,"key":"SMITH"}],"neow_cost":"NO_GOLD","seed_source_timestamp":395316088281843,"circlet_count":0,"master_deck":["Strike_R","Strike_R","Strike_R","Strike_R","Defend_R","Defend_R","Defend_R","Defend_R","Bash","Cleave","Armaments+1","Heavy Blade","Spot Weakness","Decay"],"relics":["Burning Blood","Turnip","NlothsMask","Mummified Hand","Anchor","Tiny Chest"],"potions_floor_usage":[],"damage_taken":[{"damage":5,"enemies":"Cultist","floor":1,"turns":5},{"damage":2,"enemies":"2 Louse","floor":4,"turns":2},{"damage":36,"enemies":"Gremlin Nob","floor":6,"turns":5},{"damage":19,"enemies":"3 Sentries","floor":8,"turns":10},{"damage":32,"enemies":"Gremlin Nob","floor":12,"turns":3}],"seed_played":"-877746312170268568","potions_obtained":[{"floor":8,"key":"GamblersBrew"}],"is_trial":false,"path_per_floor":["M","?","$","M","?","E","R","E","T","?","?"],"character_chosen":"IRONCLAD","items_purchased":[],"campfire_rested":0,"item_purchase_floors":[],"current_hp_per_floor":[80,73,73,77,77,47,47,34,34,31,31,0],"gold":118,"neow_bonus":"ONE_RARE_RELIC","is_prod":false,"is_daily":false,"chose_seed":false,"campfire_upgraded":1,"win_rate":0,"timestamp":1534798960,"path_taken":["M","?","?","M","?","E","R","E","T","?","?","E"],"build_version":"2018-08-16","purchased_purges":0,"victory":false,"max_hp_per_floor":[80,80,80,80,80,80,80,80,80,80,80,80],"card_choices":[{"not_picked":["Clash","Perfected Strike"],"picked":"Cleave","floor":1},{"not_picked":["Anger","Iron Wave"],"picked":"Armaments","floor":4},{"not_picked":["Iron Wave","Bloodletting"],"picked":"Heavy Blade","floor":6},{"not_picked":["Metallicize","Dual Wield"],"picked":"Spot Weakness","floor":8}],"player_experience":82174,"relics_obtained":[{"floor":6,"key":"Mummified Hand"},{"floor":8,"key":"Anchor"}],"event_choices":[{"event_name":"Golden Wing","player_choice":"Card Removal","floor":2,"damage_taken":0},{"event_name":"FaceTrader","player_choice":"Trade","floor":5,"damage_taken":0},{"event_name":"Scrap Ooze","player_choice":"success","floor":10,"damage_taken":3},{"event_name":"Wheel of Change","player_choice":"Curse","floor":11,"damage_taken":0}],"is_beta":false,"boss_relics":[],"items_purged_floors":[],"is_endless":false,"potions_floor_spawned":[8],"killed_by":"Gremlin Nob","ascension_level":2}