{"gold_per_floor":[16,31,50,125,90,90,115,134,159,224,119,135,135,148,148,224,224,242,262,187,238,248,248,298,298,373,373,390,3,3,20,20,97,97,109,109,122,140,157,157,189,189,216,216,48,48,79,79,79,79,79,79,79,29,55,55],"floor_reached":57,"playtime":5401,"items_purged":["Strike_G","All Out Attack","Blade Dance"],"score":3040,"play_id":"12b335eb-eee5-481e-b862-be7b5573e08d","local_time":"20190512132436","is_ascension_mode":true,"campfire_choices":[{"data":"Neutralize","floor":6.0,"key":"SMITH"},{"data":"Footwork","floor":13.0,"key":"SMITH"},{"data":"Noxious Fumes","floor":15.0,"key":"SMITH"},{"data":"Wraith Form v2","floor":23.0,"key":"SMITH"},{"data":"Well Laid Plans","floor":27.0,"key":"SMITH"},{"data":"Burst","floor":30.0,"key":"SMITH"},{"data":"Bouncing Flask","floor":32.0,"key":"SMITH"},{"floor":40.0,"key":"REST"},{"data":"Catalyst","floor":42.0,"key":"SMITH"},{"floor":46.0,"key":"RECALL"},{"floor":49.0,"key":"REST"},{"floor":53.0,"key":"REST"}],"neow_cost":"NO_GOLD","seed_source_timestamp":729997882404889,"circlet_count":0,"master_deck":["AscendersBane","Survivor","Neutralize+1","Dash","Leg Sweep","Noxious Fumes+1","Caltrops","Footwork+1","Masterful Stab","PiercingWail","Deadly Poison","Malaise","Well Laid Plans+1","Burst+1","Wraith Form v2+1","Finisher","Prepared+1","Bouncing Flask+1","Masterful Stab","Venomology","PiercingWail","Catalyst+1","Bullet Time","Mayhem","Leg Sweep","Eviscerate","Dodge and Roll"],"special_seed":0,"relics":["Ring of the Snake","FossilizedHelix","Smiling Mask","Snake Skull","Tiny Chest","Pandora\u0027s Box","Omamori","Gremlin Horn","Pocketwatch","Snecko Eye","Oddly Smooth Stone","Singing Bowl","Pantograph"],"potions_floor_usage":[56,56,56,56],"damage_taken":[{"damage":0.0,"enemies":"Cultist","floor":1.0,"turns":4.0},{"damage":0.0,"enemies":"Small Slimes","floor":2.0,"turns":5.0},{"damage":0.0,"enemies":"Jaw Worm","floor":3.0,"turns":4.0},{"damage":18.0,"enemies":"Lagavulin","floor":7.0,"turns":10.0},{"damage":0.0,"enemies":"2 Fungi Beasts","floor":8.0,"turns":4.0},{"damage":10.0,"enemies":"3 Sentries","floor":10.0,"turns":8.0},{"damage":0.0,"enemies":"Large Slime","floor":12.0,"turns":5.0},{"damage":0.0,"enemies":"Exordium Wildlife","floor":14.0,"turns":4.0},{"damage":0.0,"enemies":"Hexaghost","floor":16.0,"turns":9.0},{"damage":6.0,"enemies":"Chosen","floor":18.0,"turns":5.0},{"damage":11.0,"enemies":"Spheric Guardian","floor":19.0,"turns":5.0},{"damage":16.0,"enemies":"Cultist and Chosen","floor":22.0,"turns":6.0},{"damage":0.0,"enemies":"Centurion and Healer","floor":28.0,"turns":5.0},{"damage":0.0,"enemies":"Snecko","floor":31.0,"turns":5.0},{"damage":0.0,"enemies":"Collector","floor":33.0,"turns":7.0},{"damage":17.0,"enemies":"3 Shapes","floor":35.0,"turns":5.0},{"damage":5.0,"enemies":"3 Darklings","floor":37.0,"turns":5.0},{"damage":0.0,"enemies":"4 Shapes","floor":38.0,"turns":6.0},{"damage":26.0,"enemies":"Writhing Mass","floor":39.0,"turns":4.0},{"damage":12.0,"enemies":"Reptomancer","floor":41.0,"turns":5.0},{"damage":1.0,"enemies":"Nemesis","floor":47.0,"turns":7.0},{"damage":0.0,"enemies":"Time Eater","floor":50.0,"turns":5.0},{"damage":14.0,"enemies":"Awakened One","floor":51.0,"turns":9.0},{"damage":0.0,"enemies":"Shield and Spear","floor":55.0,"turns":6.0},{"damage":44,"enemies":"The Heart","floor":56,"turns":9}],"seed_played":"2887334527775871035","potions_obtained":[{"floor":1.0,"key":"Ancient Potion"},{"floor":2.0,"key":"Explosive Potion"},{"floor":12.0,"key":"LiquidBronze"},{"floor":19.0,"key":"Regen Potion"},{"floor":28.0,"key":"EssenceOfSteel"},{"floor":37.0,"key":"SkillPotion"},{"floor":38.0,"key":"Regen Potion"},{"floor":39.0,"key":"Block Potion"},{"floor":41.0,"key":"GhostInAJar"}],"is_trial":false,"path_per_floor":["M","M","M","?","?","R","E","M","T","E","$","M","R","M","R","B",null,"M","M","?","T","M","R","?","?","T","R","M","$","R","M","R","B",null,"M","?","M","M","M","R","E","R","T","?","$","R","E","?","R","B","B",null,"R","$","E","B",null],"character_chosen":"THE_SILENT","items_purchased":["Poison Potion","Pocketwatch","Leg Sweep","Eviscerate","Dodge and Roll"],"campfire_rested":3,"item_purchase_floors":[11,29,45,45,54],"current_hp_per_floor":[59,59,59,48,64,64,46,46,46,36,36,36,36,36,36,36,59,53,42,42,42,41,41,41,41,41,41,41,41,41,41,41,41,60,43,43,38,38,26,44,32,32,32,32,32,32,33,33,52,52,38,58,65,65,67,23],"gold":55,"neow_bonus":"ONE_RARE_RELIC","is_prod":false,"is_daily":false,"chose_seed":false,"campfire_upgraded":8,"win_rate":0,"timestamp":1557681876,"path_taken":["M","M","M","?","?","R","E","M","T","E","$","M","R","M","R","BOSS","M","M","?","?","M","R","?","?","T","R","M","$","R","M","R","BOSS","M","?","M","M","M","R","E","R","T","?","$","R","E","?","R","BOSS","BOSS","R","$","E","BOSS"],"build_version":"2019-01-23","purchased_purges":3,"victory":true,"max_hp_per_floor":[66,66,66,66,66,66,66,66,66,66,66,66,66,66,66,66,66,66,66,66,66,66,66,66,66,66,66,66,66,66,66,66,66,66,66,63,63,63,63,63,63,63,63,63,63,63,65,65,65,65,65,65,65,65,67,67],"card_choices":[{"not_picked":["Choke","Setup"],"picked":"Dash","floor":1.0},{"not_picked":["Dagger Throw","PiercingWail"],"picked":"Leg Sweep","floor":2.0},{"not_picked":["Flying Knee","Cloak And Dagger"],"picked":"Noxious Fumes","floor":3.0},{"not_picked":["Blade Dance","Dodge and Roll"],"picked":"Caltrops","floor":7.0},{"not_picked":["Backstab","Backflip"],"picked":"Footwork","floor":8.0},{"not_picked":["Prepared","Underhanded Strike"],"picked":"Masterful Stab","floor":10.0},{"not_picked":["Bane","Predator"],"picked":"PiercingWail","floor":12.0},{"not_picked":["Dagger Throw","Slice"],"picked":"Deadly Poison","floor":14.0},{"not_picked":["Grand Finale","A Thousand Cuts"],"picked":"Malaise","floor":16.0},{"not_picked":["Slice+1","Bane"],"picked":"Prepared+1","floor":18.0},{"not_picked":["Acrobatics","Cloak And Dagger"],"picked":"Bouncing Flask","floor":19.0},{"not_picked":["All Out Attack","Eviscerate","Accuracy"],"picked":"SKIP","floor":22.0},{"not_picked":["Reflex","Finisher"],"picked":"Masterful Stab","floor":28.0},{"not_picked":["Choke","Tactician+1","Quick Slash"],"picked":"SKIP","floor":31.0},{"not_picked":["Doppelganger","Tools of the Trade"],"picked":"Venomology","floor":33.0},{"not_picked":["Underhanded Strike","Prepared"],"picked":"PiercingWail","floor":35.0},{"not_picked":["Sucker Punch","Deadly Poison"],"picked":"Catalyst","floor":37.0},{"not_picked":["Setup","Deadly Poison","Quick Slash"],"picked":"SKIP","floor":38.0},{"not_picked":["Terror","Slice"],"picked":"Bullet Time","floor":39.0},{"not_picked":["Deflect","Setup","Deadly Poison"],"picked":"SKIP","floor":41.0},{"not_picked":["Madness","Violence"],"picked":"Mayhem","floor":44.0},{"not_picked":["Slice","Calculated Gamble+1","Masterful Stab"],"picked":"Singing Bowl","floor":47.0},{"not_picked":["Bane","Accuracy+1","Acrobatics"],"picked":"Singing Bowl","floor":55.0}],"player_experience":1308656,"relics_obtained":[{"floor":7.0,"key":"Smiling Mask"},{"floor":9.0,"key":"Snake Skull"},{"floor":10.0,"key":"Tiny Chest"},{"floor":21.0,"key":"Omamori"},{"floor":26.0,"key":"Gremlin Horn"},{"floor":41.0,"key":"Oddly Smooth Stone"},{"floor":47.0,"key":"Singing Bowl"},{"floor":55.0,"key":"Pantograph"}],"event_choices":[{"damage_healed":0.0,"max_hp_gain":0.0,"max_hp_loss":0.0,"gold_gain":75.0,"event_name":"World of Goop","player_choice":"Gather Gold","floor":4.0,"gold_loss":0.0,"damage_taken":11.0},{"damage_healed":16.0,"max_hp_gain":0.0,"max_hp_loss":0.0,"gold_gain":0.0,"event_name":"The Cleric","player_choice":"Healed","floor":5.0,"gold_loss":35.0,"damage_taken":0.0},{"cards_removed":["Riddle With Holes"],"damage_healed":0.0,"max_hp_gain":0.0,"max_hp_loss":0.0,"gold_gain":0.0,"event_name":"Beggar","player_choice":"Gave Gold","floor":20.0,"gold_loss":75.0,"damage_taken":0.0},{"damage_healed":0.0,"max_hp_gain":0.0,"max_hp_loss":0.0,"gold_gain":50.0,"event_name":"Nest","player_choice":"Stole From Cult","floor":24.0,"gold_loss":0.0,"damage_taken":0.0},{"cards_removed":["Quick Slash"],"damage_healed":0.0,"max_hp_gain":0.0,"max_hp_loss":0.0,"gold_gain":0.0,"event_name":"Back to Basics","player_choice":"Elegance","floor":25.0,"gold_loss":0.0,"damage_taken":0.0},{"damage_healed":0.0,"max_hp_gain":0.0,"max_hp_loss":3.0,"gold_gain":0.0,"event_name":"Winding Halls","player_choice":"Max HP","floor":36.0,"gold_loss":0.0,"damage_taken":0.0},{"damage_healed":0.0,"max_hp_gain":0.0,"max_hp_loss":0.0,"gold_gain":0.0,"event_name":"SensoryStone","player_choice":"Memory 1","floor":44.0,"gold_loss":0.0,"damage_taken":0.0},{"cards_removed":["Die Die Die"],"damage_healed":0.0,"max_hp_gain":0.0,"max_hp_loss":0.0,"gold_gain":0.0,"event_name":"Falling","player_choice":"Removed Attack","floor":48.0,"gold_loss":0.0,"damage_taken":0.0}],"is_beta":false,"boss_relics":[{"not_picked":["Ring of the Serpent","Runic Dome"],"picked":"Pandora\u0027s Box"},{"not_picked":["Coffee Dripper","Lizard Tail"],"picked":"Snecko Eye"}],"items_purged_floors":[11,29,45],"is_endless":false,"potions_floor_spawned":[1,2,12,14,19,28,37,38,39,41],"ascension_level":20}