{"gold_per_floor":[359,374,374,374,387,387,400,433,459,477,477,491,491,491,491,589,589,613,284,299,322,36,36,70,70,70,83,83],"floor_reached":28,"playtime":1122,"items_purged":["Strike_B"],"score":580,"play_id":"12383ee8-04a1-4e96-b2e7-04945157d77c","local_time":"20190513222658","is_ascension_mode":true,"campfire_choices":[{"data":"Zap","floor":6.0,"key":"SMITH"},{"data":"Doom and Gloom","floor":11.0,"key":"SMITH"},{"data":"Defragment","floor":13.0,"key":"SMITH"},{"floor":15.0,"key":"REST"},{"floor":23.0,"key":"REST"},{"data":"Apotheosis","floor":25.0,"key":"SMITH"}],"neow_cost":"PERCENT_DAMAGE","seed_source_timestamp":853489201173541,"circlet_count":0,"master_deck":["AscendersBane","Strike_B","Strike_B","Defend_B","Defend_B","Defend_B","Defend_B","Zap+1","Dualcast","Rebound","Hologram","Ball Lightning","Defragment+1","Doom and Gloom+1","Leap","Seek","Apotheosis+1","Genetic Algorithm","Recycle","Undo+1"],"special_seed":0,"relics":["Cracked Core","Golden Idol","Ancient Tea Set","Bag of Marbles","Bronze Scales","Eternal Feather","Mummified Hand","Pantograph","Letter Opener"],"potions_floor_usage":[],"damage_taken":[{"damage":8.0,"enemies":"2 Louse","floor":1.0,"turns":3.0},{"damage":2.0,"enemies":"Jaw Worm","floor":2.0,"turns":3.0},{"damage":0.0,"enemies":"Cultist","floor":5.0,"turns":3.0},{"damage":3.0,"enemies":"Blue Slaver","floor":7.0,"turns":3.0},{"damage":8.0,"enemies":"Gremlin Nob","floor":8.0,"turns":3.0},{"damage":10.0,"enemies":"Gremlin Gang","floor":10.0,"turns":3.0},{"damage":0.0,"enemies":"Large Slime","floor":12.0,"turns":3.0},{"damage":0.0,"enemies":"Slime Boss","floor":16.0,"turns":4.0},{"damage":6.0,"enemies":"3 Byrds","floor":18.0,"turns":2.0},{"damage":24.0,"enemies":"Shell Parasite","floor":20.0,"turns":5.0},{"damage":15.0,"enemies":"Snake Plant","floor":21.0,"turns":3.0},{"damage":20.0,"enemies":"Book of Stabbing","floor":24.0,"turns":4.0},{"damage":28,"enemies":"Shelled Parasite and Fungi","floor":27,"turns":5},{"damage":6,"enemies":"Centurion and Healer","floor":28,"turns":3}],"seed_played":"-5555648820346526297","potions_obtained":[{"floor":2.0,"key":"FearPotion"},{"floor":5.0,"key":"Swift Potion"},{"floor":8.0,"key":"Swift Potion"},{"floor":16.0,"key":"Explosive Potion"}],"is_trial":false,"path_per_floor":["M","M","?","?","M","R","M","E","T","M","R","M","R","?","R","B",null,"M","$","M","M","$","R","E","R","T","M","M"],"character_chosen":"DEFECT","items_purchased":["Apotheosis","Genetic Algorithm","Mummified Hand"],"campfire_rested":2,"item_purchase_floors":[19,19,22],"current_hp_per_floor":[38,36,36,36,36,36,33,25,25,15,15,15,15,15,34,34,57,51,51,27,12,12,40,20,29,29,1,0],"gold":83,"neow_bonus":"TWO_FIFTY_GOLD","is_prod":false,"is_daily":false,"chose_seed":false,"campfire_upgraded":4,"win_rate":0,"timestamp":1557800818,"path_taken":["M","M","?","?","?","R","M","E","T","M","R","M","R","?","R","BOSS","M","$","?","M","$","R","E","R","T","M","M"],"build_version":"2019-01-23","purchased_purges":1,"victory":false,"max_hp_per_floor":[71,71,64,64,64,64,64,64,64,64,64,64,64,64,64,64,64,64,64,64,64,64,64,64,64,64,64,64],"card_choices":[{"not_picked":["Streamline","Skim"],"picked":"Rebound","floor":1.0},{"not_picked":["Lockon","Tempest"],"picked":"Hologram","floor":2.0},{"not_picked":["Rip and Tear","Go for the Eyes"],"picked":"Gash","floor":5.0},{"not_picked":["Stack","Capacitor"],"picked":"Ball Lightning","floor":7.0},{"not_picked":["Blizzard","Ball Lightning"],"picked":"Defragment","floor":8.0},{"not_picked":["Chill","Rebound"],"picked":"Doom and Gloom","floor":10.0},{"not_picked":["Barrage","Compile Driver"],"picked":"Leap","floor":12.0},{"not_picked":["Buffer","All For One"],"picked":"Seek","floor":16.0},{"not_picked":["Sweeping Beam","Barrage","Heatsinks+1"],"picked":"SKIP","floor":18.0},{"not_picked":["Hologram","Ball Lightning+1"],"picked":"Recycle","floor":20.0},{"not_picked":["Leap","Stack","Turbo+1"],"picked":"SKIP","floor":21.0},{"not_picked":["BootSequence","Beam Cell","Gash"],"picked":"SKIP","floor":24.0},{"not_picked":["Ball Lightning","Barrage"],"picked":"Undo+1","floor":27}],"player_experience":1334498,"relics_obtained":[{"floor":8.0,"key":"Ancient Tea Set"},{"floor":9.0,"key":"Bag of Marbles"},{"floor":24.0,"key":"Pantograph"},{"floor":26.0,"key":"Letter Opener"}],"event_choices":[{"damage_healed":0.0,"max_hp_gain":0.0,"max_hp_loss":7.0,"gold_gain":0.0,"event_name":"Golden Idol","player_choice":"Lose Max HP","floor":3.0,"gold_loss":0.0,"damage_taken":0.0,"relics_obtained":["Golden Idol"]},{"cards_removed":["Strike_B"],"damage_healed":0.0,"max_hp_gain":0.0,"max_hp_loss":0.0,"gold_gain":0.0,"event_name":"Bonfire Elementals","player_choice":"Offered Basic","floor":4.0,"gold_loss":0.0,"damage_taken":0.0},{"cards_removed":["Gash"],"damage_healed":0.0,"max_hp_gain":0.0,"max_hp_loss":0.0,"gold_gain":0.0,"event_name":"WeMeetAgain","player_choice":"Gave Card","floor":14.0,"gold_loss":0.0,"damage_taken":0.0,"relics_obtained":["Bronze Scales"]}],"is_beta":false,"boss_relics":[{"not_picked":["Velvet Choker","Lizard Tail"],"picked":"Eternal Feather"}],"items_purged_floors":[19],"is_endless":false,"potions_floor_spawned":[2,5,8,16,18,20,24],"killed_by":"Centurion and Healer","ascension_level":20}