{"gold_per_floor":[118,68,68,68,78,78,110,285,285,285,310,325,341,376,376,478,478,496,511,426,436,436,468,468,498,498,266,266,365,365,398,398,498,498,510,510,610,440,453,453,453,488,488,293,293],"floor_reached":45,"playtime":2798,"items_purged":["Doubt","Setup","All Out Attack"],"score":669,"play_id":"b4851006-2159-4b06-a8ca-747a14da5a75","local_time":"20190722013351","is_ascension_mode":true,"campfire_choices":[{"data":"Blur","floor":6.0,"key":"SMITH"},{"data":"Noxious Fumes","floor":10.0,"key":"SMITH"},{"floor":15.0,"key":"REST"},{"data":"Noxious Fumes","floor":24.0,"key":"SMITH"},{"data":"Caltrops","floor":28.0,"key":"SMITH"},{"floor":30.0,"key":"REST"},{"floor":32.0,"key":"REST"},{"floor":40.0,"key":"RECALL"}],"neow_cost":"NONE","seed_source_timestamp":656210136446101,"circlet_count":0,"master_deck":["Survivor","Neutralize+1","Blur+1","Noxious Fumes+1","Escape Plan","Noxious Fumes+1","Blade Dance","Endless Agony","A Thousand Cuts","Adrenaline","Terror","Distraction","Deadly Poison","Cloak And Dagger","Cloak And Dagger+1","Caltrops+1","Burst","Noxious Fumes+1","Caltrops"],"special_seed":0,"relics":["Ring of the Snake","Bag of Marbles","Ornamental Fan","Potion Belt","Pear","Pandora\u0027s Box","Bronze Scales","Paper Crane","Strawberry","Snake Skull","Happy Flower","Black Star","Mango","GremlinMask","Thread and Needle","Bottled Tornado","Smiling Mask","Lantern"],"potions_floor_usage":[],"damage_taken":[{"damage":1.0,"enemies":"Small Slimes","floor":1.0,"turns":3.0},{"damage":1.0,"enemies":"Jaw Worm","floor":5.0,"turns":5.0},{"damage":0.0,"enemies":"Lagavulin","floor":7.0,"turns":8.0},{"damage":20.0,"enemies":"3 Sentries","floor":11.0,"turns":8.0},{"damage":0.0,"enemies":"2 Louse","floor":12.0,"turns":4.0},{"damage":0.0,"enemies":"Large Slime","floor":13.0,"turns":6.0},{"damage":23.0,"enemies":"Gremlin Nob","floor":14.0,"turns":6.0},{"damage":35.0,"enemies":"Slime Boss","floor":16.0,"turns":11.0},{"damage":8.0,"enemies":"Spheric Guardian","floor":18.0,"turns":5.0},{"damage":0.0,"enemies":"3 Byrds","floor":19.0,"turns":4.0},{"damage":4.0,"enemies":"Cultist and Chosen","floor":21.0,"turns":5.0},{"damage":14.0,"enemies":"Gremlin Leader","floor":23.0,"turns":5.0},{"damage":10.0,"enemies":"Book of Stabbing","floor":25.0,"turns":4.0},{"damage":30.0,"enemies":"Slavers","floor":31.0,"turns":4.0},{"damage":14.0,"enemies":"Automaton","floor":33.0,"turns":8.0},{"damage":1.0,"enemies":"3 Shapes","floor":35.0,"turns":4.0},{"damage":9.0,"enemies":"Mind Bloom Boss Battle","floor":37.0,"turns":5.0},{"damage":30.0,"enemies":"3 Darklings","floor":39.0,"turns":4.0},{"damage":53.0,"enemies":"Nemesis","floor":42.0,"turns":7.0},{"damage":8,"enemies":"Writhing Mass","floor":45,"turns":1}],"seed_played":"8829347777473851790","potions_obtained":[{"floor":1.0,"key":"Explosive Potion"},{"floor":5.0,"key":"EntropicBrew"},{"floor":7.0,"key":"Weak Potion"},{"floor":13.0,"key":"Strength Potion"},{"floor":18.0,"key":"Explosive Potion"},{"floor":19.0,"key":"Strength Potion"},{"floor":21.0,"key":"PowerPotion"},{"floor":23.0,"key":"Regen Potion"},{"floor":35.0,"key":"FearPotion"}],"is_trial":false,"path_per_floor":["M","?","?","?","M","R","E","?","T","R","E","M","M","E","R","B",null,"M","M","?","M","?","E","R","E","T","$","R","?","R","E","R","B",null,"M","?","?","$","M","R","?","E","T","$","M"],"character_chosen":"THE_SILENT","items_purchased":["Snake Skull","Caltrops","Lantern"],"campfire_rested":3,"item_purchase_floors":[27,38,44],"current_hp_per_floor":[69,69,69,69,68,68,68,68,68,68,48,48,48,35,59,24,80,72,72,72,68,68,54,54,65,65,65,65,65,87,57,83,69,87,86,86,91,91,61,61,61,8,8,8,0],"gold":293,"neow_bonus":"UPGRADE_CARD","is_prod":false,"is_daily":false,"chose_seed":false,"campfire_upgraded":4,"win_rate":0,"timestamp":1563773631,"path_taken":["M","?","?","?","M","R","E","?","T","R","E","?","M","E","R","BOSS","M","M","?","M","?","E","R","E","T","$","R","?","R","E","R","BOSS","M","?","?","$","M","R","?","E","T","$","M"],"build_version":"2019-07-17","purchased_purges":3,"victory":false,"max_hp_per_floor":[70,70,70,70,70,70,70,70,70,70,70,70,70,80,80,80,80,80,80,80,80,80,80,80,87,87,87,87,87,87,87,87,87,87,87,87,101,101,101,101,101,101,101,101,101],"card_choices":[{"not_picked":["Dash","Outmaneuver","Underhanded Strike"],"picked":"SKIP","floor":1.0},{"not_picked":["PiercingWail","Bane"],"picked":"Blur","floor":5.0},{"not_picked":["Eviscerate","Glass Knife"],"picked":"Noxious Fumes","floor":7.0},{"not_picked":["Underhanded Strike","Dagger Throw"],"picked":"Escape Plan","floor":11.0},{"not_picked":["Cloak And Dagger","Sucker Punch"],"picked":"Noxious Fumes","floor":12.0},{"not_picked":["Underhanded Strike","Sucker Punch"],"picked":"Blade Dance","floor":13.0},{"not_picked":["Terror","Setup","Bullet Time"],"picked":"SKIP","floor":14.0},{"not_picked":["Prepared+1","Outmaneuver"],"picked":"Cloak And Dagger","floor":18.0},{"not_picked":["Tools of the Trade","Bane","Finisher"],"picked":"SKIP","floor":19.0},{"not_picked":["Infinite Blades","Sucker Punch+1"],"picked":"Cloak And Dagger+1","floor":21.0},{"not_picked":["Outmaneuver","Underhanded Strike","Sucker Punch"],"picked":"SKIP","floor":23.0},{"not_picked":["Heel Hook","Deadly Poison+1"],"picked":"Caltrops","floor":25.0},{"not_picked":["Poisoned Stab","Dodge and Roll","Eviscerate"],"picked":"SKIP","floor":31.0},{"not_picked":["Glass Knife","Bullet Time"],"picked":"Burst","floor":33.0},{"not_picked":["Backflip","Eviscerate+1","Finisher"],"picked":"SKIP","floor":35.0},{"not_picked":["Quick Slash","Blade Dance+1"],"picked":"Noxious Fumes+1","floor":37.0},{"not_picked":["Outmaneuver+1","Choke","Flying Knee"],"picked":"SKIP","floor":39.0},{"not_picked":["Flying Knee+1","Slice","Underhanded Strike"],"picked":"SKIP","floor":42.0}],"player_experience":148128,"relics_obtained":[{"floor":7.0,"key":"Bag of Marbles"},{"floor":9.0,"key":"Ornamental Fan"},{"floor":11.0,"key":"Potion Belt"},{"floor":14.0,"key":"Pear"},{"floor":23.0,"key":"Paper Crane"},{"floor":25.0,"key":"Strawberry"},{"floor":31.0,"key":"Happy Flower"},{"floor":37.0,"key":"Mango"},{"floor":42.0,"key":"Thread and Needle"},{"floor":42.0,"key":"Bottled Tornado"},{"floor":43.0,"key":"Smiling Mask"}],"event_choices":[{"cards_removed":["Strike_G"],"damage_healed":0.0,"max_hp_gain":0.0,"max_hp_loss":0.0,"gold_gain":0.0,"event_name":"The Cleric","player_choice":"Card Removal","floor":2.0,"gold_loss":50.0,"damage_taken":0.0},{"cards_removed":["Strike_G"],"damage_healed":0.0,"max_hp_gain":0.0,"max_hp_loss":0.0,"gold_gain":0.0,"event_name":"Living Wall","player_choice":"Forget","floor":3.0,"gold_loss":0.0,"damage_taken":0.0},{"damage_healed":0.0,"max_hp_gain":0.0,"max_hp_loss":0.0,"gold_gain":0.0,"event_name":"Scrap Ooze","player_choice":"Fled","floor":4.0,"gold_loss":0.0,"damage_taken":0.0},{"damage_healed":0.0,"max_hp_gain":0.0,"max_hp_loss":0.0,"gold_gain":175.0,"event_name":"Liars Game","player_choice":"AGREE","floor":8.0,"gold_loss":0.0,"damage_taken":0.0,"cards_obtained":["Doubt"]},{"damage_healed":0.0,"max_hp_gain":0.0,"max_hp_loss":0.0,"gold_gain":0.0,"event_name":"Addict","player_choice":"Obtained Relic","floor":20.0,"gold_loss":85.0,"damage_taken":0.0,"relics_obtained":["Bronze Scales"]},{"damage_healed":0.0,"max_hp_gain":0.0,"max_hp_loss":0.0,"gold_gain":0.0,"event_name":"Vampires","player_choice":"Ignored","floor":22.0,"gold_loss":0.0,"damage_taken":0.0},{"damage_healed":0.0,"max_hp_gain":0.0,"max_hp_loss":0.0,"gold_gain":99.0,"event_name":"Nest","player_choice":"Stole From Cult","floor":29.0,"gold_loss":0.0,"damage_taken":0.0},{"damage_healed":0.0,"max_hp_gain":0.0,"max_hp_loss":0.0,"gold_gain":0.0,"event_name":"Mysterious Sphere","player_choice":"Ignored","floor":36.0,"gold_loss":0.0,"damage_taken":0.0},{"damage_healed":0.0,"max_hp_gain":0.0,"max_hp_loss":0.0,"gold_gain":0.0,"event_name":"MindBloom","player_choice":"Fight","floor":37.0,"gold_loss":0.0,"damage_taken":0.0},{"damage_healed":0.0,"max_hp_gain":0.0,"max_hp_loss":0.0,"gold_gain":0.0,"event_name":"FaceTrader","player_choice":"Trade","floor":41.0,"gold_loss":0.0,"damage_taken":0.0,"relics_obtained":["GremlinMask"]}],"is_beta":false,"boss_relics":[{"not_picked":["White Beast Statue","Philosopher\u0027s Stone"],"picked":"Pandora\u0027s Box"},{"not_picked":["Velvet Choker","Orrery"],"picked":"Black Star"}],"items_purged_floors":[27,38,44],"is_endless":false,"potions_floor_spawned":[1,5,7,13,18,19,21,23,35],"killed_by":"Writhing Mass","ascension_level":3}