{"gold_per_floor":[109,128,145,159,159,84,84,100,146,146,51,51,80,98,98,203,203,219,236,82,98,98,98,132,132,132,132,150,184,184],"floor_reached":30,"playtime":1749,"items_purged":["Strike_R","Strike_R"],"score":392,"play_id":"a0882c03-e062-417b-8a6f-520adf855d0c","local_time":"20180911224856","is_ascension_mode":true,"campfire_choices":[{"data":"Clothesline","floor":7,"key":"SMITH"},{"data":"True Grit","floor":10,"key":"SMITH"},{"data":"Metallicize","floor":12,"key":"SMITH"},{"data":"Body Slam","floor":15,"key":"SMITH"},{"data":"Offering","floor":23,"key":"SMITH"},{"data":"Armaments","floor":25,"key":"SMITH"},{"data":"Battle Trance","floor":27,"key":"SMITH"}],"neow_cost":"NONE","seed_source_timestamp":2315673139282564,"circlet_count":0,"master_deck":["Strike_R","Strike_R","Defend_R","Defend_R","Defend_R","Defend_R","Bash","Power Through","Twin Strike","Battle Trance+1","Clothesline+1","True Grit+1","Metallicize+1","Body Slam+1","Feel No Pain+1","Armaments+1","Offering+1","Cleave","Second Wind","Shrug It Off","Warcry","Spot Weakness+1"],"relics":["Burning Blood","Happy Flower","Frozen Egg 2","Mark of Pain","MutagenicStrength","Potion Belt","Bag of Marbles","The Courier"],"potions_floor_usage":[8,21,29],"damage_taken":[{"damage":1,"enemies":"Cultist","floor":1,"turns":4},{"damage":1,"enemies":"Jaw Worm","floor":2,"turns":5},{"damage":3,"enemies":"2 Louse","floor":3,"turns":4},{"damage":6,"enemies":"Blue Slaver","floor":4,"turns":5},{"damage":11,"enemies":"Lots of Slimes","floor":8,"turns":5},{"damage":16,"enemies":"Gremlin Nob","floor":13,"turns":4},{"damage":0,"enemies":"Looter","floor":14,"turns":4},{"damage":17,"enemies":"Hexaghost","floor":16,"turns":13},{"damage":6,"enemies":"Shell Parasite","floor":18,"turns":6},{"damage":8,"enemies":"Chosen","floor":19,"turns":3},{"damage":4,"enemies":"Snecko","floor":21,"turns":7},{"damage":39,"enemies":"Gremlin Leader","floor":24,"turns":8},{"damage":12,"enemies":"Cultist and Chosen","floor":28,"turns":7},{"damage":35,"enemies":"Slavers","floor":29,"turns":5},{"damage":18,"enemies":"Colosseum Slavers","floor":30,"turns":1}],"seed_played":"3395036371029798615","potions_obtained":[{"floor":1,"key":"SkillPotion"},{"floor":2,"key":"AttackPotion"},{"floor":14,"key":"SpeedPotion"},{"floor":28,"key":"Poison Potion"}],"is_trial":false,"path_per_floor":["M","M","M","M","?","$","R","M","T","R","$","R","E","M","R","B",null,"M","M","$","M","?","R","E","R","T","R","M","E"],"character_chosen":"IRONCLAD","items_purchased":["Metallicize","Body Slam","Shrug It Off"],"campfire_rested":0,"item_purchase_floors":[11,11,20],"current_hp_per_floor":[85,88,88,88,88,88,88,83,83,83,83,83,73,79,79,68,83,83,81,81,83,83,83,50,50,50,50,44,15,0],"gold":184,"neow_bonus":"TEN_PERCENT_HP_BONUS","is_prod":false,"is_daily":false,"chose_seed":false,"campfire_upgraded":7,"win_rate":0,"timestamp":1536720536,"path_taken":["M","M","M","?","?","?","R","M","T","R","$","R","E","M","R","BOSS","M","M","$","M","?","R","E","R","T","R","M","E","?"],"build_version":"2018-09-06","purchased_purges":2,"victory":false,"max_hp_per_floor":[88,88,88,88,88,88,88,88,88,88,88,88,88,88,88,88,88,88,88,88,88,88,88,88,88,88,88,88,88,88],"card_choices":[{"not_picked":["Sever Soul","Sword Boomerang"],"picked":"Power Through","floor":1},{"not_picked":["Reckless Charge","Anger"],"picked":"Twin Strike","floor":2},{"not_picked":["Heavy Blade","Pommel Strike"],"picked":"Battle Trance","floor":3},{"not_picked":["Evolve","Spot Weakness"],"picked":"Clothesline","floor":4},{"not_picked":["Blood for Blood","Wild Strike"],"picked":"True Grit","floor":8},{"not_picked":["Shrug It Off","True Grit"],"picked":"Feel No Pain","floor":13},{"not_picked":["Shockwave","Carnage"],"picked":"Armaments","floor":14},{"not_picked":["Limit Break","Feed"],"picked":"Offering","floor":16},{"not_picked":["Infernal Blade","Twin Strike"],"picked":"Cleave","floor":18},{"not_picked":["Carnage","Anger+1"],"picked":"Second Wind","floor":19},{"not_picked":["Twin Strike","Wild Strike"],"picked":"Warcry","floor":21},{"not_picked":["Shrug It Off","Seeing Red"],"picked":"Spot Weakness+1","floor":24},{"not_picked":["Clash","Perfected Strike","Whirlwind"],"picked":"SKIP","floor":28},{"not_picked":["Rage","Bludgeon","Perfected Strike+1"],"picked":"SKIP","floor":29}],"player_experience":322962,"relics_obtained":[{"floor":9,"key":"Happy Flower"},{"floor":13,"key":"Frozen Egg 2"},{"floor":24,"key":"Potion Belt"},{"floor":26,"key":"Bag of Marbles"},{"floor":29,"key":"The Courier"}],"event_choices":[{"event_name":"Bonfire Elementals","player_choice":"BASIC","floor":5,"damage_taken":0},{"event_name":"Drug Dealer","player_choice":"Inject Mutagens","floor":22,"damage_taken":0},{"event_name":"Colosseum","player_choice":"Fight","floor":30,"damage_taken":0}],"is_beta":false,"boss_relics":[{"not_picked":["Eternal Feather","Runic Cube"],"picked":"Mark of Pain"}],"items_purged_floors":[6,20],"is_endless":false,"potions_floor_spawned":[1,2,14,28],"killed_by":"Colosseum Slavers","ascension_level":9}