{"gold_per_floor":[110,127,127,145,162,190,190,190,213,228,257,273,273,289,289,289],"floor_reached":16,"playtime":1104,"items_purged":[],"score":120,"play_id":"028fce4d-55e5-47b2-9caf-2ec96bd5b913","local_time":"20190629020904","is_ascension_mode":true,"campfire_choices":[{"floor":7,"key":"REST"},{"floor":15,"key":"REST"}],"neow_cost":"NONE","seed_source_timestamp":3929610093000,"circlet_count":0,"master_deck":["Defend_G","Defend_G+1","Defend_G+1","Defend_G","Strike_G","Strike_G","Strike_G","Strike_G","Strike_G","Survivor","Neutralize","Bullet Time+1","Backflip+1","Flying Knee","PiercingWail","Bouncing Flask","Prepared","PiercingWail","Finisher","Backflip","Flying Knee"],"relics":["Ring of the Snake","War Paint","Dream Catcher"],"potions_floor_usage":[6,6,11,11,12],"damage_taken":[{"damage":0,"enemies":"2 Louse","floor":1,"turns":3},{"damage":10,"enemies":"Cultist","floor":2,"turns":7},{"damage":2,"enemies":"Jaw Worm","floor":4,"turns":4},{"damage":0,"enemies":"Blue Slaver","floor":5,"turns":5},{"damage":17,"enemies":"Gremlin Nob","floor":6,"turns":4},{"damage":2,"enemies":"3 Louse","floor":10,"turns":3},{"damage":43,"enemies":"3 Sentries","floor":11,"turns":13},{"damage":1,"enemies":"Red Slaver","floor":12,"turns":2},{"damage":8,"enemies":"Exordium Wildlife","floor":14,"turns":4},{"damage":32,"enemies":"Slime Boss","floor":16,"turns":8}],"seed_played":"5930095318619990152","potions_obtained":[{"floor":1,"key":"GamblersBrew"},{"floor":2,"key":"Strength Potion"},{"floor":5,"key":"FearPotion"},{"floor":10,"key":"Ancient Potion"},{"floor":11,"key":"AttackPotion"}],"is_trial":false,"path_per_floor":["M","M","?","M","M","E","R","?","T","M","E","M","?","M","R","B"],"character_chosen":"THE_SILENT","items_purchased":[],"campfire_rested":2,"item_purchase_floors":[],"current_hp_per_floor":[70,60,60,58,58,41,62,62,62,60,17,16,16,8,29,0],"gold":289,"neow_bonus":"ONE_RANDOM_RARE_CARD","is_prod":false,"is_daily":false,"chose_seed":false,"campfire_upgraded":0,"win_rate":0,"timestamp":1561788544,"path_taken":["M","M","?","?","M","E","R","?","T","M","E","?","?","M","R","BOSS"],"build_version":"2019-01-23","purchased_purges":0,"victory":false,"max_hp_per_floor":[70,70,70,70,70,70,70,70,70,70,70,70,70,70,70,70],"card_choices":[{"not_picked":["Blur","Underhanded Strike"],"picked":"Backflip","floor":1},{"not_picked":["Escape Plan","Predator","Riddle With Holes"],"picked":"SKIP","floor":2},{"not_picked":["Acrobatics","Blade Dance"],"picked":"Flying Knee","floor":4},{"not_picked":["Quick Slash","Distraction"],"picked":"PiercingWail","floor":5},{"not_picked":["Underhanded Strike","Outmaneuver"],"picked":"Bouncing Flask","floor":6},{"not_picked":["Dash","Riddle With Holes"],"picked":"Prepared","floor":10},{"not_picked":["Quick Slash","Venomology"],"picked":"PiercingWail","floor":11},{"not_picked":["Masterful Stab","Predator"],"picked":"Finisher","floor":12},{"not_picked":["Prepared","Deflect"],"picked":"Backflip","floor":14},{"not_picked":["Predator","Tactician"],"picked":"Flying Knee","floor":15}],"player_experience":139533,"relics_obtained":[{"floor":6,"key":"War Paint"},{"floor":11,"key":"Dream Catcher"}],"event_choices":[{"damage_healed":0,"gold_gain":0,"player_choice":"Forge","damage_taken":0,"max_hp_gain":0,"max_hp_loss":0,"event_name":"Accursed Blacksmith","floor":3,"gold_loss":0,"cards_upgraded":["Backflip"]},{"cards_removed":["Defend_G"],"damage_healed":0,"gold_gain":0,"player_choice":"Purged","damage_taken":0,"max_hp_gain":0,"max_hp_loss":0,"event_name":"Purifier","floor":8,"gold_loss":0},{"damage_healed":0,"gold_gain":0,"player_choice":"Grow","damage_taken":0,"max_hp_gain":0,"max_hp_loss":0,"event_name":"Living Wall","floor":13,"gold_loss":0,"cards_upgraded":["Bullet Time"]}],"is_beta":false,"boss_relics":[],"items_purged_floors":[],"is_endless":false,"potions_floor_spawned":[1,2,5,10,11],"killed_by":"Slime Boss","ascension_level":1}