{"gold_per_floor":[112,123,143,156,81,81,98,131,181,77,77,77,92,112,112,210,210,228,245,258,62,161,190,190,201,225,235,253,253,271,271,271,367,367,381,481,532,549,14,14,27,37,37,52,52,66,66,93,93,188,188,201,220,52,73,73,73,87,100,149,149,164,114,125,159,159,263,263],"floor_reached":68,"playtime":2763,"items_purged":["Headbutt","Cleave","Sword Boomerang","Carnage","Evolve"],"score":1187,"play_id":"2d235bdf-b31c-4b37-970a-a2de37ddc1b4","local_time":"20190401161632","daily_mods":["Draft","Uncertain Future"],"is_ascension_mode":false,"campfire_choices":[{"data":"Rage","floor":6.0,"key":"SMITH"},{"data":"Thunderclap","floor":11.0,"key":"SMITH"},{"data":"Body Slam","floor":15.0,"key":"SMITH"},{"data":"Shrug It Off","floor":24.0,"key":"SMITH"},{"data":"Warcry","floor":29.0,"key":"SMITH"},{"data":"Flex","floor":32.0,"key":"SMITH"},{"data":"Feed","floor":40.0,"key":"SMITH"},{"data":"Feed","floor":47,"key":"SMITH"},{"data":"Searing Blow","floor":49,"key":"SMITH"},{"data":"Searing Blow+1","floor":57,"key":"SMITH"},{"data":"Searing Blow+2","floor":61,"key":"SMITH"},{"data":"Searing Blow+3","floor":66,"key":"SMITH"}],"neow_cost":"","seed_source_timestamp":0,"circlet_count":0,"master_deck":["Clash","Dropkick","Warcry+1","Flex+1","Body Slam+1","Thunderclap+1","Rage+1","Cleave","Dropkick","Shrug It Off+1","Battle Trance+1","Disarm+1","Feed+1","Searing Blow+4","Feed+1"],"special_seed":0,"relics":["Burning Blood","The Courier","MawBank","Orichalcum","Coffee Dripper","Juzu Bracelet","Mercury Hourglass","Smiling Mask","Lantern","Orrery","Unceasing Top","Bird Faced Urn","Lee\u0027s Waffle","Blood Vial","Question Card","Shuriken","Anchor","Black Star","Vajra","Odd Mushroom","Pen Nib"],"potions_floor_usage":[],"damage_taken":[{"damage":0.0,"enemies":"Cultist","floor":1.0,"turns":1.0},{"damage":0.0,"enemies":"Small Slimes","floor":2.0,"turns":2.0},{"damage":11.0,"enemies":"Jaw Worm","floor":3.0,"turns":2.0},{"damage":16.0,"enemies":"Exordium Thugs","floor":4.0,"turns":3.0},{"damage":7.0,"enemies":"Blue Slaver","floor":7.0,"turns":2.0},{"damage":0.0,"enemies":"Lagavulin","floor":8.0,"turns":5.0},{"damage":10.0,"enemies":"Exordium Wildlife","floor":13.0,"turns":2.0},{"damage":8.0,"enemies":"Large Slime","floor":14.0,"turns":3.0},{"damage":0.0,"enemies":"Slime Boss","floor":16.0,"turns":6.0},{"damage":11.0,"enemies":"2 Thieves","floor":18.0,"turns":4.0},{"damage":1.0,"enemies":"Shell Parasite","floor":19.0,"turns":3.0},{"damage":12.0,"enemies":"Centurion and Healer","floor":20.0,"turns":2.0},{"damage":1.0,"enemies":"Slavers","floor":23.0,"turns":3.0},{"damage":4.0,"enemies":"Cultist and Chosen","floor":25.0,"turns":3.0},{"damage":1.0,"enemies":"Shelled Parasite and Fungi","floor":27.0,"turns":2.0},{"damage":6.0,"enemies":"Snake Plant","floor":28.0,"turns":2.0},{"damage":0.0,"enemies":"Cultist and Chosen","floor":30.0,"turns":3.0},{"damage":8.0,"enemies":"Collector","floor":33.0,"turns":5.0},{"damage":14.0,"enemies":"3 Darklings","floor":35.0,"turns":4.0},{"damage":7.0,"enemies":"Mind Bloom Boss Battle","floor":36.0,"turns":6.0},{"damage":37.0,"enemies":"2 Orb Walkers","floor":37.0,"turns":4.0},{"damage":13.0,"enemies":"3 Shapes","floor":38.0,"turns":2.0},{"damage":11,"enemies":"Sphere and 2 Shapes","floor":41,"turns":4},{"damage":5,"enemies":"Spire Growth","floor":42,"turns":4},{"damage":23,"enemies":"4 Shapes","floor":44,"turns":7},{"damage":8,"enemies":"Transient","floor":46,"turns":5},{"damage":4,"enemies":"Giant Head","floor":48,"turns":4},{"damage":73,"enemies":"Time Eater","floor":50,"turns":9},{"damage":0,"enemies":"2 Louse","floor":52,"turns":1},{"damage":0,"enemies":"Cultist","floor":53,"turns":2},{"damage":0,"enemies":"The Mushroom Lair","floor":55,"turns":2},{"damage":0,"enemies":"Jaw Worm","floor":58,"turns":1},{"damage":0,"enemies":"3 Louse","floor":59,"turns":2},{"damage":0,"enemies":"Blue Slaver","floor":62,"turns":2},{"damage":0,"enemies":"Looter","floor":64,"turns":1},{"damage":0,"enemies":"Gremlin Nob","floor":65,"turns":2},{"damage":0,"enemies":"Slime Boss","floor":67,"turns":5}],"seed_played":"4042971732429369468","potions_obtained":[{"floor":3.0,"key":"GamblersBrew"},{"floor":7.0,"key":"PowerPotion"},{"floor":8.0,"key":"SkillPotion"},{"floor":20.0,"key":"Fruit Juice"},{"floor":23.0,"key":"Strength Potion"},{"floor":25.0,"key":"Regen Potion"},{"floor":30.0,"key":"SteroidPotion"},{"floor":38.0,"key":"FairyPotion"},{"floor":41,"key":"SteroidPotion"}],"is_trial":true,"path_per_floor":["M","M","M","M","$","R","M","E","T","$","R","?","M","M","R","B",null,"M","M","M","$","?","E","R","M","T","M","M","R","M","?","R","B",null,"M","?","?","M","$","R","M","M","T","M","?","M","R","E","R","B",null,"M","M","$","?","?","R","M","M","T","R","M","$","M","E","R","B",null],"character_chosen":"IRONCLAD","items_purchased":["Orichalcum","Juzu Bracelet","Lee\u0027s Waffle","Blood Vial","Question Card","Vajra"],"campfire_rested":0,"item_purchase_floors":[10,21,39,39,39,54],"current_hp_per_floor":[80,80,75,65,65,65,64,70,70,70,70,70,66,64,64,70,80,75,80,79,79,79,84,84,85,85,85,85,85,85,85,85,83,85,80,82,54,50,104,104,108,111,111,101,101,103,103,113,113,50,122,130,134,134,142,142,142,142,150,150,150,154,154,154,158,158,162,162],"gold":263,"neow_bonus":"","is_prod":false,"is_daily":false,"chose_seed":false,"campfire_upgraded":12,"win_rate":0,"timestamp":1554149792,"path_taken":["M","M","M","M","$","R","M","E","T","?","R","?","?","M","R","BOSS","M","?","M","$","?","E","R","M","T","M","M","R","M","?","R","BOSS","M","?","?","M","$","R","M","M","T","M","?","M","R","E","R","BOSS","M","M","$","?","?","R","M","M","T","R","M","?","M","E","R","BOSS"],"build_version":"2019-01-23","purchased_purges":5,"victory":false,"max_hp_per_floor":[80,80,80,80,80,80,80,80,80,80,80,80,80,80,80,80,80,80,80,85,85,85,85,85,85,85,85,85,85,85,85,85,85,85,88,91,94,97,104,104,111,111,111,118,118,118,118,122,122,122,122,130,134,134,142,142,142,142,150,150,150,154,154,154,158,158,162,162],"card_choices":[{"not_picked":["Body Slam","Bloodletting"],"picked":"Headbutt","floor":0.0},{"not_picked":["Blood for Blood","Heavy Blade"],"picked":"Clash","floor":0.0},{"not_picked":["Heavy Blade","Pommel Strike"],"picked":"Dropkick","floor":0.0},{"not_picked":["Armaments","True Grit"],"picked":"Flex","floor":0.0},{"not_picked":["Sword Boomerang","Anger"],"picked":"Warcry","floor":0.0},{"not_picked":["Ghostly Armor","Pommel Strike"],"picked":"Evolve","floor":0.0},{"not_picked":["Carnage","Clash"],"picked":"Cleave","floor":0.0},{"not_picked":["Iron Wave","Havoc"],"picked":"Spot Weakness","floor":0.0},{"not_picked":["Body Slam","Pommel Strike"],"picked":"Flex","floor":0.0},{"not_picked":["True Grit","Wild Strike"],"picked":"Body Slam","floor":0.0},{"not_picked":["Perfected Strike","Heavy Blade"],"picked":"Carnage","floor":0.0},{"not_picked":["Anger","Bloodletting"],"picked":"Thunderclap","floor":0.0},{"not_picked":["Second Wind","Clothesline"],"picked":"Sword Boomerang","floor":0.0},{"not_picked":["Body Slam","Heavy Blade"],"picked":"Rage","floor":0.0},{"not_picked":["Flex","Corruption"],"picked":"Cleave","floor":0.0},{"not_picked":["Rupture","Hemokinesis","Pommel Strike"],"picked":"SKIP","floor":1.0},{"not_picked":["Fire Breathing","Sever Soul"],"picked":"Dropkick","floor":2.0},{"not_picked":["True Grit","Seeing Red","Dropkick"],"picked":"SKIP","floor":3.0},{"not_picked":["True Grit","Barricade","Heavy Blade"],"picked":"SKIP","floor":4.0},{"not_picked":["Metallicize","Blood for Blood","Warcry"],"picked":"SKIP","floor":7.0},{"not_picked":["Power Through","Thunderclap","Clash"],"picked":"SKIP","floor":8.0},{"not_picked":["Corruption","Armaments"],"picked":"Shrug It Off","floor":13.0},{"not_picked":["Combust","Cleave","Headbutt"],"picked":"SKIP","floor":14.0},{"not_picked":["Infernal Blade","Reckless Charge","Shrug It Off+1"],"picked":"SKIP","floor":18.0},{"not_picked":["Combust","Havoc","Intimidate+1"],"picked":"SKIP","floor":19.0},{"not_picked":["Clothesline","Uppercut+1","Infernal Blade"],"picked":"SKIP","floor":20.0},{"not_picked":["Metallicize","Fire Breathing"],"picked":"Battle Trance+1","floor":23.0},{"not_picked":["Sentinel","Wild Strike","Twin Strike"],"picked":"SKIP","floor":25.0},{"not_picked":["Sword Boomerang","Heavy Blade","Flame Barrier"],"picked":"SKIP","floor":27.0},{"not_picked":["Wild Strike","Iron Wave+1","Cleave"],"picked":"SKIP","floor":28.0},{"not_picked":["Twin Strike","Anger+1"],"picked":"Disarm+1","floor":30.0},{"not_picked":["Double Tap","Demon Form"],"picked":"Feed","floor":33.0},{"not_picked":["Fire Breathing+1","Whirlwind+1"],"picked":"Searing Blow","floor":34.0},{"not_picked":["Clothesline","Headbutt"],"picked":"Feed","floor":34.0},{"not_picked":["Power Through","Clothesline+1","Hemokinesis+1"],"picked":"SKIP","floor":35.0},{"not_picked":["Intimidate","Clash","Thunderclap"],"picked":"SKIP","floor":38.0},{"not_picked":["Flex","Twin Strike+1","Spot Weakness+1","Perfected Strike"],"picked":"SKIP","floor":41},{"not_picked":["Iron Wave","Metallicize+1","Feed","Sword Boomerang"],"picked":"SKIP","floor":42},{"not_picked":["Rampage+1","Heavy Blade","Anger+1","Evolve"],"picked":"SKIP","floor":44},{"not_picked":["Clothesline+1","Uppercut+1","Body Slam+1","Feel No Pain+1"],"picked":"SKIP","floor":46},{"not_picked":["Body Slam+1","Clothesline","Sword Boomerang+1","Clash"],"picked":"SKIP","floor":48},{"not_picked":["Sword Boomerang","Headbutt","Clash","Wild Strike"],"picked":"SKIP","floor":52},{"not_picked":["Warcry","Body Slam","Pommel Strike","Thunderclap"],"picked":"SKIP","floor":53},{"not_picked":["Wild Strike","Flex","Inflame","Shockwave"],"picked":"SKIP","floor":58},{"not_picked":["Perfected Strike","Body Slam","Rage","Sever Soul"],"picked":"SKIP","floor":59},{"not_picked":["Flame Barrier","Searing Blow","Brutality","Pommel Strike"],"picked":"SKIP","floor":62},{"not_picked":["Body Slam","Clothesline","Thunderclap","Shrug It Off"],"picked":"SKIP","floor":64},{"not_picked":["Twin Strike","Clash","Headbutt","Demon Form"],"picked":"SKIP","floor":65}],"player_experience":1037878,"relics_obtained":[{"floor":8.0,"key":"The Courier"},{"floor":9.0,"key":"MawBank"},{"floor":23.0,"key":"Mercury Hourglass"},{"floor":26.0,"key":"Smiling Mask"},{"floor":31.0,"key":"Lantern"},{"floor":36.0,"key":"Unceasing Top"},{"floor":37.0,"key":"Bird Faced Urn"},{"floor":43,"key":"Shuriken"},{"floor":48,"key":"Anchor"},{"floor":55,"key":"Odd Mushroom"},{"floor":60,"key":"Pen Nib"}],"event_choices":[{"cards_removed":["Flex"],"damage_healed":0.0,"max_hp_gain":0.0,"max_hp_loss":0.0,"gold_gain":0.0,"event_name":"NoteForYourself","player_choice":"Took Card","floor":12.0,"gold_loss":0.0,"damage_taken":0.0,"cards_obtained":["Clothesline"]},{"damage_healed":0.0,"max_hp_gain":0.0,"max_hp_loss":0.0,"gold_gain":99.0,"event_name":"Nest","player_choice":"Stole From Cult","floor":22.0,"gold_loss":0.0,"damage_taken":0.0},{"damage_healed":0.0,"max_hp_gain":0.0,"max_hp_loss":0.0,"gold_gain":0.0,"event_name":"Wheel of Change","player_choice":"Relic","floor":31.0,"gold_loss":0.0,"damage_taken":0.0},{"damage_healed":0.0,"max_hp_gain":0.0,"max_hp_loss":0.0,"gold_gain":0.0,"event_name":"MindBloom","player_choice":"Fight","floor":36.0,"gold_loss":0.0,"damage_taken":0.0},{"damage_healed":0.0,"max_hp_gain":0.0,"max_hp_loss":0.0,"gold_gain":0.0,"event_name":"Mysterious Sphere","player_choice":"Fight","floor":37.0,"gold_loss":0.0,"damage_taken":0.0},{"cards_removed":["Clothesline"],"damage_healed":0,"gold_gain":0,"player_choice":"Purged","damage_taken":0,"max_hp_gain":0,"max_hp_loss":0,"event_name":"Purifier","floor":45,"gold_loss":0},{"damage_healed":0,"gold_gain":0,"player_choice":"Fought Mushrooms","damage_taken":0,"max_hp_gain":0,"max_hp_loss":0,"event_name":"Mushrooms","floor":55,"gold_loss":0},{"cards_removed":["Spot Weakness"],"damage_healed":0,"gold_gain":0,"player_choice":"Forget","damage_taken":0,"max_hp_gain":0,"max_hp_loss":0,"event_name":"Living Wall","floor":56,"gold_loss":0}],"is_beta":false,"boss_relics":[{"not_picked":["Mark of Pain","Velvet Choker"],"picked":"Coffee Dripper"},{"not_picked":["Lizard Tail","Sozu"],"picked":"Orrery"},{"not_picked":["White Beast Statue","Philosopher\u0027s Stone"],"picked":"Black Star"},{"not_picked":["GraspOfShadows"],"picked":"Accursed"}],"items_purged_floors":[5,21,39,54,63],"is_endless":true,"potions_floor_spawned":[3,7,8,13,18,20,23,25,30,33,35,38,41,44,50,52,59,62,65],"ascension_level":0}