{"gold_per_floor":[118,118,118,56,72,106,106,181,181,207,207,218,218,231,231,304,304,324,340,354,374,424,424,424,452,452,20,37,56,56,66,66,66],"floor_reached":33,"playtime":1799,"items_purged":["Writhe"],"score":524,"play_id":"d25c3311-6371-43ef-ba02-a4719e6bafec","local_time":"20180921174408","is_ascension_mode":true,"campfire_choices":[{"floor":7.0,"key":"REST"},{"data":"True Grit","floor":11.0,"key":"SMITH"},{"data":"Demon Form","floor":13.0,"key":"SMITH"},{"data":"Heavy Blade","floor":15.0,"key":"SMITH"},{"floor":23.0,"key":"REST"},{"data":"True Grit","floor":30.0,"key":"SMITH"},{"floor":32.0,"key":"REST"}],"neow_cost":"NONE","seed_source_timestamp":748948414444215,"circlet_count":0,"master_deck":["Strike_R","Strike_R","Strike_R","Strike_R","Defend_R","Defend_R","Defend_R","Defend_R","Bash","AscendersBane","Berserk","Heavy Blade+1","Shrug It Off","True Grit+1","Demon Form+1","Clothesline","Armaments","Feed","True Grit+1","Twin Strike+1","Whirlwind","Doubt","Warcry","Shockwave","Battle Trance"],"special_seed":0,"relics":["Burning Blood","Kunai","Potion Belt","Oddly Smooth Stone","Cursed Key","Pear","Pantograph","Mercury Hourglass","Magic Flower"],"potions_floor_usage":[],"damage_taken":[{"damage":8.0,"enemies":"Jaw Worm","floor":1.0,"turns":5.0},{"damage":0.0,"enemies":"2 Louse","floor":5.0,"turns":3.0},{"damage":47.0,"enemies":"3 Sentries","floor":6.0,"turns":14.0},{"damage":27.0,"enemies":"Lagavulin","floor":10.0,"turns":6.0},{"damage":4.0,"enemies":"Small Slimes","floor":12.0,"turns":5.0},{"damage":4.0,"enemies":"Exordium Thugs","floor":14.0,"turns":4.0},{"damage":16.0,"enemies":"The Guardian","floor":16.0,"turns":9.0},{"damage":14.0,"enemies":"Shell Parasite","floor":18.0,"turns":9.0},{"damage":3.0,"enemies":"Chosen","floor":19.0,"turns":6.0},{"damage":30.0,"enemies":"Centurion and Healer","floor":20.0,"turns":8.0},{"damage":28.0,"enemies":"Shelled Parasite and Fungi","floor":21.0,"turns":12.0},{"damage":52.0,"enemies":"Slavers","floor":25.0,"turns":10.0},{"damage":13.0,"enemies":"Snecko","floor":28.0,"turns":5.0},{"damage":4.0,"enemies":"Cultist and Chosen","floor":29.0,"turns":6.0},{"damage":20.0,"enemies":"Snake Plant","floor":31.0,"turns":4.0},{"damage":85,"enemies":"Collector","floor":33,"turns":7}],"seed_played":"4591280650923871123","potions_obtained":[{"floor":6.0,"key":"Dexterity Potion"},{"floor":16.0,"key":"Block Potion"},{"floor":19.0,"key":"GamblersBrew"},{"floor":20.0,"key":"Explosive Potion"},{"floor":21.0,"key":"Poison Potion"}],"is_trial":false,"path_per_floor":["M","?","$","$","M","E","R","?","T","E","R","M","R","M","R","B",null,"M","M","M","M","?","R","?","E","T","$","M","M","R","M","R"],"character_chosen":"IRONCLAD","items_purchased":["Shrug It Off","Magic Flower"],"campfire_rested":3,"item_purchase_floors":[4,27],"current_hp_per_floor":[66,71,71,71,77,36,60,49,49,28,28,30,30,32,32,22,66,61,64,43,24,24,50,60,17,17,17,13,23,23,12,43,0],"gold":66,"neow_bonus":"TRANSFORM_CARD","is_prod":false,"is_daily":false,"chose_seed":false,"campfire_upgraded":4,"win_rate":0,"timestamp":1537566248,"path_taken":["M","?","?","$","M","E","R","?","T","E","R","M","R","M","R","BOSS","M","M","M","M","?","R","?","E","T","$","M","?","R","M","R","BOSS"],"build_version":"2018-09-20","purchased_purges":1,"victory":false,"max_hp_per_floor":[75,80,80,80,80,80,80,80,80,80,80,80,80,80,80,80,80,83,83,86,89,89,89,99,102,102,102,102,105,105,105,105,105],"card_choices":[{"not_picked":["Body Slam","Warcry"],"picked":"Heavy Blade","floor":1.0},{"not_picked":["Heavy Blade","Blood for Blood"],"picked":"True Grit","floor":5.0},{"not_picked":["Pommel Strike","Rupture"],"picked":"Demon Form","floor":6.0},{"not_picked":["Twin Strike","Rupture","Anger"],"picked":"SKIP","floor":10.0},{"not_picked":["Iron Wave","Headbutt"],"picked":"Clothesline","floor":12.0},{"not_picked":["Entrench","Clothesline"],"picked":"Armaments","floor":14.0},{"not_picked":["Berserk","Fiend Fire"],"picked":"Feed","floor":16.0},{"not_picked":["Blood for Blood+1","Pommel Strike","Armaments"],"picked":"SKIP","floor":18.0},{"not_picked":["Power Through","Thunderclap"],"picked":"True Grit","floor":19.0},{"not_picked":["Searing Blow","Headbutt+1","Rupture"],"picked":"SKIP","floor":20.0},{"not_picked":["Blood for Blood","True Grit"],"picked":"Twin Strike+1","floor":21.0},{"not_picked":["Bludgeon","Pummel+1"],"picked":"Whirlwind","floor":25.0},{"not_picked":["Headbutt","Anger"],"picked":"Warcry","floor":28.0},{"not_picked":["Cleave","Bloodletting"],"picked":"Shockwave","floor":29.0},{"not_picked":["Armaments+1","Clothesline+1"],"picked":"Battle Trance","floor":31.0}],"player_experience":508083,"relics_obtained":[{"floor":6.0,"key":"Kunai"},{"floor":9.0,"key":"Potion Belt"},{"floor":10.0,"key":"Oddly Smooth Stone"},{"floor":25.0,"key":"Pantograph"},{"floor":26.0,"key":"Mercury Hourglass"}],"event_choices":[{"event_name":"Big Fish","player_choice":"Donut","floor":2.0,"damage_taken":0.0},{"event_name":"World of Goop","player_choice":"Gather Gold","floor":8.0,"damage_taken":0.0},{"event_name":"Nest","player_choice":"Stole From Cult","floor":22.0,"damage_taken":0.0},{"event_name":"The Mausoleum","player_choice":"Yes","floor":24.0,"damage_taken":0.0}],"is_beta":false,"boss_relics":[{"not_picked":["White Beast Statue","Runic Dome"],"picked":"Cursed Key"}],"items_purged_floors":[27],"is_endless":false,"potions_floor_spawned":[6,16,19,20,21],"killed_by":"Collector","ascension_level":16}