{"gold_per_floor":[116,131,4,4,23,48,48,19,19,44,62,78,78,106,106,183,183,156,206,222,241,241,270,270,302,302,332,351,362,362,381,381,381],"floor_reached":33,"playtime":1841,"items_purged":["Strike_R"],"score":804,"play_id":"a729a48d-1495-4014-b8ff-da113dbb964d","local_time":"20190710230050","is_ascension_mode":true,"campfire_choices":[{"data":"Bash","floor":7.0,"key":"SMITH"},{"floor":13,"key":"REST"},{"data":"Disarm","floor":15,"key":"SMITH"},{"data":"Feed","floor":24,"key":"SMITH"},{"data":"Spot Weakness","floor":30,"key":"SMITH"},{"floor":32,"key":"REST"}],"neow_cost":"NONE","seed_source_timestamp":72922337343260,"circlet_count":0,"master_deck":["AscendersBane","Strike_R","Strike_R","Strike_R","Strike_R","Defend_R","Defend_R","Defend_R","Defend_R","Bash+1","Whirlwind","Disarm+1","Anger","Pommel Strike","Spot Weakness+1","Shrug It Off","Feed+1","Entrench+1","Shrug It Off+1","Offering+1","Shockwave+1","Shockwave+1","Blood for Blood","Exhume+1","Shrug It Off+1"],"special_seed":0,"relics":["Burning Blood","Mummified Hand","Gremlin Horn","Toxic Egg 2","Blood Vial","Snecko Eye","PreservedInsect","Anchor","Lantern","Meat on the Bone","Matryoshka"],"potions_floor_usage":[27],"damage_taken":[{"damage":7.0,"enemies":"Small Slimes","floor":1.0,"turns":3.0},{"damage":1.0,"enemies":"Cultist","floor":2.0,"turns":3.0},{"damage":4.0,"enemies":"Jaw Worm","floor":5.0,"turns":3.0},{"damage":51.0,"enemies":"Lagavulin","floor":6.0,"turns":7.0},{"damage":10.0,"enemies":"3 Sentries","floor":10.0,"turns":3.0},{"damage":16.0,"enemies":"Looter","floor":11.0,"turns":5.0},{"damage":6,"enemies":"2 Fungi Beasts","floor":12,"turns":3},{"damage":27,"enemies":"Gremlin Nob","floor":14,"turns":4},{"damage":28,"enemies":"Hexaghost","floor":16,"turns":9},{"damage":24,"enemies":"2 Thieves","floor":18,"turns":4},{"damage":18,"enemies":"Chosen","floor":20,"turns":4},{"damage":15,"enemies":"Snake Plant","floor":21,"turns":3},{"damage":6,"enemies":"Slavers","floor":23,"turns":2},{"damage":20,"enemies":"Book of Stabbing","floor":25,"turns":6},{"damage":0,"enemies":"Gremlin Leader","floor":27,"turns":4},{"damage":10,"enemies":"Shelled Parasite and Fungi","floor":28,"turns":5},{"damage":13,"enemies":"Cultist and Chosen","floor":29,"turns":7},{"damage":34,"enemies":"Chosen and Byrds","floor":31,"turns":9},{"damage":92,"enemies":"Champ","floor":33,"turns":16}],"seed_played":"6701660570628165666","potions_obtained":[{"floor":1.0,"key":"Swift Potion"},{"floor":4.0,"key":"Explosive Potion"},{"floor":5.0,"key":"SkillPotion"},{"floor":14,"key":"SneckoOil"},{"floor":20,"key":"Strength Potion"},{"floor":25,"key":"Swift Potion"},{"floor":29,"key":"SpeedPotion"}],"is_trial":false,"path_per_floor":["M","M","$","?","M","E","R","$","T","E","M","M","R","E","R","B",null,"M","?","M","M","?","E","R","E","T","E","M","M","R","M","R","B"],"character_chosen":"IRONCLAD","items_purchased":["Anger","Shrug It Off"],"campfire_rested":2,"item_purchase_floors":[3,8],"current_hp_per_floor":[74,79,79,79,81,36,36,36,36,32,25,28,54,33,33,13,69,53,53,46,42,42,47,47,35,35,59,61,64,64,54,89,0],"gold":381,"neow_bonus":"TEN_PERCENT_HP_BONUS","is_prod":false,"is_daily":false,"chose_seed":false,"campfire_upgraded":4,"win_rate":0,"timestamp":1562814050,"path_taken":["M","M","$","?","M","E","R","?","T","E","M","M","R","E","R","BOSS","M","?","?","M","?","E","R","E","T","E","M","M","R","M","R","BOSS"],"build_version":"2019-07-05","purchased_purges":1,"victory":false,"max_hp_per_floor":[82,82,82,82,82,82,82,82,82,82,85,88,88,88,88,88,88,88,88,91,94,94,97,97,97,97,101,105,113,113,117,117,117],"card_choices":[{"not_picked":["Sword Boomerang","Shrug It Off"],"picked":"Whirlwind","floor":1.0},{"not_picked":["Pummel","Cleave"],"picked":"Disarm","floor":2.0},{"not_picked":["Flex","Wild Strike"],"picked":"Pommel Strike","floor":5.0},{"not_picked":["Blood for Blood","Shrug It Off"],"picked":"Spot Weakness","floor":6.0},{"not_picked":["Clash","Dropkick"],"picked":"Feed","floor":10.0},{"not_picked":["Blood for Blood","Dropkick"],"picked":"Entrench+1","floor":11.0},{"not_picked":["Cleave","Perfected Strike","Anger"],"picked":"SKIP","floor":12},{"not_picked":["Anger","Warcry+1"],"picked":"Shrug It Off+1","floor":14},{"not_picked":["Feed","Juggernaut"],"picked":"Offering+1","floor":16},{"not_picked":["Armaments+1","Reckless Charge"],"picked":"Shockwave+1","floor":18},{"not_picked":["Shrug It Off+1","Clothesline"],"picked":"Shockwave+1","floor":20},{"not_picked":["Headbutt","Warcry+1"],"picked":"Blood for Blood","floor":21},{"not_picked":["Body Slam","Cleave","Carnage"],"picked":"SKIP","floor":23},{"not_picked":["Infernal Blade+1","Iron Wave","Pommel Strike"],"picked":"SKIP","floor":25},{"not_picked":["Infernal Blade+1","Iron Wave","Pommel Strike"],"picked":"SKIP","floor":25},{"not_picked":["Reckless Charge+1","Whirlwind","Flex+1"],"picked":"SKIP","floor":27},{"not_picked":["Clothesline","Havoc+1"],"picked":"Exhume+1","floor":28},{"not_picked":["Bloodletting+1","Headbutt"],"picked":"Shrug It Off+1","floor":29},{"not_picked":["Shockwave+1","Searing Blow+1","Cleave"],"picked":"SKIP","floor":31}],"player_experience":1596818,"relics_obtained":[{"floor":6.0,"key":"Mummified Hand"},{"floor":9.0,"key":"Gremlin Horn"},{"floor":10.0,"key":"Toxic Egg 2"},{"floor":14,"key":"Blood Vial"},{"floor":23,"key":"Anchor"},{"floor":25,"key":"Lantern"},{"floor":26,"key":"Meat on the Bone"},{"floor":27,"key":"Matryoshka"}],"event_choices":[{"damage_healed":0.0,"max_hp_gain":0.0,"max_hp_loss":0.0,"gold_gain":0.0,"event_name":"Lab","player_choice":"Got Potions","floor":4.0,"gold_loss":0.0,"damage_taken":0.0},{"damage_healed":0,"gold_gain":50,"player_choice":"Pray","damage_taken":0,"max_hp_gain":0,"max_hp_loss":0,"event_name":"Golden Shrine","floor":19,"gold_loss":0},{"damage_healed":0,"gold_gain":0,"player_choice":"Gave Potion","damage_taken":0,"relics_obtained":["PreservedInsect"],"max_hp_gain":0,"max_hp_loss":0,"event_name":"WeMeetAgain","floor":22,"gold_loss":0}],"is_beta":false,"boss_relics":[{"not_picked":["Empty Cage","Calling Bell"],"picked":"Snecko Eye"}],"items_purged_floors":[3],"is_endless":false,"potions_floor_spawned":[1,5,14,20,25,29,31],"killed_by":"Champ","ascension_level":20}