{"gold_per_floor":[20,37,37,37,48,48,75,87,124,136,162,186,198,221,233,345,357,389,401,383],"floor_reached":20,"playtime":928,"items_purged":[],"score":252,"play_id":"617f2117-4ccc-40ba-8071-8404046f3a03","local_time":"20180830211634","is_ascension_mode":true,"campfire_choices":[{"data":"Disarm","floor":6.0,"key":"SMITH"},{"data":"Disarm","floor":8.0,"key":"SMITH"},{"data":"Bash","floor":10.0,"key":"SMITH"},{"data":"Intimidate","floor":15.0,"key":"SMITH"}],"neow_cost":"NO_GOLD","seed_source_timestamp":0,"circlet_count":0,"master_deck":["Strike_R","Strike_R","Strike_R","Defend_R","Defend_R","Defend_R","Defend_R","Bash+1","Disarm+1","Pommel Strike","Disarm+1","Intimidate+1","Flame Barrier","Feel No Pain","Exhume","Entrench"],"special_seed":0,"relics":["Burning Blood","Calipers","MawBank","Boot","Snecko Eye"],"potions_floor_usage":[],"damage_taken":[{"damage":8.0,"enemies":"Jaw Worm","floor":1.0,"turns":4.0},{"damage":0.0,"enemies":"Small Slimes","floor":2.0,"turns":3.0},{"damage":2.0,"enemies":"2 Louse","floor":5.0,"turns":4.0},{"damage":29.0,"enemies":"Lagavulin","floor":7.0,"turns":11.0},{"damage":6.0,"enemies":"Looter","floor":11.0,"turns":3.0},{"damage":0.0,"enemies":"3 Louse","floor":12.0,"turns":6.0},{"damage":12.0,"enemies":"2 Fungi Beasts","floor":14.0,"turns":7.0},{"damage":41.0,"enemies":"Hexaghost","floor":16.0,"turns":16.0},{"damage":7.0,"enemies":"Chosen","floor":18.0,"turns":8.0},{"damage":2,"enemies":"2 Thieves","floor":20,"turns":2}],"seed_played":"5622126216353358531","potions_obtained":[{"floor":1.0,"key":"Weak Potion"},{"floor":5.0,"key":"Block Potion"},{"floor":12.0,"key":"Energy Potion"},{"floor":14.0,"key":"Fire Potion"},{"floor":18.0,"key":"LiquidBronze"}],"is_trial":false,"path_per_floor":["M","M","?","?","M","R","E","R","T","R","M","M","?","M","R","B",null,"M","?"],"character_chosen":"IRONCLAD","items_purchased":[],"campfire_rested":0,"item_purchase_floors":[],"current_hp_per_floor":[70,76,69,69,73,73,50,50,50,50,50,56,56,50,50,15,64,63,48,46],"gold":383,"neow_bonus":"ONE_RARE_RELIC","is_prod":false,"is_daily":false,"chose_seed":false,"campfire_upgraded":4,"win_rate":0,"timestamp":1535678194,"path_taken":["M","M","?","?","M","R","E","R","T","R","M","M","?","M","R","BOSS","M","?","M"],"build_version":"2018-08-23v2","purchased_purges":0,"victory":false,"max_hp_per_floor":[80,80,80,80,80,80,80,80,80,80,80,80,80,80,80,80,80,80,85,85],"card_choices":[{"not_picked":["Ghostly Armor","Hemokinesis"],"picked":"Disarm","floor":1.0},{"not_picked":["Thunderclap","Cleave"],"picked":"Pommel Strike","floor":2.0},{"not_picked":["Rupture","Feel No Pain"],"picked":"Disarm","floor":5.0},{"not_picked":["Wild Strike","Twin Strike"],"picked":"Intimidate","floor":7.0},{"not_picked":["Pommel Strike","Reckless Charge"],"picked":"Flame Barrier","floor":11.0},{"not_picked":["Anger","Rampage","Combust"],"picked":"SKIP","floor":12.0},{"not_picked":["Headbutt","Infernal Blade"],"picked":"Feel No Pain","floor":14.0},{"not_picked":["Reaper","Limit Break"],"picked":"Exhume","floor":16.0},{"not_picked":["Iron Wave+1","Perfected Strike"],"picked":"Entrench","floor":18.0}],"player_experience":316640,"relics_obtained":[{"floor":7.0,"key":"MawBank"},{"floor":9.0,"key":"Boot"}],"event_choices":[{"event_name":"Golden Wing","player_choice":"Card Removal","floor":3.0,"damage_taken":0.0},{"event_name":"The Cleric","player_choice":"Leave","floor":4.0,"damage_taken":0.0},{"event_name":"Bonfire Elementals","player_choice":"BASIC","floor":13.0,"damage_taken":0.0},{"event_name":"Forgotten Altar","player_choice":"Shed Blood","floor":19.0,"damage_taken":0.0}],"is_beta":false,"boss_relics":[{"not_picked":["Orrery","Coffee Dripper"],"picked":"Snecko Eye"}],"items_purged_floors":[],"is_endless":false,"potions_floor_spawned":[1,5,12,14,18],"killed_by":"2 Thieves","ascension_level":9}