{"gold_per_floor":[217,217,90,108,125,125,125,151,175,207,207,207,207,33,33,161,161,181,281,23,43,61,61],"floor_reached":23,"playtime":1121,"items_purged":["Strike_G","Injury"],"score":207,"play_id":"4ee30296-b941-452a-ab4c-0c46fbc4eb55","local_time":"20190702235354","is_ascension_mode":true,"campfire_choices":[{"floor":7,"key":"REST"},{"floor":13,"key":"REST"},{"floor":15,"key":"REST"}],"neow_cost":"NONE","seed_source_timestamp":7784788726000,"circlet_count":0,"master_deck":["Strike_G","Strike_G","Strike_G","Defend_G","Defend_G","Defend_G","Defend_G","Defend_G","Survivor","Neutralize","Bouncing Flask","Dodge and Roll","Blur","Bane","Noxious Fumes","Parasite","Noxious Fumes","Adrenaline","PiercingWail+1","Skewer+1"],"relics":["Ring of the Snake","Lantern","Anchor","Golden Idol","Runic Pyramid","Shuriken"],"potions_floor_usage":[21,22,23],"damage_taken":[{"damage":0,"enemies":"Jaw Worm","floor":1,"turns":7},{"damage":16,"enemies":"Small Slimes","floor":4,"turns":4},{"damage":3,"enemies":"2 Louse","floor":5,"turns":3},{"damage":22,"enemies":"Gremlin Nob","floor":8,"turns":4},{"damage":24,"enemies":"Lagavulin","floor":10,"turns":6},{"damage":46,"enemies":"The Guardian","floor":16,"turns":8},{"damage":0,"enemies":"Spheric Guardian","floor":18,"turns":3},{"damage":5,"enemies":"3 Byrds","floor":21,"turns":6},{"damage":42,"enemies":"Shelled Parasite and Fungi","floor":22,"turns":6},{"damage":28,"enemies":"Gremlin Leader","floor":23,"turns":5}],"seed_played":"8513489140323577014","potions_obtained":[{"floor":16,"key":"Energy Potion"},{"floor":18,"key":"Regen Potion"},{"floor":22,"key":"FearPotion"}],"is_trial":false,"path_per_floor":["M","?","$","M","M","?","R","E","T","E","?","?","R","$","R","B",null,"M","?","$","M","M","E"],"character_chosen":"THE_SILENT","items_purchased":["Dodge and Roll","Noxious Fumes","Shuriken"],"campfire_rested":3,"item_purchase_floors":[3,14,20],"current_hp_per_floor":[70,63,63,47,44,44,65,43,43,19,36,36,57,57,70,24,70,70,70,70,70,28,0],"gold":61,"neow_bonus":"HUNDRED_GOLD","is_prod":false,"is_daily":false,"chose_seed":false,"campfire_upgraded":0,"win_rate":0,"timestamp":1562126034,"path_taken":["M","?","$","M","M","?","R","E","T","E","?","?","R","$","R","BOSS","M","?","$","M","?","E"],"build_version":"2019-07-01","purchased_purges":2,"victory":false,"max_hp_per_floor":[70,70,70,70,70,70,70,70,70,70,70,70,70,70,70,70,70,70,70,70,70,70,70],"card_choices":[{"not_picked":["Outmaneuver","Deflect"],"picked":"Bouncing Flask","floor":1},{"not_picked":["Deflect","Prepared"],"picked":"Blur","floor":4},{"not_picked":["Malaise","Reflex"],"picked":"Bane","floor":5},{"not_picked":["Masterful Stab","Skewer","Quick Slash"],"picked":"SKIP","floor":8},{"not_picked":["Reflex","PiercingWail"],"picked":"Noxious Fumes","floor":10},{"not_picked":["After Image","Bullet Time"],"picked":"Adrenaline","floor":16},{"not_picked":["Cloak And Dagger","Blade Dance"],"picked":"PiercingWail+1","floor":18},{"not_picked":["Quick Slash","Flechettes+1"],"picked":"Skewer+1","floor":21},{"not_picked":["Acrobatics","Outmaneuver","Dodge and Roll"],"picked":"SKIP","floor":22}],"player_experience":161233,"relics_obtained":[{"floor":8,"key":"Lantern"},{"floor":10,"key":"Anchor"}],"event_choices":[{"cards_removed":["Strike_G"],"damage_healed":0,"gold_gain":0,"player_choice":"Card Removal","damage_taken":7,"max_hp_gain":0,"max_hp_loss":0,"event_name":"Golden Wing","floor":2,"gold_loss":0},{"damage_healed":0,"gold_gain":0,"player_choice":"Ignored","damage_taken":0,"max_hp_gain":0,"max_hp_loss":0,"event_name":"Liars Game","floor":6,"gold_loss":0},{"damage_healed":17,"gold_gain":0,"player_choice":"Healed and dodged fight","damage_taken":0,"max_hp_gain":0,"max_hp_loss":0,"event_name":"Mushrooms","floor":11,"gold_loss":0,"cards_obtained":["Parasite"]},{"damage_healed":0,"gold_gain":0,"player_choice":"Take Wound","damage_taken":0,"relics_obtained":["Golden Idol"],"max_hp_gain":0,"max_hp_loss":0,"event_name":"Golden Idol","floor":12,"gold_loss":0,"cards_obtained":["Injury"]},{"damage_healed":0,"gold_gain":100,"player_choice":"Pray","damage_taken":0,"max_hp_gain":0,"max_hp_loss":0,"event_name":"Golden Shrine","floor":19,"gold_loss":0}],"is_beta":false,"boss_relics":[{"not_picked":["Runic Dome","Astrolabe"],"picked":"Runic Pyramid"}],"items_purged_floors":[3,14],"is_endless":false,"potions_floor_spawned":[16,18,22],"killed_by":"Gremlin Leader","ascension_level":1}