{"gold_per_floor":[109,109,109,122,136,136,193,193,193,208,258,258,272,301,301,378,378,378,378,378,378,378,378,378,378,378,378,378,378,378,378,378,378,378,378,378,131,131,131,131,131,131,131,131,131,31,31,31,31,31],"floor_reached":50,"playtime":3302,"items_purged":["Strike_B+1","Strike_B+1"],"score":1275,"play_id":"5babb132-012c-471f-a711-52f1f8b487b0","local_time":"20190514001706","is_ascension_mode":true,"campfire_choices":[{"data":"Beam Cell","floor":6,"key":"SMITH"},{"data":"Coolheaded","floor":8,"key":"SMITH"},{"floor":12,"key":"REST"},{"data":"Darkness","floor":15,"key":"SMITH"},{"data":"Biased Cognition","floor":23,"key":"SMITH"},{"floor":27,"key":"REST"},{"data":"Dualcast","floor":29,"key":"SMITH"},{"data":"Static Discharge","floor":32,"key":"SMITH"},{"floor":49,"key":"RECALL"}],"neow_cost":"NONE","seed_source_timestamp":858021229244625,"circlet_count":0,"master_deck":["AscendersBane","Strike_B+1","Defend_B+1","Defend_B+1","Defend_B+1","Defend_B+1","Zap+1","Dualcast+1","Sweeping Beam+1","FTL+1","Beam Cell+1","Coolheaded+1","Cold Snap+1","Darkness+1","Hologram","Biased Cognition+1","Self Repair","Self Repair","Machine Learning","Heatsinks+1","Static Discharge+1","Electrodynamics","Glacier+1","Capacitor+1","Turbo","Echo Form","Parasite"],"relics":["Cracked Core","Matryoshka","PreservedInsect","Torii","Singing Bowl","Ectoplasm","Nilry\u0027s Codex","Dead Branch","Whetstone","Vajra","Pear","Runic Pyramid","Oddly Smooth Stone","SsserpentHead","MawBank","Anchor","Lantern","Potion Belt"],"potions_floor_usage":[7,18,24,50,50,50],"damage_taken":[{"damage":4,"enemies":"Jaw Worm","floor":1,"turns":3},{"damage":1,"enemies":"2 Louse","floor":4,"turns":2},{"damage":3,"enemies":"Small Slimes","floor":5,"turns":2},{"damage":10,"enemies":"3 Sentries","floor":7,"turns":4},{"damage":1,"enemies":"3 Louse","floor":10,"turns":2},{"damage":4,"enemies":"Lots of Slimes","floor":13,"turns":3},{"damage":10,"enemies":"Lagavulin","floor":14,"turns":5},{"damage":28,"enemies":"Slime Boss","floor":16,"turns":6},{"damage":0,"enemies":"Chosen","floor":18,"turns":3},{"damage":19,"enemies":"Shell Parasite","floor":19,"turns":4},{"damage":8,"enemies":"Centurion and Healer","floor":22,"turns":8},{"damage":23,"enemies":"Slavers","floor":24,"turns":4},{"damage":0,"enemies":"Gremlin Leader","floor":28,"turns":5},{"damage":0,"enemies":"3 Cultists","floor":31,"turns":4},{"damage":56,"enemies":"Collector","floor":33,"turns":8},{"damage":8,"enemies":"Orb Walker","floor":35,"turns":3},{"damage":7,"enemies":"3 Darklings","floor":36,"turns":3},{"damage":1,"enemies":"4 Shapes","floor":38,"turns":3},{"damage":18,"enemies":"Giant Head","floor":40,"turns":7},{"damage":8,"enemies":"Transient","floor":41,"turns":6},{"damage":32,"enemies":"Reptomancer","floor":42,"turns":5},{"damage":0,"enemies":"Sphere and 2 Shapes","floor":44,"turns":6},{"damage":1,"enemies":"Nemesis","floor":45,"turns":7},{"damage":21,"enemies":"Giant Head","floor":47,"turns":8},{"damage":1,"enemies":"Writhing Mass","floor":48,"turns":7},{"damage":89,"enemies":"Awakened One","floor":50,"turns":6}],"seed_played":"1857027085461159496","potions_obtained":[{"floor":1,"key":"PowerPotion"},{"floor":10,"key":"Ancient Potion"},{"floor":13,"key":"Dexterity Potion"},{"floor":19,"key":"GamblersBrew"},{"floor":24,"key":"EntropicBrew"},{"floor":31,"key":"Energy Potion"},{"floor":44,"key":"FocusPotion"},{"floor":48,"key":"AttackPotion"}],"is_trial":false,"path_per_floor":["M","?","?","M","M","R","?","R","T","M","?","R","M","E","R","B",null,"M","M","?","?","M","R","E","?","T","R","E","R","?","M","R","B",null,"M","M","$","M","?","E","M","E","T","M","E","$","E","M","R","B"],"character_chosen":"DEFECT","items_purchased":["Oddly Smooth Stone"],"campfire_rested":2,"item_purchase_floors":[37],"current_hp_per_floor":[60,60,53,52,49,49,39,39,39,38,38,59,55,45,45,17,58,58,46,46,25,33,33,24,24,24,45,69,69,69,83,83,41,73,81,81,81,85,85,83,89,78,78,91,93,93,86,95,95,6],"gold":31,"neow_bonus":"UPGRADE_CARD","is_prod":false,"is_daily":false,"chose_seed":false,"campfire_upgraded":6,"win_rate":0,"timestamp":1557807426,"path_taken":["M","?","?","M","M","R","?","R","T","M","?","R","M","E","R","BOSS","M","?","?","?","M","R","E","?","T","R","E","R","?","M","R","BOSS","M","M","$","M","?","E","?","E","T","M","E","$","E","?","R","BOSS"],"build_version":"2019-01-23","purchased_purges":2,"victory":false,"max_hp_per_floor":[71,71,71,71,71,71,71,71,71,71,71,71,71,71,71,71,71,71,71,71,71,73,73,73,73,73,73,83,83,83,83,83,83,83,85,85,85,85,85,87,89,89,89,91,93,93,93,95,95,95],"card_choices":[{"not_picked":["Coolheaded","Rebound"],"picked":"Sweeping Beam","floor":1},{"not_picked":["Go for the Eyes","Rip and Tear"],"picked":"FTL","floor":4},{"not_picked":["Steam","Consume"],"picked":"Beam Cell","floor":5},{"not_picked":["Redo","Steam"],"picked":"Coolheaded","floor":7},{"not_picked":["Rebound","Coolheaded"],"picked":"Cold Snap","floor":10},{"not_picked":["Steam Power","Turbo"],"picked":"Darkness","floor":13},{"not_picked":["Sweeping Beam","Storm"],"picked":"Hologram","floor":14},{"not_picked":["Hyperbeam","Seek"],"picked":"Biased Cognition","floor":16},{"not_picked":["Coolheaded","Doom and Gloom"],"picked":"Self Repair","floor":18},{"not_picked":["Scrape","Ball Lightning"],"picked":"Self Repair","floor":19},{"not_picked":["Sweeping Beam","Go for the Eyes","Barrage"],"picked":"Singing Bowl","floor":22},{"not_picked":["Doom and Gloom","Rebound"],"picked":"Machine Learning","floor":24},{"not_picked":["BootSequence","Conserve Battery"],"picked":"Heatsinks+1","floor":28},{"not_picked":["Compile Driver","Redo"],"picked":"Static Discharge","floor":31},{"not_picked":["Amplify","Thunder Strike"],"picked":"Electrodynamics","floor":33},{"not_picked":["Leap","Steam","Streamline+1"],"picked":"Singing Bowl","floor":35},{"not_picked":["Go for the Eyes+1","Turbo"],"picked":"Glacier+1","floor":36},{"not_picked":["Coolheaded","Rebound"],"picked":"Capacitor+1","floor":38},{"not_picked":["Cold Snap","Steam","Go for the Eyes+1"],"picked":"Singing Bowl","floor":40},{"not_picked":["Defragment","Streamline","Lockon"],"picked":"Singing Bowl","floor":41},{"not_picked":["Barrage","Capacitor"],"picked":"Turbo","floor":42},{"not_picked":["Rebound","Ball Lightning","Rip and Tear"],"picked":"Singing Bowl","floor":44},{"not_picked":["Hello World","Reinforced Body","Gash"],"picked":"Singing Bowl","floor":45},{"not_picked":["FTL","Hologram"],"picked":"Echo Form","floor":47},{"not_picked":["Hologram","Coolheaded","Cold Snap"],"picked":"Singing Bowl","floor":48}],"player_experience":1337195,"relics_obtained":[{"floor":7,"key":"Matryoshka"},{"floor":9,"key":"PreservedInsect"},{"floor":9,"key":"Torii"},{"floor":14,"key":"Singing Bowl"},{"floor":21,"key":"Nilry\u0027s Codex"},{"floor":24,"key":"Dead Branch"},{"floor":26,"key":"Whetstone"},{"floor":26,"key":"Vajra"},{"floor":28,"key":"Pear"},{"floor":40,"key":"MawBank"},{"floor":42,"key":"Anchor"},{"floor":45,"key":"Lantern"},{"floor":47,"key":"Potion Belt"}],"event_choices":[{"damage_healed":0,"gold_gain":0,"player_choice":"Grow","damage_taken":0,"max_hp_gain":0,"max_hp_loss":0,"event_name":"Living Wall","floor":2,"gold_loss":0,"cards_upgraded":["Sweeping Beam"]},{"cards_removed":["Strike_B"],"damage_healed":0,"gold_gain":0,"player_choice":"Card Removal","damage_taken":7,"max_hp_gain":0,"max_hp_loss":0,"event_name":"Golden Wing","floor":3,"gold_loss":0},{"damage_healed":0,"gold_gain":0,"player_choice":"Searched \u00272\u0027 times","damage_taken":0,"max_hp_gain":0,"max_hp_loss":0,"event_name":"Dead Adventurer","floor":7,"gold_loss":0},{"damage_healed":0,"gold_gain":50,"player_choice":"Pray","damage_taken":0,"max_hp_gain":0,"max_hp_loss":0,"event_name":"Golden Shrine","floor":11,"gold_loss":0},{"damage_healed":0,"gold_gain":0,"player_choice":"Ignored","damage_taken":0,"max_hp_gain":0,"max_hp_loss":0,"event_name":"Ghosts","floor":20,"gold_loss":0},{"damage_healed":0,"gold_gain":0,"player_choice":"Obtained Book","damage_taken":21,"max_hp_gain":0,"max_hp_loss":0,"event_name":"Cursed Tome","floor":21,"gold_loss":0},{"damage_healed":0,"gold_gain":0,"player_choice":"Simplicity","damage_taken":0,"max_hp_gain":0,"max_hp_loss":0,"event_name":"Back to Basics","floor":25,"gold_loss":0,"cards_upgraded":["Strike_B","Strike_B","Strike_B","Defend_B","Defend_B","Defend_B","Defend_B"]},{"damage_healed":0,"gold_gain":50,"player_choice":"Stole From Cult","damage_taken":0,"max_hp_gain":0,"max_hp_loss":0,"event_name":"Nest","floor":30,"gold_loss":0},{"damage_healed":0,"gold_gain":0,"player_choice":"Trade","damage_taken":0,"relics_obtained":["SsserpentHead"],"max_hp_gain":0,"max_hp_loss":0,"event_name":"FaceTrader","floor":39,"gold_loss":0}],"is_beta":false,"boss_relics":[{"not_picked":["Busted Crown","Orrery"],"picked":"Ectoplasm"},{"not_picked":["Empty Cage","Cursed Key"],"picked":"Runic Pyramid"}],"items_purged_floors":[37,46],"is_endless":false,"potions_floor_spawned":[1,10,13,16,19,24,31,33,35,41,42,44,45,48],"killed_by":"Awakened One","ascension_level":20}