{"gold_per_floor":[119,119,138,138,138,138,157,157,157,171,171,183,203,77,77,77],"floor_reached":16,"playtime":607,"items_purged":["Strike_B"],"score":110,"play_id":"c931badc-c7b5-4fed-913c-6f79fa286c87","local_time":"20180822004407","is_ascension_mode":true,"campfire_choices":[{"data":"Zap","floor":6,"key":"SMITH"},{"data":"Recycle","floor":8,"key":"SMITH"},{"data":"Chill","floor":11,"key":"SMITH"},{"data":"Defend_B","floor":15,"key":"SMITH"}],"neow_cost":"NONE","seed_source_timestamp":509165668014077,"circlet_count":0,"master_deck":["Strike_B","Defend_B","Defend_B","Defend_B","Defend_B+1","Zap+1","Dualcast","Core Surge","Chill+1","Recycle+1","Ball Lightning"],"relics":["Cracked Core","Art of War"],"potions_floor_usage":[],"damage_taken":[{"damage":0,"enemies":"2 Louse","floor":1,"turns":2},{"damage":2,"enemies":"Jaw Worm","floor":3,"turns":3},{"damage":0,"enemies":"Cultist","floor":7,"turns":4},{"damage":13,"enemies":"Exordium Thugs","floor":10,"turns":6},{"damage":0,"enemies":"Gremlin Gang","floor":12,"turns":5},{"damage":2,"enemies":"Blue Slaver","floor":13,"turns":3},{"damage":56,"enemies":"Slime Boss","floor":16,"turns":6}],"seed_played":"3472887501542469340","potions_obtained":[{"floor":3,"key":"Energy Potion"},{"floor":13,"key":"Regen Potion"}],"is_trial":false,"path_per_floor":["M","?","M","?","?","R","M","R","T","M","R","M","M","$","R"],"character_chosen":"DEFECT","items_purchased":["Ball Lightning"],"campfire_rested":0,"item_purchase_floors":[14],"current_hp_per_floor":[75,68,66,66,66,66,66,66,66,53,53,53,51,51,51,0],"gold":77,"neow_bonus":"ONE_RANDOM_RARE_CARD","is_prod":false,"is_daily":false,"chose_seed":false,"campfire_upgraded":4,"win_rate":0,"timestamp":1534913047,"path_taken":["M","?","M","?","?","R","M","R","T","M","R","?","?","$","R","BOSS"],"build_version":"2018-08-16","purchased_purges":1,"victory":false,"max_hp_per_floor":[75,75,75,75,75,75,75,75,75,75,75,75,75,75,75,75],"card_choices":[{"not_picked":["Ball Lightning","Redo"],"picked":"Chill","floor":1},{"not_picked":["Coolheaded","Redo"],"picked":"Recycle","floor":3},{"not_picked":["Steam Power","Gash","Redo"],"picked":"SKIP","floor":7},{"not_picked":["Darkness","Steam Power","Streamline"],"picked":"SKIP","floor":10},{"not_picked":["Redo","Steam","Coolheaded"],"picked":"SKIP","floor":12},{"not_picked":["Hologram","Redo","Sweeping Beam"],"picked":"SKIP","floor":13}],"player_experience":130216,"relics_obtained":[{"floor":9,"key":"Art of War"}],"event_choices":[{"event_name":"Golden Wing","player_choice":"Card Removal","floor":2,"damage_taken":0},{"event_name":"Liars Game","player_choice":"disagreed","floor":4,"damage_taken":0},{"event_name":"Purifier","player_choice":"One Purge","floor":5,"damage_taken":0}],"is_beta":false,"boss_relics":[],"items_purged_floors":[14],"is_endless":false,"potions_floor_spawned":[3,13],"killed_by":"Slime Boss","ascension_level":4}