{"gold_per_floor":[117,137,137,150,150,181,194,229,252,232,232,22,34,50,50,50],"floor_reached":16,"playtime":747,"items_purged":[],"score":125,"play_id":"76c65d43-83ef-4e21-8e62-b6a6183fa7ea","local_time":"20190629022409","is_ascension_mode":true,"campfire_choices":[{"data":"Zap","floor":15,"key":"SMITH"}],"neow_cost":"NONE","seed_source_timestamp":0,"circlet_count":0,"master_deck":["Strike_B","Strike_B","Strike_B","Strike_B","Defend_B+1","Defend_B","Defend_B+1","Defend_B","Zap+1","Dualcast+1","Cold Snap","Biased Cognition","Stack","Self Repair","Multi-Cast","Cold Snap","Coolheaded","Doom and Gloom"],"special_seed":0,"relics":["Cracked Core","NeowsBlessing","Incense Burner","War Paint","Anchor"],"potions_floor_usage":[14,14,16,16],"damage_taken":[{"damage":0.0,"enemies":"Small Slimes","floor":1.0,"turns":1.0},{"damage":0.0,"enemies":"Cultist","floor":2.0,"turns":1.0},{"damage":0.0,"enemies":"Jaw Worm","floor":4.0,"turns":1.0},{"damage":7.0,"enemies":"3 Sentries","floor":6.0,"turns":10.0},{"damage":5.0,"enemies":"2 Fungi Beasts","floor":7.0,"turns":4.0},{"damage":5.0,"enemies":"Gremlin Nob","floor":8.0,"turns":5.0},{"damage":29.0,"enemies":"Exordium Thugs","floor":10.0,"turns":4.0},{"damage":0,"enemies":"Large Slime","floor":13,"turns":6},{"damage":0,"enemies":"Blue Slaver","floor":14,"turns":2},{"damage":56,"enemies":"The Guardian","floor":16,"turns":10}],"seed_played":"1687077967028144840","potions_obtained":[{"floor":4.0,"key":"Fire Potion"},{"floor":6.0,"key":"GamblersBrew"},{"floor":7.0,"key":"Block Potion"},{"floor":11.0,"key":"Weak Potion"},{"floor":11.0,"key":"SkillPotion"},{"floor":11.0,"key":"EssenceOfSteel"},{"floor":14,"key":"AttackPotion"}],"is_trial":false,"path_per_floor":["M","M","?","M","?","E","M","E","T","M","?","$","M","M","R","B"],"character_chosen":"DEFECT","items_purchased":["Anchor","Cold Snap"],"campfire_rested":0,"item_purchase_floors":[12,12],"current_hp_per_floor":[75,75,75,75,80,73,68,63,63,41,41,41,48,55,55,0],"gold":50,"neow_bonus":"THREE_ENEMY_KILL","is_prod":false,"is_daily":false,"chose_seed":false,"campfire_upgraded":1,"win_rate":0,"timestamp":1561789449,"path_taken":["M","M","?","M","?","E","M","E","T","M","?","$","M","M","R","BOSS"],"build_version":"2019-01-23","purchased_purges":0,"victory":false,"max_hp_per_floor":[75,75,75,75,80,80,80,80,80,80,80,80,80,80,80,80],"card_choices":[{"not_picked":["Redo","BootSequence"],"picked":"Cold Snap","floor":1.0},{"not_picked":["Sweeping Beam","Ball Lightning"],"picked":"Biased Cognition","floor":2.0},{"not_picked":["Rebound","Streamline","Leap"],"picked":"SKIP","floor":4.0},{"not_picked":["Beam Cell","Blizzard"],"picked":"Stack","floor":6.0},{"not_picked":["Chill","Conserve Battery"],"picked":"Self Repair","floor":7.0},{"not_picked":["Fusion","Tempest"],"picked":"Multi-Cast","floor":8.0},{"not_picked":["Hologram","Steam Power","Leap"],"picked":"SKIP","floor":10.0},{"not_picked":["Rip and Tear","Blizzard"],"picked":"Coolheaded","floor":13},{"not_picked":["Steam","Redo"],"picked":"Doom and Gloom","floor":14}],"player_experience":140637,"relics_obtained":[{"floor":6.0,"key":"Incense Burner"},{"floor":8.0,"key":"War Paint"}],"event_choices":[{"damage_healed":0.0,"max_hp_gain":0.0,"max_hp_loss":0.0,"gold_gain":0.0,"event_name":"Living Wall","player_choice":"Grow","floor":3.0,"gold_loss":0.0,"damage_taken":0.0,"cards_upgraded":["Dualcast"]},{"damage_healed":0.0,"max_hp_gain":5.0,"max_hp_loss":0.0,"gold_gain":0.0,"event_name":"Big Fish","player_choice":"Donut","floor":5.0,"gold_loss":0.0,"damage_taken":0.0},{"damage_healed":0.0,"max_hp_gain":0.0,"max_hp_loss":0.0,"gold_gain":0.0,"event_name":"Lab","player_choice":"Got Potions","floor":11.0,"gold_loss":0.0,"damage_taken":0.0}],"is_beta":false,"boss_relics":[],"items_purged_floors":[],"is_endless":false,"potions_floor_spawned":[4,6,7,14],"killed_by":"The Guardian","ascension_level":2}