{"gold_per_floor":[111,123,48,60,60,95,95,107,107,156,156,171,171,171,171,271,271,284,296,311,142,156,156,170,198,198,198,227,227,240,268,268,368,368,380,255,271,281,281,316,316,347,370,370,389,416,431,51,51,51],"floor_reached":50,"playtime":4571,"items_purged":["Strike_G","Choke","Quick Slash","All Out Attack"],"score":658,"play_id":"6c62377b-9d6d-4826-906b-98a11fc54e9e","local_time":"20190712074036","is_ascension_mode":true,"campfire_choices":[{"floor":11.0,"key":"REST"},{"data":"Noxious Fumes","floor":13.0,"key":"SMITH"},{"data":"Footwork","floor":15.0,"key":"SMITH"},{"data":"After Image","floor":23.0,"key":"SMITH"},{"floor":27.0,"key":"REST"},{"floor":32.0,"key":"REST"},{"floor":44.0,"key":"REST"},{"floor":49,"key":"RECALL"}],"neow_cost":"NONE","seed_source_timestamp":66963583364221,"circlet_count":0,"master_deck":["Survivor","Neutralize","Backflip","Backflip+1","Noxious Fumes+1","Footwork+1","Adrenaline","After Image+1","Backflip","Quick Slash","Poisoned Stab","A Thousand Cuts","Cloak And Dagger+1","Setup+1","Acrobatics+1","Caltrops","Acrobatics","Concentrate","Escape Plan","Deadly Poison","Adrenaline","Footwork"],"special_seed":0,"relics":["Ring of the Snake","NeowsBlessing","Sundial","Omamori","Blood Vial","NlothsMask","Pandora\u0027s Box","Ornamental Fan","Red Mask","Art of War","HoveringKite","Bronze Scales","War Paint","Strawberry","Dream Catcher","Nunchaku","Toolbox"],"potions_floor_usage":[46,46,46,46,46,46],"damage_taken":[{"damage":0.0,"enemies":"2 Louse","floor":1.0,"turns":1.0},{"damage":0.0,"enemies":"Small Slimes","floor":2.0,"turns":1.0},{"damage":0.0,"enemies":"Cultist","floor":4.0,"turns":1.0},{"damage":35.0,"enemies":"Gremlin Nob","floor":6.0,"turns":5.0},{"damage":24.0,"enemies":"Exordium Thugs","floor":8.0,"turns":5.0},{"damage":0.0,"enemies":"3 Louse","floor":12.0,"turns":5.0},{"damage":20.0,"enemies":"Hexaghost","floor":16.0,"turns":12.0},{"damage":28.0,"enemies":"2 Thieves","floor":18.0,"turns":5.0},{"damage":0.0,"enemies":"3 Byrds","floor":19.0,"turns":4.0},{"damage":0.0,"enemies":"Centurion and Healer","floor":20.0,"turns":8.0},{"damage":11.0,"enemies":"Shelled Parasite and Fungi","floor":22.0,"turns":7.0},{"damage":0.0,"enemies":"Snecko","floor":24.0,"turns":5.0},{"damage":25.0,"enemies":"Book of Stabbing","floor":25.0,"turns":7.0},{"damage":32.0,"enemies":"Masked Bandits","floor":28.0,"turns":5.0},{"damage":7.0,"enemies":"Snake Plant","floor":30.0,"turns":5.0},{"damage":1.0,"enemies":"Gremlin Leader","floor":31.0,"turns":6.0},{"damage":1.0,"enemies":"Champ","floor":33.0,"turns":15.0},{"damage":0.0,"enemies":"Orb Walker","floor":35.0,"turns":5.0},{"damage":0.0,"enemies":"3 Shapes","floor":37.0,"turns":5.0},{"damage":0.0,"enemies":"Maw","floor":38.0,"turns":9.0},{"damage":4.0,"enemies":"Giant Head","floor":40.0,"turns":10.0},{"damage":50.0,"enemies":"Reptomancer","floor":42.0,"turns":7.0},{"damage":4.0,"enemies":"Sphere and 2 Shapes","floor":45.0,"turns":4.0},{"damage":26,"enemies":"Nemesis","floor":46,"turns":9},{"damage":0,"enemies":"Jaw Worm Horde","floor":47,"turns":3},{"damage":54,"enemies":"Awakened One","floor":50,"turns":14}],"seed_played":"1366344921573328618","potions_obtained":[{"floor":1.0,"key":"Fire Potion"},{"floor":4.0,"key":"SneckoOil"},{"floor":6.0,"key":"Block Potion"},{"floor":12.0,"key":"LiquidBronze"},{"floor":18.0,"key":"FearPotion"},{"floor":20.0,"key":"GhostInAJar"},{"floor":24.0,"key":"Dexterity Potion"},{"floor":33.0,"key":"SteroidPotion"},{"floor":40.0,"key":"EntropicBrew"}],"is_trial":false,"path_per_floor":["M","M","$","M","?","E","?","M","T","T","R","M","R","?","R","B",null,"M","M","M","$","M","R","M","E","T","R","?","?","M","E","R","B",null,"M","$","M","M","?","E","T","E","T","R","M","E","M","$","R","B"],"character_chosen":"THE_SILENT","items_purchased":["Caltrops","Footwork","Toolbox"],"campfire_rested":4,"item_purchase_floors":[21,48,48],"current_hp_per_floor":[70,70,70,70,75,40,40,16,16,16,38,40,40,40,40,22,75,47,49,51,51,42,42,44,21,21,43,13,13,8,9,31,32,75,75,75,75,75,75,71,71,30,30,54,52,43,45,45,45,0],"gold":51,"neow_bonus":"THREE_ENEMY_KILL","is_prod":false,"is_daily":false,"chose_seed":false,"campfire_upgraded":3,"win_rate":0,"timestamp":1562931636,"path_taken":["M","M","$","M","?","E","?","?","T","?","R","M","R","?","R","BOSS","M","M","?","$","M","R","M","E","T","R","?","?","?","E","R","BOSS","M","$","M","M","?","E","?","E","T","R","M","E","M","$","R","BOSS"],"build_version":"2019-07-05","purchased_purges":4,"victory":false,"max_hp_per_floor":[70,70,70,70,75,75,75,75,75,75,75,75,75,75,75,75,75,75,75,75,75,75,75,75,75,75,75,75,75,75,75,75,75,75,75,75,75,75,75,75,75,82,82,82,82,82,82,82,82,82],"card_choices":[{"not_picked":["Bouncing Flask","Dagger Spray"],"picked":"Backflip","floor":1.0},{"not_picked":["Masterful Stab","Flying Knee","Flechettes"],"picked":"SKIP","floor":2.0},{"not_picked":["Dodge and Roll","Dagger Spray"],"picked":"Backflip","floor":4.0},{"not_picked":["Poisoned Stab","Blade Dance"],"picked":"Noxious Fumes","floor":6.0},{"not_picked":["All Out Attack","Backflip"],"picked":"Footwork","floor":8.0},{"not_picked":["Tactician","Bouncing Flask"],"picked":"Adrenaline","floor":12.0},{"not_picked":["Envenom","Storm of Steel"],"picked":"After Image","floor":16.0},{"not_picked":["Terror","Dodge and Roll"],"picked":"Acrobatics+1","floor":18.0},{"not_picked":["Backflip","Blade Dance","Outmaneuver+1"],"picked":"SKIP","floor":19.0},{"not_picked":["Dagger Throw","Tools of the Trade","Bane+1"],"picked":"SKIP","floor":20.0},{"not_picked":["Deadly Poison","Dagger Spray"],"picked":"Acrobatics","floor":22.0},{"not_picked":["Blade Dance+1","Underhanded Strike","Slice+1"],"picked":"SKIP","floor":24.0},{"not_picked":["Dagger Throw","Backstab","Doppelganger"],"picked":"SKIP","floor":25.0},{"not_picked":["Flechettes+1","Slice"],"picked":"Concentrate","floor":30.0},{"not_picked":["Quick Slash","Backflip"],"picked":"Escape Plan","floor":31.0},{"not_picked":["PiercingWail+1","Acrobatics+1"],"picked":"Deadly Poison","floor":35.0},{"not_picked":["Masterful Stab+1","Cloak And Dagger+1","Poisoned Stab+1"],"picked":"SKIP","floor":37.0},{"not_picked":["Cloak And Dagger","A Thousand Cuts","Sucker Punch"],"picked":"SKIP","floor":38.0},{"not_picked":["Masterful Stab","Bane","PiercingWail+1"],"picked":"SKIP","floor":40.0},{"not_picked":["Leg Sweep+1","Reflex+1","Skewer"],"picked":"SKIP","floor":42.0},{"not_picked":["Outmaneuver+1","Caltrops+1","Bouncing Flask"],"picked":"SKIP","floor":45.0},{"not_picked":["Finisher","Grand Finale"],"picked":"Adrenaline","floor":46},{"not_picked":["Dagger Spray","Acrobatics+1","Finisher+1"],"picked":"SKIP","floor":47}],"player_experience":118160,"relics_obtained":[{"floor":6.0,"key":"Sundial"},{"floor":7.0,"key":"Omamori"},{"floor":10.0,"key":"Blood Vial"},{"floor":25.0,"key":"Ornamental Fan"},{"floor":28.0,"key":"Red Mask"},{"floor":31.0,"key":"Art of War"},{"floor":40.0,"key":"Bronze Scales"},{"floor":41.0,"key":"War Paint"},{"floor":42.0,"key":"Strawberry"},{"floor":43.0,"key":"Dream Catcher"},{"floor":46,"key":"Nunchaku"}],"event_choices":[{"damage_healed":0.0,"max_hp_gain":5.0,"max_hp_loss":0.0,"gold_gain":0.0,"event_name":"Big Fish","player_choice":"Donut","floor":5.0,"gold_loss":0.0,"damage_taken":0.0},{"damage_healed":0.0,"max_hp_gain":0.0,"max_hp_loss":0.0,"gold_gain":0.0,"event_name":"Wheel of Change","player_choice":"Relic","floor":7.0,"gold_loss":0.0,"damage_taken":0.0},{"damage_healed":0.0,"max_hp_gain":0.0,"max_hp_loss":0.0,"gold_gain":0.0,"event_name":"FaceTrader","player_choice":"Trade","floor":14.0,"gold_loss":0.0,"damage_taken":0.0,"relics_obtained":["NlothsMask"]},{"damage_healed":0.0,"max_hp_gain":0.0,"max_hp_loss":0.0,"gold_gain":0.0,"event_name":"Masked Bandits","player_choice":"Fought Bandits","floor":28.0,"gold_loss":0.0,"damage_taken":0.0},{"damage_healed":0.0,"max_hp_gain":0.0,"max_hp_loss":0.0,"gold_gain":0.0,"event_name":"Upgrade Shrine","player_choice":"Upgraded","floor":29.0,"gold_loss":0.0,"damage_taken":0.0,"cards_upgraded":["Setup"]},{"damage_healed":0.0,"max_hp_gain":0.0,"max_hp_loss":0.0,"gold_gain":0.0,"event_name":"Mysterious Sphere","player_choice":"Ignored","floor":39.0,"gold_loss":0.0,"damage_taken":0.0}],"is_beta":false,"boss_relics":[{"not_picked":["Fusion Hammer","Philosopher\u0027s Stone"],"picked":"Pandora\u0027s Box"},{"not_picked":["Runic Pyramid","Lizard Tail"],"picked":"HoveringKite"}],"items_purged_floors":[3,21,36,48],"is_endless":false,"potions_floor_spawned":[1,4,6,12,18,20,24,25,33,35,40,42],"killed_by":"Awakened One","ascension_level":3}