{"gold_per_floor":[116,116,39,53,53,53,88,121,121,121,164,179,213,178,178,178],"floor_reached":16,"playtime":555,"items_purged":[],"score":302,"play_id":"2d1d643e-3296-437e-a307-83fa2f6c7cfe","local_time":"20190509192649","is_ascension_mode":true,"campfire_choices":[{"data":"Bash","floor":6,"key":"SMITH"},{"data":"Whirlwind","floor":10,"key":"SMITH"},{"data":"Flame Barrier","floor":15,"key":"SMITH"}],"neow_cost":"NONE","seed_source_timestamp":497761155255063,"circlet_count":0,"master_deck":["AscendersBane","Strike_R","Strike_R","Strike_R","Strike_R","Defend_R","Defend_R","Defend_R","Defend_R","Bash+1","Flame Barrier+1","Body Slam","Sword Boomerang","Rampage","Whirlwind+1","Warcry+1","Headbutt"],"relics":["Burning Blood","NeowsBlessing","Golden Idol","WingedGreaves","Boot","Ornamental Fan","Toxic Egg 2","Mummified Hand"],"potions_floor_usage":[8,12,13],"damage_taken":[{"damage":0,"enemies":"Jaw Worm","floor":1,"turns":1},{"damage":0,"enemies":"Cultist","floor":4,"turns":1},{"damage":0,"enemies":"Gremlin Nob","floor":7,"turns":1},{"damage":23,"enemies":"3 Sentries","floor":8,"turns":8},{"damage":32,"enemies":"Gremlin Nob","floor":11,"turns":4},{"damage":3,"enemies":"Small Slimes","floor":12,"turns":2},{"damage":10,"enemies":"3 Sentries","floor":13,"turns":2},{"damage":40,"enemies":"The Guardian","floor":16,"turns":11}],"seed_played":"-6242195011263489616","potions_obtained":[{"floor":4,"key":"Explosive Potion"},{"floor":8,"key":"SteroidPotion"},{"floor":11,"key":"AttackPotion"}],"is_trial":false,"path_per_floor":["M","?","$","M","?","R","E","E","T","R","E","M","E","?","R","B"],"character_chosen":"IRONCLAD","items_purchased":["Body Slam","Sword Boomerang"],"campfire_rested":0,"item_purchase_floors":[3,3],"current_hp_per_floor":[74,74,74,75,49,49,55,38,38,38,12,15,11,29,29,0],"gold":178,"neow_bonus":"THREE_ENEMY_KILL","is_prod":false,"is_daily":false,"chose_seed":false,"campfire_upgraded":3,"win_rate":0,"timestamp":1557444409,"path_taken":["M","?","$","?","?","R","E","E","T","R","E","M","E","?","R","BOSS"],"build_version":"2019-01-23","purchased_purges":0,"victory":false,"max_hp_per_floor":[75,75,75,75,75,75,75,75,75,75,75,75,75,75,75,75],"card_choices":[{"not_picked":["Flex","Evolve"],"picked":"Flame Barrier","floor":1},{"not_picked":["Evolve","Ghostly Armor"],"picked":"Rampage","floor":4},{"not_picked":["Thunderclap","Sword Boomerang"],"picked":"Whirlwind","floor":7},{"not_picked":["Sword Boomerang","Rampage","Bludgeon"],"picked":"SKIP","floor":8},{"not_picked":["Whirlwind","Carnage"],"picked":"Warcry","floor":11},{"not_picked":["Carnage","Blood for Blood"],"picked":"Headbutt","floor":12},{"not_picked":["Cleave","Anger","Perfected Strike"],"picked":"SKIP","floor":13}],"player_experience":1257620,"relics_obtained":[{"floor":7,"key":"WingedGreaves"},{"floor":8,"key":"Boot"},{"floor":9,"key":"Ornamental Fan"},{"floor":11,"key":"Toxic Egg 2"},{"floor":13,"key":"Mummified Hand"}],"event_choices":[{"cards_removed":["Strike_R"],"damage_healed":0,"gold_gain":0,"player_choice":"Offered Basic","damage_taken":0,"max_hp_gain":0,"max_hp_loss":0,"event_name":"Bonfire Elementals","floor":2,"gold_loss":0},{"damage_healed":0,"gold_gain":0,"player_choice":"Take Damage","damage_taken":26,"relics_obtained":["Golden Idol"],"max_hp_gain":0,"max_hp_loss":0,"event_name":"Golden Idol","floor":5,"gold_loss":0},{"damage_healed":18,"gold_gain":0,"player_choice":"Healed","damage_taken":0,"max_hp_gain":0,"max_hp_loss":0,"event_name":"The Cleric","floor":14,"gold_loss":35}],"is_beta":false,"boss_relics":[],"items_purged_floors":[],"is_endless":false,"potions_floor_spawned":[4,8,11],"killed_by":"The Guardian","ascension_level":20}