{"gold_per_floor":[115,190,210,210,234,234,267,267,297,331,185,185,200,20,20,151,151,142,0,19,19,19],"floor_reached":22,"playtime":847,"items_purged":["Strike_R"],"score":211,"play_id":"c391333e-9208-4cbe-a3b7-401d8dcc24db","local_time":"20190716181438","is_ascension_mode":true,"campfire_choices":[{"data":"Armaments","floor":6.0,"key":"SMITH"},{"floor":8.0,"key":"REST"},{"floor":12.0,"key":"RECALL"},{"floor":15,"key":"REST"}],"neow_cost":"NONE","seed_source_timestamp":200000050809850,"circlet_count":0,"master_deck":["Strike_R","Strike_R","Defend_R","Defend_R","Defend_R","Defend_R","Bash","Armaments+1","Pommel Strike","Cleave","Heavy Blade","Spot Weakness","Apotheosis","Impervious","Heavy Blade"],"special_seed":0,"relics":["Burning Blood","Golden Idol","Matryoshka","Tiny Chest","Calipers","Empty Cage"],"potions_floor_usage":[16,16,16,16,16,22],"damage_taken":[{"damage":0.0,"enemies":"Cultist","floor":1.0,"turns":4.0},{"damage":7.0,"enemies":"Jaw Worm","floor":3.0,"turns":5.0},{"damage":10.0,"enemies":"Small Slimes","floor":5.0,"turns":4.0},{"damage":36.0,"enemies":"3 Sentries","floor":7.0,"turns":7.0},{"damage":35.0,"enemies":"Lagavulin","floor":10.0,"turns":8.0},{"damage":0.0,"enemies":"2 Fungi Beasts","floor":13.0,"turns":2.0},{"damage":53,"enemies":"The Guardian","floor":16,"turns":13},{"damage":36,"enemies":"2 Thieves","floor":18,"turns":4},{"damage":26,"enemies":"Shell Parasite","floor":20,"turns":5},{"damage":27,"enemies":"Snecko","floor":22,"turns":5}],"seed_played":"-8349078265738127647","potions_obtained":[{"floor":5.0,"key":"Poison Potion"},{"floor":7.0,"key":"EntropicBrew"},{"floor":10.0,"key":"GamblersBrew"},{"floor":16,"key":"GamblersBrew"}],"is_trial":false,"path_per_floor":["M","?","M","?","M","R","E","R","T","E","$","R","M","$","R","B",null,"M","?","M","$","M"],"character_chosen":"IRONCLAD","items_purchased":["Spot Weakness","Apotheosis"],"campfire_rested":2,"item_purchase_floors":[11,14],"current_hp_per_floor":[80,69,68,68,64,64,34,56,56,27,27,27,33,33,55,8,74,44,44,24,24,0],"gold":19,"neow_bonus":"THREE_CARDS","is_prod":false,"is_daily":false,"chose_seed":false,"campfire_upgraded":1,"win_rate":0,"timestamp":1563315278,"path_taken":["M","?","M","?","M","R","E","R","T","E","$","R","M","$","R","BOSS","M","?","M","?","M"],"build_version":"2019-07-05","purchased_purges":1,"victory":false,"max_hp_per_floor":[80,80,80,74,74,74,74,74,74,74,74,74,74,74,74,74,74,74,74,74,74,74],"card_choices":[{"not_picked":["Havoc","Flame Barrier"],"picked":"Armaments","floor":0.0},{"not_picked":["Rage","Hemokinesis"],"picked":"Pommel Strike","floor":1.0},{"not_picked":["Flame Barrier","Bloodletting"],"picked":"Cleave","floor":3.0},{"not_picked":["Carnage","Clash","Anger"],"picked":"SKIP","floor":5.0},{"not_picked":["Wild Strike","Rupture","Armaments"],"picked":"SKIP","floor":7.0},{"not_picked":["Bloodletting","Searing Blow"],"picked":"Heavy Blade","floor":10.0},{"not_picked":["Shrug It Off","Clash","Thunderclap"],"picked":"SKIP","floor":13.0},{"not_picked":["Brutality","Demon Form"],"picked":"Impervious","floor":16},{"not_picked":["Anger","Hemokinesis+1"],"picked":"Heavy Blade","floor":18},{"not_picked":["Sentinel","Dropkick","Armaments"],"picked":"SKIP","floor":20}],"player_experience":139973,"relics_obtained":[{"floor":7.0,"key":"Matryoshka"},{"floor":9.0,"key":"Tiny Chest"},{"floor":10.0,"key":"Calipers"}],"event_choices":[{"damage_healed":0.0,"max_hp_gain":0.0,"max_hp_loss":0.0,"gold_gain":75.0,"event_name":"World of Goop","player_choice":"Gather Gold","floor":2.0,"gold_loss":0.0,"damage_taken":11.0},{"damage_healed":0.0,"max_hp_gain":0.0,"max_hp_loss":6.0,"gold_gain":0.0,"event_name":"Golden Idol","player_choice":"Lose Max HP","floor":4.0,"gold_loss":0.0,"damage_taken":0.0,"relics_obtained":["Golden Idol"]},{"damage_healed":0,"gold_gain":0,"player_choice":"Paid Fearfully","damage_taken":0,"max_hp_gain":0,"max_hp_loss":0,"event_name":"Masked Bandits","floor":19,"gold_loss":142}],"is_beta":false,"boss_relics":[{"not_picked":["Snecko Eye","Mark of Pain"],"picked":"Empty Cage"}],"items_purged_floors":[11],"is_endless":false,"potions_floor_spawned":[5,7,10,16],"killed_by":"Snecko","ascension_level":2}