{"gold_per_floor":[15,27,39,39,57,57,96,96,96,22,46,46,46,82,82,82],"floor_reached":16,"playtime":1089,"items_purged":[],"score":121,"play_id":"5e4710c8-7f19-4240-b0de-13ebd174c9d4","local_time":"20190720182803","is_ascension_mode":true,"campfire_choices":[{"floor":6,"key":"REST"},{"floor":13,"key":"REST"},{"floor":15,"key":"REST"}],"neow_cost":"NO_GOLD","seed_source_timestamp":804067620288400,"circlet_count":0,"master_deck":["Strike_R+1","Strike_R","Strike_R","Strike_R","Strike_R","Defend_R","Defend_R","Defend_R","Defend_R","Bash","Impervious+1","Sentinel","Battle Trance","Thunderclap","Flame Barrier+1","Intimidate","Sever Soul","Body Slam"],"relics":["Burning Blood","Golden Idol","PreservedInsect","Kunai","Pantograph"],"potions_floor_usage":[7,11,14],"damage_taken":[{"damage":20,"enemies":"Cultist","floor":1,"turns":5},{"damage":3,"enemies":"Jaw Worm","floor":2,"turns":6},{"damage":5,"enemies":"Small Slimes","floor":3,"turns":4},{"damage":17,"enemies":"3 Louse","floor":5,"turns":5},{"damage":52,"enemies":"Lagavulin","floor":7,"turns":10},{"damage":4,"enemies":"Exordium Wildlife","floor":11,"turns":5},{"damage":8,"enemies":"3 Sentries","floor":14,"turns":9},{"damage":102,"enemies":"The Guardian","floor":16,"turns":12}],"seed_played":"-1137241763664218811","potions_obtained":[{"floor":1,"key":"GamblersBrew"},{"floor":2,"key":"Ancient Potion"},{"floor":5,"key":"FearPotion"}],"is_trial":false,"path_per_floor":["M","M","M","?","M","R","E","?","T","$","M","?","R","E","R","B"],"character_chosen":"IRONCLAD","items_purchased":["Sever Soul"],"campfire_rested":3,"item_purchase_floors":[10],"current_hp_per_floor":[66,69,70,50,39,63,17,17,17,17,19,3,27,25,49,0],"gold":82,"neow_bonus":"THREE_RARE_CARDS","is_prod":false,"is_daily":false,"chose_seed":false,"campfire_upgraded":0,"win_rate":0,"timestamp":1563661683,"path_taken":["M","M","M","?","M","R","E","?","T","$","M","?","R","E","R","BOSS"],"build_version":"2019-07-17","purchased_purges":0,"victory":false,"max_hp_per_floor":[80,80,80,80,80,80,80,80,80,80,80,80,80,80,80,80],"card_choices":[{"not_picked":["Double Tap","Berserk"],"picked":"Impervious","floor":0},{"not_picked":["Combust","Wild Strike"],"picked":"Sentinel","floor":1},{"not_picked":["Headbutt","Pommel Strike"],"picked":"Battle Trance","floor":2},{"not_picked":["Twin Strike","Pommel Strike"],"picked":"Thunderclap","floor":3},{"not_picked":["Havoc","Warcry"],"picked":"Flame Barrier","floor":5},{"not_picked":["Shrug It Off","Impervious"],"picked":"Intimidate","floor":7},{"not_picked":["Pommel Strike","Hemokinesis","Power Through"],"picked":"SKIP","floor":11},{"not_picked":["Flex","Pummel"],"picked":"Body Slam","floor":14}],"player_experience":264279,"relics_obtained":[{"floor":7,"key":"PreservedInsect"},{"floor":9,"key":"Kunai"},{"floor":14,"key":"Pantograph"}],"event_choices":[{"damage_healed":0,"gold_gain":0,"player_choice":"Take Damage","damage_taken":20,"relics_obtained":["Golden Idol"],"max_hp_gain":0,"max_hp_loss":0,"event_name":"Golden Idol","floor":4,"gold_loss":0},{"damage_healed":0,"gold_gain":0,"player_choice":"Grow","damage_taken":0,"max_hp_gain":0,"max_hp_loss":0,"event_name":"Living Wall","floor":8,"gold_loss":0,"cards_upgraded":["Flame Barrier"]},{"damage_healed":0,"gold_gain":0,"player_choice":"Entered Light","damage_taken":16,"max_hp_gain":0,"max_hp_loss":0,"event_name":"Shining Light","floor":12,"gold_loss":0,"cards_upgraded":["Impervious","Strike_R"]}],"is_beta":false,"boss_relics":[],"items_purged_floors":[],"is_endless":false,"potions_floor_spawned":[1,2,5],"killed_by":"The Guardian","ascension_level":2}