{"gold_per_floor":[112,126,51,51,51,51,79,79,79,79,97,107,135,148,148,223,223,233,38,38,54,54,54],"floor_reached":23,"playtime":953,"items_purged":["Strike_G","Strike_G"],"score":448,"play_id":"e669a690-7b59-46b6-9914-90e5fca3989d","local_time":"20190316232319","is_ascension_mode":true,"campfire_choices":[{"data":"Neutralize","floor":6,"key":"SMITH"},{"data":"Noxious Fumes","floor":8,"key":"SMITH"},{"floor":10,"key":"REST"},{"data":"All Out Attack","floor":15,"key":"SMITH"}],"neow_cost":"NONE","seed_source_timestamp":248206816914866,"circlet_count":0,"master_deck":["AscendersBane","Defend_G","Defend_G","Defend_G","Defend_G","Defend_G","Strike_G+1","Strike_G+1","Survivor","Neutralize+1","Infinite Blades","Noxious Fumes+1","Bouncing Flask","All Out Attack+1","Deadly Poison","Backflip","Night Terror","Bouncing Flask","PiercingWail","Caltrops"],"relics":["Ring of the Snake","NeowsBlessing","Dodecahedron","Darkstone Periapt","Regal Pillow","Whetstone","Snecko Eye","Blood Vial"],"potions_floor_usage":[16,16,16,23],"damage_taken":[{"damage":0,"enemies":"Small Slimes","floor":1,"turns":1},{"damage":0,"enemies":"2 Louse","floor":2,"turns":1},{"damage":0,"enemies":"Gremlin Nob","floor":7,"turns":1},{"damage":1,"enemies":"Cultist","floor":11,"turns":4},{"damage":1,"enemies":"Blue Slaver","floor":12,"turns":5},{"damage":19,"enemies":"3 Sentries","floor":13,"turns":6},{"damage":4,"enemies":"Red Slaver","floor":14,"turns":4},{"damage":31,"enemies":"Slime Boss","floor":16,"turns":8},{"damage":25,"enemies":"Chosen","floor":18,"turns":4},{"damage":0,"enemies":"3 Byrds","floor":21,"turns":3},{"damage":31,"enemies":"Shelled Parasite and Fungi","floor":23,"turns":4}],"seed_played":"488399855460137928","potions_obtained":[{"floor":7,"key":"EntropicBrew"},{"floor":12,"key":"Dexterity Potion"},{"floor":16,"key":"Energy Potion"},{"floor":21,"key":"Poison Potion"}],"is_trial":false,"path_per_floor":["M","M","$","?","?","R","E","R","T","R","M","M","E","M","R","B",null,"M","$","?","M","$","M"],"character_chosen":"THE_SILENT","items_purchased":["PiercingWail","Caltrops"],"campfire_rested":1,"item_purchase_floors":[19,19],"current_hp_per_floor":[59,59,59,41,41,41,41,41,41,66,65,64,45,41,41,10,52,27,27,27,29,29,0],"gold":54,"neow_bonus":"THREE_ENEMY_KILL","is_prod":false,"is_daily":false,"chose_seed":false,"campfire_upgraded":3,"win_rate":0,"timestamp":1552792999,"path_taken":["M","M","$","?","?","R","E","R","T","R","M","?","E","M","R","BOSS","M","$","?","M","$","M"],"build_version":"2019-01-23","purchased_purges":2,"victory":false,"max_hp_per_floor":[66,66,66,66,66,66,66,66,66,66,66,66,66,66,66,66,66,66,66,66,66,66,66],"card_choices":[{"not_picked":["Quick Slash","Deflect"],"picked":"Flying Knee","floor":1},{"not_picked":["Blade Dance","Eviscerate"],"picked":"Infinite Blades","floor":2},{"not_picked":["Prepared","PiercingWail"],"picked":"Noxious Fumes","floor":7},{"not_picked":["Tactician","Bane"],"picked":"Bouncing Flask","floor":11},{"not_picked":["Caltrops","Riddle With Holes"],"picked":"All Out Attack","floor":12},{"not_picked":["Eviscerate","Slice"],"picked":"Deadly Poison","floor":13},{"not_picked":["Caltrops","Bouncing Flask"],"picked":"Backflip","floor":14},{"not_picked":["Doppelganger","A Thousand Cuts"],"picked":"Night Terror","floor":16},{"not_picked":["Deflect","Bane+1"],"picked":"Bouncing Flask","floor":18},{"not_picked":["Prepared","Dagger Spray","Blade Dance"],"picked":"SKIP","floor":21}],"player_experience":920940,"relics_obtained":[{"floor":7,"key":"Darkstone Periapt"},{"floor":9,"key":"Regal Pillow"},{"floor":13,"key":"Whetstone"}],"event_choices":[{"damage_healed":0,"gold_gain":0,"player_choice":"Success","damage_taken":18,"relics_obtained":["Dodecahedron"],"max_hp_gain":0,"max_hp_loss":0,"event_name":"Scrap Ooze","floor":4,"gold_loss":0},{"cards_removed":["Strike_G"],"damage_healed":0,"gold_gain":0,"player_choice":"Card Removal","damage_taken":0,"max_hp_gain":0,"max_hp_loss":0,"event_name":"Wheel of Change","floor":5,"gold_loss":0},{"cards_removed":["Flying Knee"],"damage_healed":0,"gold_gain":0,"player_choice":"Gave Card","damage_taken":0,"relics_obtained":["Blood Vial"],"max_hp_gain":0,"max_hp_loss":0,"event_name":"WeMeetAgain","floor":20,"gold_loss":0}],"is_beta":false,"boss_relics":[{"not_picked":["Runic Dome","Philosopher\u0027s Stone"],"picked":"Snecko Eye"}],"items_purged_floors":[3,19],"is_endless":false,"potions_floor_spawned":[7,12,16,21],"killed_by":"Shelled Parasite and Fungi","ascension_level":20}