{"gold_per_floor":[20,35,35,53,66,66,66,100,100,100,135,135,60,75,75,149,149,168,180,180,192,192,192,192,192,192,192,224,72,72],"floor_reached":30,"playtime":1321,"items_purged":["Strike_R","Shame"],"score":512,"play_id":"47e2301b-ab23-4f52-a8ed-3ca44fc6460d","local_time":"20190504115914","is_ascension_mode":true,"campfire_choices":[{"floor":6.0,"key":"REST"},{"data":"Perfected Strike","floor":10.0,"key":"SMITH"},{"data":"Entrench","floor":12.0,"key":"SMITH"},{"floor":15.0,"key":"REST"},{"data":"Body Slam","floor":23,"key":"SMITH"},{"data":"Shrug It Off","floor":25,"key":"SMITH"},{"floor":27,"key":"REST"}],"neow_cost":"NO_GOLD","seed_source_timestamp":37975440086022,"circlet_count":0,"master_deck":["AscendersBane","Strike_R","Strike_R","Defend_R+1","Defend_R","Defend_R+1","Defend_R","Bash+1","Combust","Perfected Strike+1","Cleave","Wild Strike","Pommel Strike","Barricade+1","Entrench+1","Rupture+1","Juggernaut+1","Body Slam+1","Shrug It Off+1","Decay","Disarm+1","True Grit"],"special_seed":0,"relics":["Burning Blood","Frozen Egg 2","Matryoshka","Bag of Preparation","Cursed Key","Singing Bowl","Pantograph"],"potions_floor_usage":[18,30],"damage_taken":[{"damage":2.0,"enemies":"2 Louse","floor":1.0,"turns":3.0},{"damage":14.0,"enemies":"Small Slimes","floor":2.0,"turns":3.0},{"damage":2.0,"enemies":"Cultist","floor":4.0,"turns":3.0},{"damage":27.0,"enemies":"Exordium Thugs","floor":5.0,"turns":5.0},{"damage":21.0,"enemies":"3 Sentries","floor":8.0,"turns":5.0},{"damage":8.0,"enemies":"Lagavulin","floor":11.0,"turns":7.0},{"damage":15.0,"enemies":"Large Slime","floor":14.0,"turns":5.0},{"damage":23.0,"enemies":"The Guardian","floor":16.0,"turns":20.0},{"damage":14,"enemies":"Chosen","floor":18,"turns":4},{"damage":31,"enemies":"2 Thieves","floor":19,"turns":4},{"damage":16,"enemies":"Centurion and Healer","floor":21,"turns":7},{"damage":19,"enemies":"Gremlin Leader","floor":28,"turns":8},{"damage":41,"enemies":"Slavers","floor":30,"turns":2}],"seed_played":"-6017727413950559120","potions_obtained":[{"floor":1.0,"key":"LiquidBronze"},{"floor":5.0,"key":"Ancient Potion"},{"floor":21,"key":"BloodPotion"}],"is_trial":false,"path_per_floor":["M","M","?","M","M","R","?","E","T","R","E","R","$","M","R","B",null,"M","M","?","M","?","R","?","R","T","R","E","$","E"],"character_chosen":"IRONCLAD","items_purchased":["True Grit"],"campfire_rested":3,"item_purchase_floors":[29],"current_hp_per_floor":[72,64,41,45,24,46,46,31,31,31,29,29,29,20,42,25,63,55,30,30,20,20,20,20,20,20,42,29,29,0],"gold":72,"neow_bonus":"TRANSFORM_TWO_CARDS","is_prod":false,"is_daily":false,"chose_seed":false,"campfire_upgraded":4,"win_rate":0,"timestamp":1556985554,"path_taken":["M","M","?","M","M","R","?","E","T","R","E","R","$","?","R","BOSS","M","M","?","M","?","R","?","R","T","R","E","?","E"],"build_version":"2019-01-23","purchased_purges":2,"victory":false,"max_hp_per_floor":[75,75,75,75,75,75,75,75,75,75,75,75,75,75,75,75,75,75,75,75,75,75,75,75,75,75,75,75,75,75],"card_choices":[{"not_picked":["Evolve","Rupture","Power Through"],"picked":"SKIP","floor":1.0},{"not_picked":["Entrench","Shrug It Off"],"picked":"Cleave","floor":2.0},{"not_picked":["Flex","Perfected Strike"],"picked":"Wild Strike","floor":4.0},{"not_picked":["Hemokinesis","Flex"],"picked":"Pommel Strike","floor":5.0},{"not_picked":["True Grit","Burning Pact"],"picked":"Barricade","floor":8.0},{"not_picked":["Rage","Pummel"],"picked":"Entrench","floor":11.0},{"not_picked":["Twin Strike","Iron Wave"],"picked":"Rupture+1","floor":14.0},{"not_picked":["Bludgeon","Demon Form+1"],"picked":"Juggernaut+1","floor":16.0},{"not_picked":["Clash","Rage","Dual Wield"],"picked":"SKIP","floor":18},{"not_picked":["Pommel Strike","True Grit"],"picked":"Body Slam","floor":19},{"not_picked":["Havoc","Clash","Barricade+1"],"picked":"SKIP","floor":21},{"not_picked":["Body Slam","Iron Wave"],"picked":"Disarm+1","floor":28}],"player_experience":1178926,"relics_obtained":[{"floor":8.0,"key":"Frozen Egg 2"},{"floor":9.0,"key":"Matryoshka"},{"floor":11.0,"key":"Bag of Preparation"},{"floor":26,"key":"Singing Bowl"},{"floor":28,"key":"Pantograph"}],"event_choices":[{"damage_healed":0.0,"max_hp_gain":0.0,"max_hp_loss":0.0,"gold_gain":0.0,"event_name":"Shining Light","player_choice":"Entered Light","floor":3.0,"gold_loss":0.0,"damage_taken":23.0,"cards_upgraded":["Defend_R","Defend_R"]},{"damage_healed":0.0,"max_hp_gain":0.0,"max_hp_loss":0.0,"gold_gain":0.0,"event_name":"Upgrade Shrine","player_choice":"Upgraded","floor":7.0,"gold_loss":0.0,"damage_taken":0.0,"cards_upgraded":["Bash"]},{"damage_healed":0,"gold_gain":0,"player_choice":"Read","damage_taken":0,"max_hp_gain":0,"max_hp_loss":0,"event_name":"The Library","floor":20,"gold_loss":0,"cards_obtained":["Shrug It Off"]},{"damage_healed":0,"gold_gain":0,"player_choice":"Smashed Altar","damage_taken":0,"max_hp_gain":0,"max_hp_loss":0,"event_name":"Forgotten Altar","floor":22,"gold_loss":0,"cards_obtained":["Decay"]},{"damage_healed":0,"gold_gain":0,"player_choice":"Ignored","damage_taken":0,"max_hp_gain":0,"max_hp_loss":0,"event_name":"Vampires","floor":24,"gold_loss":0}],"is_beta":false,"boss_relics":[{"not_picked":["Calling Bell","White Beast Statue"],"picked":"Cursed Key"}],"items_purged_floors":[13,29],"is_endless":false,"potions_floor_spawned":[1,5,11,21],"killed_by":"Slavers","ascension_level":20}