{"gold_per_floor":[109,109,109,127,139,139,39,72,72,72,4,4,22,53,53,53],"floor_reached":16,"playtime":660,"items_purged":["Strike_G"],"score":173,"play_id":"4b79bbfa-0d79-4e37-a779-ed7f5cce584d","local_time":"20180916121812","is_ascension_mode":true,"campfire_choices":[{"data":"1","floor":6,"key":"LIFT"},{"floor":10,"key":"REST"},{"data":"Footwork","floor":15,"key":"SMITH"}],"neow_cost":"CURSE","seed_source_timestamp":298757388200821,"circlet_count":0,"master_deck":["Defend_G","Defend_G","Defend_G","Defend_G","Defend_G","Strike_G","Strike_G+1","Strike_G","Strike_G","Survivor+1","Neutralize","AscendersBane","Parasite","Poisoned Stab","Backflip","Catalyst","Deadly Poison","Footwork+1"],"relics":["Ring of the Snake","Girya","Incense Burner","Vajra","Dodecahedron","Frozen Egg 2"],"potions_floor_usage":[14,16],"damage_taken":[{"damage":0,"enemies":"Small Slimes","floor":1,"turns":5},{"damage":3,"enemies":"2 Louse","floor":4,"turns":3},{"damage":4,"enemies":"Cultist","floor":5,"turns":4},{"damage":15,"enemies":"3 Sentries","floor":8,"turns":10},{"damage":0,"enemies":"Large Slime","floor":13,"turns":8},{"damage":6,"enemies":"Lagavulin","floor":14,"turns":6},{"damage":33,"enemies":"Slime Boss","floor":16,"turns":8}],"seed_played":"-3840758479675982928","potions_obtained":[{"floor":1,"key":"Ancient Potion"},{"floor":13,"key":"Swift Potion"}],"is_trial":false,"path_per_floor":["M","?","?","M","M","R","$","E","T","R","$","?","M","E","R"],"character_chosen":"THE_SILENT","items_purchased":["Deadly Poison","Footwork"],"campfire_rested":1,"item_purchase_floors":[7,11],"current_hp_per_floor":[63,49,31,28,24,24,24,9,9,30,30,30,30,24,24,0],"gold":53,"neow_bonus":"ONE_RARE_RELIC","is_prod":false,"is_daily":false,"chose_seed":false,"campfire_upgraded":1,"win_rate":0,"timestamp":1537114692,"path_taken":["M","?","?","M","M","R","$","E","T","R","$","?","M","E","R","BOSS"],"build_version":"2018-09-06","purchased_purges":1,"victory":false,"max_hp_per_floor":[70,70,70,70,70,70,70,70,70,70,70,70,70,70,70,70],"card_choices":[{"not_picked":["Dodge and Roll","Underhanded Strike"],"picked":"Poisoned Stab","floor":1},{"not_picked":["Dagger Spray","Prepared"],"picked":"Backflip","floor":4},{"not_picked":["PiercingWail","Bane"],"picked":"Catalyst","floor":5},{"not_picked":["PiercingWail","Outmaneuver","Deadly Poison"],"picked":"SKIP","floor":8},{"not_picked":["Sucker Punch","Blade Dance","Doppelganger"],"picked":"SKIP","floor":13},{"not_picked":["Accuracy","Underhanded Strike","Dagger Spray"],"picked":"SKIP","floor":14}],"player_experience":407903,"relics_obtained":[{"floor":8,"key":"Vajra"},{"floor":9,"key":"Dodecahedron"},{"floor":14,"key":"Frozen Egg 2"}],"event_choices":[{"event_name":"Shining Light","player_choice":"Entered Light","floor":2,"damage_taken":0},{"event_name":"Scrap Ooze","player_choice":"success","floor":3,"damage_taken":18},{"event_name":"The Cleric","player_choice":"Leave","floor":12,"damage_taken":0}],"is_beta":false,"boss_relics":[],"items_purged_floors":[7],"is_endless":false,"potions_floor_spawned":[1,13],"killed_by":"Slime Boss","ascension_level":12}