{"gold_per_floor":[217,229,229,248,248,248,284,209,236,12,43,43,78,93,93,191,191,205,205,218,218,230,260,1610,1625,1625,494,594,605,605,630,630,704,704,718,737,754,764,764,797,813,845,934,946,968,489,499,517,517,517,517],"floor_reached":51,"playtime":4461,"items_purged":["Strike_G","Strike_G","Parasite"],"score":1468,"play_id":"b03f1dce-9c32-4d94-865f-6da1ad867c68","local_time":"20190510010810","is_ascension_mode":true,"campfire_choices":[{"floor":6.0,"key":"REST"},{"floor":12,"key":"REST"},{"data":"Bouncing Flask","floor":15,"key":"SMITH"},{"floor":30,"key":"REST"},{"data":"Wraith Form v2","floor":32,"key":"SMITH"},{"floor":44,"key":"RECALL"},{"data":"Noxious Fumes","floor":49,"key":"SMITH"}],"neow_cost":"NONE","seed_source_timestamp":514309236181215,"circlet_count":0,"master_deck":["AscendersBane","Defend_G+1","Defend_G+1","Defend_G","Defend_G","Defend_G","Strike_G","Strike_G","Strike_G+1","Survivor","Neutralize+1","Bouncing Flask+1","Poisoned Stab","Dash","Crippling Poison","Deadly Poison","Deflect","After Image","Noxious Fumes+1","Escape Plan","After Image","PiercingWail","Corpse Explosion","PiercingWail","Master of Strategy","Escape Plan","Wraith Form v2+1","After Image","Deadly Poison+1","Adrenaline+1","Prepared+1","Calculated Gamble+1","Calculated Gamble+1"],"special_seed":0,"relics":["Ring of the Snake","Bloody Idol","Art of War","Ancient Tea Set","Potion Belt","TwistedFunnel","Odd Mushroom","Whetstone","Black Star","Centennial Puzzle","War Paint","Bronze Scales","ClockworkSouvenir","Bottled Tornado","Tough Bandages","Kunai","Toxic Egg 2","Darkstone Periapt","Busted Crown","Boot","PreservedInsect","MawBank","Mercury Hourglass","Dodecahedron"],"potions_floor_usage":[7,23,23,23,33,40,50,50],"damage_taken":[{"damage":13.0,"enemies":"Jaw Worm","floor":1.0,"turns":8.0},{"damage":0.0,"enemies":"2 Louse","floor":2.0,"turns":3.0},{"damage":0.0,"enemies":"Small Slimes","floor":4.0,"turns":3.0},{"damage":35,"enemies":"Gremlin Nob","floor":7,"turns":4},{"damage":6,"enemies":"The Mushroom Lair","floor":11,"turns":4},{"damage":10,"enemies":"Lagavulin","floor":13,"turns":5},{"damage":0,"enemies":"Exordium Thugs","floor":14,"turns":3},{"damage":4,"enemies":"The Guardian","floor":16,"turns":8},{"damage":8,"enemies":"Shell Parasite","floor":18,"turns":5},{"damage":0,"enemies":"Chosen","floor":20,"turns":4},{"damage":7,"enemies":"3 Cultists","floor":22,"turns":5},{"damage":9,"enemies":"Gremlin Leader","floor":23,"turns":5},{"damage":0,"enemies":"Snecko","floor":25,"turns":5},{"damage":4,"enemies":"Colosseum Slavers","floor":28,"turns":5},{"damage":1,"enemies":"Colosseum Nobs","floor":28,"turns":3},{"damage":1,"enemies":"Centurion and Healer","floor":29,"turns":7},{"damage":11,"enemies":"Slavers","floor":31,"turns":3},{"damage":26,"enemies":"Automaton","floor":33,"turns":11},{"damage":0,"enemies":"Orb Walker","floor":35,"turns":4},{"damage":1,"enemies":"3 Shapes","floor":36,"turns":3},{"damage":3,"enemies":"Sphere and 2 Shapes","floor":37,"turns":4},{"damage":3,"enemies":"Writhing Mass","floor":38,"turns":6},{"damage":5,"enemies":"Reptomancer","floor":40,"turns":8},{"damage":0,"enemies":"Spire Growth","floor":41,"turns":6},{"damage":17,"enemies":"Nemesis","floor":42,"turns":9},{"damage":0,"enemies":"4 Shapes","floor":45,"turns":2},{"damage":0,"enemies":"Jaw Worm Horde","floor":47,"turns":4},{"damage":0,"enemies":"Maw","floor":48,"turns":6},{"damage":51,"enemies":"Awakened One","floor":50,"turns":18},{"damage":35,"enemies":"Donu and Deca","floor":51,"turns":7}],"seed_played":"7312837978960130676","potions_obtained":[{"floor":1.0,"key":"SkillPotion"},{"floor":2.0,"key":"FearPotion"},{"floor":11,"key":"AttackPotion"},{"floor":18,"key":"Block Potion"},{"floor":22,"key":"Swift Potion"},{"floor":31,"key":"FairyPotion"},{"floor":33,"key":"Regen Potion"},{"floor":41,"key":"GamblersBrew"}],"is_trial":false,"path_per_floor":["M","M","?","M","?","R","E","$","T","$","?","R","E","M","R","B",null,"M","?","M","?","M","E","?","M","T","$","?","M","R","E","R","B",null,"M","M","M","M","?","E","M","E","T","R","M","$","M","M","R","B","B"],"character_chosen":"THE_SILENT","items_purchased":["TwistedFunnel","Corpse Explosion","PiercingWail","Fire Potion","ClockworkSouvenir","Bottled Tornado","Ancient Potion","Master of Strategy","Calculated Gamble+1","Dodecahedron"],"campfire_rested":3,"item_purchase_floors":[10,27,27,27,27,27,27,27,46,46],"current_hp_per_floor":[46,46,46,46,28,46,11,11,11,11,5,23,13,13,13,9,47,39,39,44,44,42,38,17,22,22,22,22,26,44,38,38,17,49,54,58,60,66,66,66,66,54,64,66,66,63,63,63,63,27,0],"gold":517,"neow_bonus":"HUNDRED_GOLD","is_prod":false,"is_daily":false,"chose_seed":false,"campfire_upgraded":3,"win_rate":0,"timestamp":1557464890,"path_taken":["M","M","?","M","?","R","E","$","T","$","?","R","E","M","R","BOSS","M","?","M","?","?","E","?","M","T","?","?","M","R","E","R","BOSS","M","M","M","M","?","E","M","E","T","R","M","$","M","M","R","BOSS","BOSS"],"build_version":"2019-01-23","purchased_purges":3,"victory":false,"max_hp_per_floor":[66,66,60,60,60,60,60,60,60,60,60,60,60,60,60,60,60,60,60,60,60,60,60,60,60,60,60,60,60,60,60,60,60,60,60,60,60,66,66,66,66,66,66,66,66,63,63,63,63,63,63],"card_choices":[{"not_picked":["Prepared","Finisher"],"picked":"Bouncing Flask","floor":1.0},{"not_picked":["Concentrate","Acrobatics"],"picked":"Poisoned Stab","floor":2.0},{"not_picked":["Deadly Poison","Dodge and Roll"],"picked":"Dash","floor":4.0},{"not_picked":["Outmaneuver","Underhanded Strike"],"picked":"Crippling Poison","floor":7},{"not_picked":["Prepared","Slice"],"picked":"Deadly Poison","floor":13},{"not_picked":["Bane","Outmaneuver"],"picked":"Deflect","floor":14},{"not_picked":["Burst","Night Terror"],"picked":"After Image","floor":16},{"not_picked":["Concentrate","Quick Slash","Accuracy"],"picked":"SKIP","floor":18},{"not_picked":["Cloak And Dagger","Sucker Punch+1"],"picked":"Noxious Fumes","floor":20},{"not_picked":["Acrobatics+1","Dodge and Roll"],"picked":"Escape Plan","floor":22},{"not_picked":["Slice","Deflect"],"picked":"After Image","floor":23},{"not_picked":["Slice+1","Dash+1"],"picked":"PiercingWail","floor":25},{"not_picked":["Dodge and Roll","Envenom"],"picked":"Escape Plan","floor":29},{"not_picked":["Deflect","Setup"],"picked":"Wraith Form v2","floor":31},{"not_picked":["Die Die Die","Bullet Time+1"],"picked":"After Image","floor":33},{"not_picked":["Accuracy"],"picked":"SKIP","floor":35},{"not_picked":[],"picked":"Deadly Poison+1","floor":36},{"not_picked":["Endless Agony+1"],"picked":"SKIP","floor":37},{"not_picked":["Sucker Punch"],"picked":"SKIP","floor":38},{"not_picked":["Sucker Punch+1"],"picked":"SKIP","floor":40},{"not_picked":[],"picked":"Prepared+1","floor":41},{"not_picked":["Dodge and Roll+1"],"picked":"SKIP","floor":42},{"not_picked":["Quick Slash"],"picked":"SKIP","floor":45},{"not_picked":[],"picked":"Calculated Gamble+1","floor":47},{"not_picked":["Choke+1"],"picked":"SKIP","floor":48}],"player_experience":1258175,"relics_obtained":[{"floor":7,"key":"Ancient Tea Set"},{"floor":9,"key":"Potion Belt"},{"floor":11,"key":"Odd Mushroom"},{"floor":13,"key":"Whetstone"},{"floor":23,"key":"Centennial Puzzle"},{"floor":23,"key":"War Paint"},{"floor":26,"key":"Bronze Scales"},{"floor":28,"key":"Tough Bandages"},{"floor":28,"key":"Kunai"},{"floor":31,"key":"Toxic Egg 2"},{"floor":31,"key":"Darkstone Periapt"},{"floor":40,"key":"Boot"},{"floor":40,"key":"PreservedInsect"},{"floor":42,"key":"MawBank"},{"floor":42,"key":"Mercury Hourglass"}],"event_choices":[{"damage_healed":0.0,"max_hp_gain":0.0,"max_hp_loss":6.0,"gold_gain":0.0,"event_name":"Golden Idol","player_choice":"Lose Max HP","floor":3.0,"gold_loss":0.0,"damage_taken":0.0,"relics_obtained":["Golden Idol"]},{"damage_healed":0.0,"max_hp_gain":0.0,"max_hp_loss":0.0,"gold_gain":0.0,"event_name":"Scrap Ooze","player_choice":"Success","floor":5.0,"gold_loss":0.0,"damage_taken":18.0,"relics_obtained":["Art of War"]},{"damage_healed":0,"gold_gain":0,"player_choice":"Fought Mushrooms","damage_taken":0,"max_hp_gain":0,"max_hp_loss":0,"event_name":"Mushrooms","floor":11,"gold_loss":0},{"damage_healed":0,"gold_gain":0,"player_choice":"Gave Idol","damage_taken":0,"relics_obtained":["Bloody Idol"],"max_hp_gain":0,"max_hp_loss":0,"event_name":"Forgotten Altar","floor":19,"relics_lost":["Golden Idol"],"gold_loss":0},{"damage_healed":0,"gold_gain":0,"player_choice":"Ignored","damage_taken":0,"max_hp_gain":0,"max_hp_loss":0,"event_name":"Vampires","floor":21,"gold_loss":0},{"damage_healed":0,"gold_gain":1350,"player_choice":"GOLD GOLD GOLD GOLD GOLD GOLD GOLD GOLD GOLD GOLD GOLD GOLD GOLD GOLD GOLD ","damage_taken":96,"max_hp_gain":0,"max_hp_loss":0,"event_name":"Knowing Skull","floor":24,"potions_obtained":[],"gold_loss":0,"cards_obtained":[]},{"damage_healed":0,"gold_gain":0,"player_choice":"Fight","damage_taken":0,"max_hp_gain":0,"max_hp_loss":0,"event_name":"Colosseum","floor":28,"gold_loss":0},{"damage_healed":0,"gold_gain":0,"player_choice":"Fought Nobs","damage_taken":0,"max_hp_gain":0,"max_hp_loss":0,"event_name":"Colosseum","floor":28,"gold_loss":0},{"damage_healed":0,"gold_gain":0,"player_choice":"1 cards matched","damage_taken":0,"max_hp_gain":0,"max_hp_loss":0,"event_name":"Match and Keep!","floor":39,"gold_loss":0,"cards_obtained":["Adrenaline"]}],"is_beta":false,"boss_relics":[{"not_picked":["HoveringKite","Philosopher\u0027s Stone"],"picked":"Black Star"},{"not_picked":["Tiny House","Coffee Dripper"],"picked":"Busted Crown"}],"items_purged_floors":[8,27,46],"is_endless":false,"potions_floor_spawned":[1,2,11,18,22,31,33,41,42,45,47],"killed_by":"Donu and Deca","ascension_level":20}