{"gold_per_floor":[111,122,134,134,149,27,46,62,62,77,44,9,34,44,44,140,140,151,165,48,48,48],"floor_reached":22,"playtime":835,"items_purged":["Defend_R"],"score":209,"play_id":"1b447a75-23c6-4f46-9c58-8221c30cb0e0","local_time":"20190721132426","is_ascension_mode":true,"campfire_choices":[{"data":"Flex","floor":15.0,"key":"SMITH"}],"neow_cost":"NONE","seed_source_timestamp":0,"circlet_count":0,"master_deck":["Strike_R","Strike_R","Strike_R","Defend_R+1","Defend_R+1","Defend_R","Bash","Whirlwind","Seeing Red","Wild Strike","Sword Boomerang","Cleave","Rage","Flex+1","Fire Breathing","Pummel","Inflame","Evolve","Feed","Cleave","Uppercut+1","Feel No Pain+1","Seeing Red"],"special_seed":0,"relics":["Burning Blood","NeowsBlessing","Pantograph","Shuriken","Empty Cage"],"potions_floor_usage":[22,22],"damage_taken":[{"damage":0.0,"enemies":"Jaw Worm","floor":1.0,"turns":1.0},{"damage":0.0,"enemies":"Cultist","floor":2.0,"turns":1.0},{"damage":0.0,"enemies":"Small Slimes","floor":3.0,"turns":1.0},{"damage":11.0,"enemies":"Looter","floor":5.0,"turns":3.0},{"damage":0.0,"enemies":"Exordium Thugs","floor":7.0,"turns":3.0},{"damage":18.0,"enemies":"Large Slime","floor":8.0,"turns":5.0},{"damage":0.0,"enemies":"2 Fungi Beasts","floor":10.0,"turns":2.0},{"damage":10.0,"enemies":"Gremlin Nob","floor":13.0,"turns":4.0},{"damage":9.0,"enemies":"Red Slaver","floor":14.0,"turns":3.0},{"damage":18.0,"enemies":"Slime Boss","floor":16.0,"turns":7.0},{"damage":43.0,"enemies":"3 Byrds","floor":18.0,"turns":6.0},{"damage":6.0,"enemies":"Chosen","floor":19.0,"turns":3.0},{"damage":49,"enemies":"Centurion and Healer","floor":22,"turns":5}],"seed_played":"-6731310879777860601","potions_obtained":[{"floor":1.0,"key":"Poison Potion"},{"floor":3.0,"key":"BloodPotion"},{"floor":8.0,"key":"Explosive Potion"},{"floor":13.0,"key":"Block Potion"},{"floor":14.0,"key":"SkillPotion"},{"floor":16.0,"key":"Swift Potion"},{"floor":19.0,"key":"Poison Potion"}],"is_trial":false,"path_per_floor":["M","M","M","?","M","$","M","M","T","M","$","?","E","M","R","B",null,"M","M","$","?","M"],"character_chosen":"IRONCLAD","items_purchased":["Cleave","Pummel","Feel No Pain","Seeing Red"],"campfire_rested":0,"item_purchase_floors":[6,11,20,20],"current_hp_per_floor":[80,80,80,64,59,59,65,68,68,74,74,80,76,73,73,68,80,46,46,46,46,0],"gold":48,"neow_bonus":"THREE_ENEMY_KILL","is_prod":false,"is_daily":false,"chose_seed":false,"campfire_upgraded":1,"win_rate":0,"timestamp":1563729866,"path_taken":["M","M","M","?","M","$","M","M","T","M","$","?","E","M","R","BOSS","M","M","$","?","M"],"build_version":"2019-07-17","purchased_purges":1,"victory":false,"max_hp_per_floor":[80,80,80,80,80,80,80,80,80,80,80,80,80,80,80,80,80,83,83,83,83,83],"card_choices":[{"not_picked":["Reckless Charge","Twin Strike"],"picked":"Whirlwind","floor":1.0},{"not_picked":["Havoc","True Grit"],"picked":"Seeing Red","floor":2.0},{"not_picked":["Havoc","Headbutt"],"picked":"Wild Strike","floor":3.0},{"not_picked":["Pommel Strike","Rage"],"picked":"Sword Boomerang","floor":5.0},{"not_picked":["Brutality","Thunderclap"],"picked":"Rage","floor":7.0},{"not_picked":["Sword Boomerang","Heavy Blade"],"picked":"Flex","floor":8.0},{"not_picked":["Shrug It Off","Flame Barrier"],"picked":"Fire Breathing","floor":10.0},{"not_picked":["Combust","Pommel Strike"],"picked":"Inflame","floor":13.0},{"not_picked":["Infernal Blade","Warcry"],"picked":"Evolve","floor":14.0},{"not_picked":["Dark Embrace","Bludgeon"],"picked":"Feed","floor":16.0},{"not_picked":["True Grit","Corruption"],"picked":"Cleave","floor":18.0},{"not_picked":["True Grit","Perfected Strike"],"picked":"Uppercut+1","floor":19.0}],"player_experience":279124,"relics_obtained":[{"floor":9.0,"key":"Pantograph"},{"floor":13.0,"key":"Shuriken"}],"event_choices":[{"damage_healed":0.0,"max_hp_gain":0.0,"max_hp_loss":0.0,"gold_gain":0.0,"event_name":"Shining Light","player_choice":"Entered Light","floor":4.0,"gold_loss":0.0,"damage_taken":16.0,"cards_upgraded":["Defend_R","Defend_R"]},{"damage_healed":20.0,"max_hp_gain":0.0,"max_hp_loss":0.0,"gold_gain":0.0,"event_name":"The Cleric","player_choice":"Healed","floor":12.0,"gold_loss":35.0,"damage_taken":0.0},{"damage_healed":0.0,"max_hp_gain":0.0,"max_hp_loss":0.0,"gold_gain":0.0,"event_name":"Accursed Blacksmith","player_choice":"Forge","floor":21.0,"gold_loss":0.0,"damage_taken":0.0,"cards_upgraded":["Feel No Pain"]}],"is_beta":false,"boss_relics":[{"not_picked":["Astrolabe","Cursed Key"],"picked":"Empty Cage"}],"items_purged_floors":[6],"is_endless":false,"potions_floor_spawned":[1,3,8,13,14,16,19],"killed_by":"Centurion and Healer","ascension_level":2}