{"gold_per_floor":[110,121,71,89,19,47,47,78,78,91,119,119,129,18,18,121,121,131,131,131,131],"floor_reached":21,"playtime":1199,"items_purged":["Strike_G"],"score":340,"play_id":"2b0c0465-1743-46d4-8ae6-7d11d3a227a6","local_time":"20180917205342","is_ascension_mode":true,"campfire_choices":[{"floor":7,"key":"REST"},{"data":"Footwork","floor":12,"key":"SMITH"},{"data":"Noxious Fumes","floor":15,"key":"SMITH"}],"neow_cost":"NONE","seed_source_timestamp":415562966763340,"circlet_count":0,"master_deck":["Defend_G","Defend_G","Defend_G","Defend_G","Defend_G","Strike_G","Survivor","Neutralize","AscendersBane","Backstab","Quick Slash","Deflect","Footwork+1","Catalyst","Corpse Explosion","Dodge and Roll","Blur","Noxious Fumes+1","Well Laid Plans"],"relics":["Ring of the Snake","Orichalcum","Singing Bowl","Prayer Wheel","Ice Cream","WingedGreaves","Empty Cage"],"potions_floor_usage":[8,11,16,20],"damage_taken":[{"damage":1,"enemies":"Small Slimes","floor":1,"turns":4},{"damage":0,"enemies":"Cultist","floor":2,"turns":3},{"damage":0,"enemies":"2 Louse","floor":4,"turns":3},{"damage":14,"enemies":"Gremlin Nob","floor":6,"turns":5},{"damage":8,"enemies":"3 Sentries","floor":8,"turns":10},{"damage":0,"enemies":"2 Fungi Beasts","floor":10,"turns":5},{"damage":10,"enemies":"Lagavulin","floor":11,"turns":8},{"damage":0,"enemies":"Exordium Wildlife","floor":13,"turns":2},{"damage":3,"enemies":"The Guardian","floor":16,"turns":10},{"damage":11,"enemies":"3 Byrds","floor":18,"turns":3},{"damage":33,"enemies":"Colosseum Slavers","floor":20,"turns":4},{"damage":24,"enemies":"Chosen","floor":21,"turns":6}],"seed_played":"6042688452916406674","potions_obtained":[{"floor":1,"key":"FearPotion"},{"floor":6,"key":"Explosive Potion"},{"floor":10,"key":"Explosive Potion"},{"floor":11,"key":"Explosive Potion"}],"is_trial":false,"path_per_floor":["M","M","?","M","$","E","R","E","T","M","E","R","M","$","R","B",null,"M","?","?"],"character_chosen":"THE_SILENT","items_purchased":["Footwork","Noxious Fumes"],"campfire_rested":1,"item_purchase_floors":[5,14],"current_hp_per_floor":[62,62,62,62,62,48,69,61,61,65,55,55,57,57,57,56,73,64,49,16,0],"gold":131,"neow_bonus":"RANDOM_COMMON_RELIC","is_prod":false,"is_daily":false,"chose_seed":false,"campfire_upgraded":2,"win_rate":0,"timestamp":1537232022,"path_taken":["M","M","?","?","$","E","R","E","T","M","E","R","M","?","R","BOSS","M","?","?","M"],"build_version":"2018-09-06","purchased_purges":1,"victory":false,"max_hp_per_floor":[70,70,70,70,70,70,70,70,70,74,74,74,76,76,76,78,78,80,85,85,85],"card_choices":[{"not_picked":["Tactician","Deflect"],"picked":"Backstab","floor":1},{"not_picked":["Deflect","Finisher"],"picked":"Quick Slash","floor":2},{"not_picked":["Dodge and Roll","Flechettes"],"picked":"Deflect","floor":4},{"not_picked":["Blade Dance","Predator"],"picked":"Catalyst","floor":6},{"not_picked":["Underhanded Strike","Acrobatics"],"picked":"Corpse Explosion","floor":8},{"not_picked":["Deflect","Dodge and Roll","All Out Attack"],"picked":"Singing Bowl","floor":10},{"not_picked":["Bane","PiercingWail","Flechettes"],"picked":"Singing Bowl","floor":10},{"not_picked":["PiercingWail","Dagger Spray"],"picked":"Dodge and Roll","floor":11},{"not_picked":["Masterful Stab","Terror"],"picked":"Blur","floor":13},{"not_picked":["All Out Attack","Poisoned Stab","Acrobatics"],"picked":"Singing Bowl","floor":13},{"not_picked":["Grand Finale","Unload","Die Die Die"],"picked":"Singing Bowl","floor":16},{"not_picked":["Cloak And Dagger","Outmaneuver","Reflex"],"picked":"Singing Bowl","floor":18},{"not_picked":["Bane","Cloak And Dagger"],"picked":"Well Laid Plans","floor":18}],"player_experience":429528,"relics_obtained":[{"floor":6,"key":"Singing Bowl"},{"floor":8,"key":"Prayer Wheel"},{"floor":9,"key":"Ice Cream"},{"floor":11,"key":"WingedGreaves"}],"event_choices":[{"event_name":"The Cleric","player_choice":"Card Removal","floor":3,"damage_taken":0},{"event_name":"Forgotten Altar","player_choice":"Shed Blood","floor":19,"damage_taken":0},{"event_name":"Colosseum","player_choice":"Fight","floor":20,"damage_taken":0},{"event_name":"Colosseum","player_choice":"Fled From Nobs","floor":20,"damage_taken":0}],"is_beta":false,"boss_relics":[{"not_picked":["Calling Bell","Eternal Feather"],"picked":"Empty Cage"}],"items_purged_floors":[14],"is_endless":false,"potions_floor_spawned":[1,6,10,11,20],"killed_by":"Chosen","ascension_level":12}