{"gold_per_floor":[216,17,17,35,35,65,80,93,93,109,129,129,145,156,156,156],"floor_reached":16,"playtime":1137,"items_purged":[],"score":117,"play_id":"cbfdb8dc-91b0-4c59-8570-04af1144a863","local_time":"20190630145032","is_ascension_mode":true,"campfire_choices":[{"floor":12,"key":"REST"},{"floor":15,"key":"REST"}],"neow_cost":"NONE","seed_source_timestamp":126680390452600,"circlet_count":0,"master_deck":["Strike_B","Strike_B","Strike_B","Strike_B","Defend_B","Defend_B","Defend_B","Zap","Dualcast","Go for the Eyes","Coolheaded","Cold Snap","Tempest","Conserve Battery","Coolheaded","Multi-Cast","Cold Snap","Redo"],"relics":["Cracked Core","Lantern","Blood Vial","Ornamental Fan","Regal Pillow"],"potions_floor_usage":[6,16],"damage_taken":[{"damage":2,"enemies":"Jaw Worm","floor":1,"turns":4},{"damage":0,"enemies":"Cultist","floor":4,"turns":3},{"damage":23,"enemies":"Lagavulin","floor":6,"turns":6},{"damage":0,"enemies":"Small Slimes","floor":7,"turns":3},{"damage":1,"enemies":"2 Fungi Beasts","floor":8,"turns":2},{"damage":1,"enemies":"Red Slaver","floor":10,"turns":3},{"damage":22,"enemies":"Lots of Slimes","floor":11,"turns":3},{"damage":10,"enemies":"Looter","floor":13,"turns":3},{"damage":11,"enemies":"Large Slime","floor":14,"turns":5},{"damage":79,"enemies":"Slime Boss","floor":16,"turns":17}],"seed_played":"1668070163154876474","potions_obtained":[{"floor":4,"key":"FearPotion"},{"floor":8,"key":"SpeedPotion"},{"floor":13,"key":"Dexterity Potion"},{"floor":14,"key":"SteroidPotion"}],"is_trial":false,"path_per_floor":["M","$","?","M","?","E","M","M","T","M","M","R","M","M","R","B"],"character_chosen":"DEFECT","items_purchased":["Lantern","Coolheaded"],"campfire_rested":2,"item_purchase_floors":[2,2],"current_hp_per_floor":[73,73,70,72,72,51,53,54,54,55,35,72,64,55,75,0],"gold":156,"neow_bonus":"HUNDRED_GOLD","is_prod":false,"is_daily":false,"chose_seed":false,"campfire_upgraded":0,"win_rate":0,"timestamp":1561920632,"path_taken":["M","$","?","M","?","E","M","M","T","M","?","R","M","M","R","BOSS"],"build_version":"2019-01-23","purchased_purges":0,"victory":false,"max_hp_per_floor":[75,75,75,75,75,75,75,75,75,75,75,75,75,75,75,75],"card_choices":[{"not_picked":["Barrage","Leap"],"picked":"Go for the Eyes","floor":1},{"not_picked":["Skim","Beam Cell","Rebound"],"picked":"SKIP","floor":4},{"not_picked":["Self Repair","Barrage"],"picked":"Cold Snap","floor":6},{"not_picked":["Coolheaded","Ball Lightning"],"picked":"Tempest","floor":7},{"not_picked":["Redo","Steam"],"picked":"Conserve Battery","floor":8},{"not_picked":["Beam Cell","Rebound"],"picked":"Coolheaded","floor":10},{"not_picked":["Blizzard","Beam Cell"],"picked":"Multi-Cast","floor":11},{"not_picked":["Steam","Scrape"],"picked":"Cold Snap","floor":13},{"not_picked":["Ball Lightning","Gash"],"picked":"Redo","floor":14}],"player_experience":147551,"relics_obtained":[{"floor":6,"key":"Ornamental Fan"},{"floor":9,"key":"Regal Pillow"}],"event_choices":[{"damage_healed":0,"gold_gain":0,"player_choice":"Success","damage_taken":3,"relics_obtained":["Blood Vial"],"max_hp_gain":0,"max_hp_loss":0,"event_name":"Scrap Ooze","floor":3,"gold_loss":0},{"cards_removed":["Defend_B"],"damage_healed":0,"gold_gain":0,"player_choice":"Card Removal","damage_taken":0,"max_hp_gain":0,"max_hp_loss":0,"event_name":"Wheel of Change","floor":5,"gold_loss":0}],"is_beta":false,"boss_relics":[],"items_purged_floors":[],"is_endless":false,"potions_floor_spawned":[4,8,13,14],"killed_by":"Slime Boss","ascension_level":2}