{"gold_per_floor":[111,111,111,261,261,294,294,324,324,26,110,135,31,47,47,120,120,136,156,156,156,156,156,184,0,24,24,24,24,24],"floor_reached":30,"playtime":928,"items_purged":["Doubt","Strike_R"],"score":616,"play_id":"23f1f893-9c45-4299-82fa-005ac41f27aa","local_time":"20190316204220","is_ascension_mode":true,"campfire_choices":[{"data":"Whirlwind","floor":7.0,"key":"SMITH"},{"data":"Havoc","floor":15,"key":"SMITH"},{"data":"True Grit","floor":23,"key":"SMITH"},{"data":"Feed","floor":27,"key":"SMITH"},{"floor":29,"key":"REST"}],"neow_cost":"NONE","seed_source_timestamp":238542138699506,"circlet_count":0,"master_deck":["AscendersBane","Strike_R","Strike_R","Strike_R","Defend_R","Defend_R","Defend_R","Defend_R","Bash","Whirlwind+1","Rampage","Havoc+1","Inflame","Impervious","Shrug It Off","Headbutt","Feed+1","Spot Weakness","True Grit+1"],"special_seed":0,"relics":["Burning Blood","NeowsBlessing","Centennial Puzzle","Gremlin Horn","The Courier","MawBank","Mummified Hand","Tiny Chest","Strawberry","Snecko Eye","Singing Bowl","Boot","Membership Card","Happy Flower"],"potions_floor_usage":[19],"damage_taken":[{"damage":0.0,"enemies":"Small Slimes","floor":1.0,"turns":1.0},{"damage":0.0,"enemies":"3 Sentries","floor":6.0,"turns":1.0},{"damage":0.0,"enemies":"Lagavulin","floor":8.0,"turns":1.0},{"damage":30,"enemies":"3 Sentries","floor":12,"turns":5},{"damage":2,"enemies":"Jaw Worm","floor":14,"turns":4},{"damage":44,"enemies":"The Guardian","floor":16,"turns":12},{"damage":11,"enemies":"Spheric Guardian","floor":18,"turns":4},{"damage":9,"enemies":"3 Byrds","floor":19,"turns":3},{"damage":38,"enemies":"Slavers","floor":24,"turns":4},{"damage":65,"enemies":"Book of Stabbing","floor":30,"turns":5}],"seed_played":"-3754728072732905618","potions_obtained":[{"floor":1.0,"key":"BloodPotion"},{"floor":12,"key":"Explosive Potion"},{"floor":16,"key":"Fire Potion"},{"floor":19,"key":"Ancient Potion"}],"is_trial":false,"path_per_floor":["M","?","T","?","?","E","R","E","T","$","T","E","$","M","R","B",null,"M","M","?","T","$","R","E","$","T","R","?","R","E"],"character_chosen":"IRONCLAD","items_purchased":["Inflame","Mummified Hand","Shrug It Off","Membership Card"],"campfire_rested":1,"item_purchase_floors":[10,10,13,25],"current_hp_per_floor":[74,74,74,74,74,75,75,75,75,75,75,58,58,62,62,24,68,66,66,66,66,66,66,36,36,36,36,36,63,0],"gold":24,"neow_bonus":"THREE_ENEMY_KILL","is_prod":false,"is_daily":false,"chose_seed":false,"campfire_upgraded":4,"win_rate":0,"timestamp":1552783340,"path_taken":["M","?","?","?","?","E","R","E","T","$","?","E","?","?","R","BOSS","M","M","?","?","$","R","E","$","T","R","?","R","E"],"build_version":"2019-01-23","purchased_purges":2,"victory":false,"max_hp_per_floor":[75,75,75,75,75,75,75,75,75,75,75,82,82,82,82,82,82,85,88,88,88,88,88,90,90,90,90,90,90,90],"card_choices":[{"not_picked":["Combust","Iron Wave"],"picked":"Whirlwind","floor":1.0},{"not_picked":["Havoc","Clash"],"picked":"Rampage","floor":6.0},{"not_picked":["Body Slam","Heavy Blade"],"picked":"Havoc","floor":8.0},{"not_picked":["Twin Strike","Sword Boomerang"],"picked":"Impervious","floor":12},{"not_picked":["Ghostly Armor","Pommel Strike"],"picked":"Headbutt","floor":14},{"not_picked":["Dark Embrace","Berserk"],"picked":"Feed","floor":16},{"not_picked":["Havoc","Warcry"],"picked":"Spot Weakness","floor":18},{"not_picked":["Sword Boomerang","Cleave"],"picked":"True Grit","floor":19},{"not_picked":["Hemokinesis","Cleave+1","Warcry"],"picked":"Singing Bowl","floor":24}],"player_experience":916483,"relics_obtained":[{"floor":3.0,"key":"Gremlin Horn"},{"floor":6.0,"key":"The Courier"},{"floor":9.0,"key":"MawBank"},{"floor":11,"key":"Tiny Chest"},{"floor":12,"key":"Strawberry"},{"floor":21,"key":"Singing Bowl"},{"floor":24,"key":"Boot"},{"floor":26,"key":"Happy Flower"}],"event_choices":[{"damage_healed":0.0,"max_hp_gain":0.0,"max_hp_loss":0.0,"gold_gain":0.0,"event_name":"Big Fish","player_choice":"Box","floor":2.0,"gold_loss":0.0,"damage_taken":0.0,"relics_obtained":["Centennial Puzzle"],"cards_obtained":["Regret"]},{"damage_healed":0.0,"max_hp_gain":0.0,"max_hp_loss":0.0,"gold_gain":150.0,"event_name":"Liars Game","player_choice":"AGREE","floor":4.0,"gold_loss":0.0,"damage_taken":0.0,"cards_obtained":["Doubt"]},{"cards_removed":["Regret"],"damage_healed":0.0,"max_hp_gain":0.0,"max_hp_loss":0.0,"gold_gain":0.0,"event_name":"Living Wall","player_choice":"Forget","floor":5.0,"gold_loss":0.0,"damage_taken":0.0},{"damage_healed":0,"gold_gain":0,"player_choice":"Ignored","damage_taken":0,"max_hp_gain":0,"max_hp_loss":0,"event_name":"Vampires","floor":20,"gold_loss":0},{"cards_removed":["Strike_R"],"damage_healed":0,"gold_gain":0,"player_choice":"Purged","damage_taken":0,"max_hp_gain":0,"max_hp_loss":0,"event_name":"Purifier","floor":28,"gold_loss":0}],"is_beta":false,"boss_relics":[{"not_picked":["Orrery","Fusion Hammer"],"picked":"Snecko Eye"}],"items_purged_floors":[10,13],"is_endless":false,"potions_floor_spawned":[1,12,16,18,19],"killed_by":"Book of Stabbing","ascension_level":20}