{"gold_per_floor":[112,187,187,30,30,30,43,74,74,74,124,124],"floor_reached":12,"playtime":289,"items_purged":[],"score":148,"play_id":"a6f73d8f-6fb5-4f3e-a600-397c2fe9326d","local_time":"20190628090814","is_ascension_mode":true,"campfire_choices":[{"floor":6,"key":"REST"},{"floor":10,"key":"REST"}],"neow_cost":"PERCENT_DAMAGE","seed_source_timestamp":1108727201102965,"circlet_count":0,"master_deck":["AscendersBane","Strike_R","Strike_R","Strike_R","Strike_R","Strike_R","Defend_R","Defend_R","Defend_R","Defend_R","Bash+1","Battle Trance","Reaper","Feel No Pain"],"relics":["Burning Blood","Peace Pipe","Ornamental Fan","Question Card","Molten Egg 2"],"potions_floor_usage":[],"damage_taken":[{"damage":19,"enemies":"Jaw Worm","floor":1,"turns":5},{"damage":9,"enemies":"2 Louse","floor":7,"turns":4},{"damage":52,"enemies":"Gremlin Nob","floor":8,"turns":5},{"damage":25,"enemies":"Lagavulin","floor":12,"turns":5}],"seed_played":"-2289318550535786433","potions_obtained":[],"is_trial":false,"path_per_floor":["M","?","T","$","?","R","M","E","T","R","?","E"],"character_chosen":"IRONCLAD","items_purchased":["Reaper"],"campfire_rested":2,"item_purchase_floors":[4],"current_hp_per_floor":[37,26,26,26,26,48,53,7,7,29,29,10],"gold":124,"neow_bonus":"ONE_RARE_RELIC","is_prod":false,"is_daily":false,"chose_seed":false,"campfire_upgraded":0,"win_rate":0,"timestamp":1561727294,"path_taken":["M","?","?","$","?","R","M","E","T","R","?","E"],"build_version":"2019-01-23","purchased_purges":0,"victory":false,"max_hp_per_floor":[75,75,75,75,75,75,75,75,75,75,75,75],"card_choices":[{"not_picked":["Perfected Strike","Armaments"],"picked":"Battle Trance","floor":1},{"not_picked":["Armaments","Flex","Fire Breathing"],"picked":"SKIP","floor":7},{"not_picked":["Flex","Clothesline"],"picked":"Feel No Pain","floor":8}],"player_experience":1565757,"relics_obtained":[{"floor":3,"key":"Ornamental Fan"},{"floor":8,"key":"Question Card"},{"floor":9,"key":"Molten Egg 2"}],"event_choices":[{"damage_healed":0,"gold_gain":75,"player_choice":"Gather Gold","damage_taken":11,"max_hp_gain":0,"max_hp_loss":0,"event_name":"World of Goop","floor":2,"gold_loss":0},{"damage_healed":0,"gold_gain":0,"player_choice":"Grow","damage_taken":0,"max_hp_gain":0,"max_hp_loss":0,"event_name":"Living Wall","floor":5,"gold_loss":0,"cards_upgraded":["Bash"]},{"damage_healed":0,"gold_gain":50,"player_choice":"Pray","damage_taken":0,"max_hp_gain":0,"max_hp_loss":0,"event_name":"Golden Shrine","floor":11,"gold_loss":0}],"is_beta":false,"boss_relics":[],"items_purged_floors":[],"is_endless":false,"potions_floor_spawned":[],"killed_by":"Lagavulin","ascension_level":20}