{"gold_per_floor":[114,134,134,134,28,28,38,38,38,67,81,92,104,124,124,228,228,244,244,262,262,277,303,303,319,319,319,229,93,108,127,127,127],"floor_reached":33,"playtime":3007,"items_purged":[],"score":296,"play_id":"93c6c968-0dc1-41ae-a452-617e014900cc","local_time":"20190522013914","is_ascension_mode":false,"campfire_choices":[{"floor":6,"key":"REST"},{"floor":8,"key":"REST"},{"floor":15,"key":"REST"},{"floor":24,"key":"REST"},{"floor":27,"key":"REST"},{"floor":32,"key":"REST"}],"neow_cost":"NONE","seed_source_timestamp":197937986465100,"circlet_count":0,"master_deck":["Strike_R","Strike_R","Defend_R","Defend_R","Defend_R","Bash","Headbutt","Seeing Red","Entrench","Shrug It Off","Clothesline","Bludgeon","Blood for Blood","Armaments","Sever Soul","Iron Wave","Power Through","Reaper","Armaments+1","Iron Wave","True Grit","Impervious+1","Sever Soul","Thunderclap+1","Iron Wave+1","Anger","Bandage Up","Clothesline","Flame Barrier"],"relics":["Burning Blood","Mercury Hourglass","Red Skull","Fusion Hammer","Pear","Question Card"],"potions_floor_usage":[18,33,33,33],"damage_taken":[{"damage":7,"enemies":"Small Slimes","floor":1,"turns":5},{"damage":9,"enemies":"Cultist","floor":2,"turns":4},{"damage":6,"enemies":"2 Louse","floor":7,"turns":2},{"damage":6,"enemies":"Gremlin Nob","floor":10,"turns":4},{"damage":13,"enemies":"2 Fungi Beasts","floor":11,"turns":3},{"damage":12,"enemies":"Gremlin Gang","floor":12,"turns":5},{"damage":10,"enemies":"Looter","floor":13,"turns":2},{"damage":8,"enemies":"Large Slime","floor":14,"turns":5},{"damage":52,"enemies":"The Guardian","floor":16,"turns":15},{"damage":12,"enemies":"Chosen","floor":18,"turns":4},{"damage":10,"enemies":"Spheric Guardian","floor":20,"turns":3},{"damage":19,"enemies":"Snake Plant","floor":22,"turns":4},{"damage":27,"enemies":"Gremlin Leader","floor":23,"turns":8},{"damage":25,"enemies":"Sentry and Sphere","floor":25,"turns":7},{"damage":6,"enemies":"Snecko","floor":30,"turns":5},{"damage":20,"enemies":"Chosen and Byrds","floor":31,"turns":6},{"damage":107,"enemies":"Champ","floor":33,"turns":15}],"seed_played":"1455092910444157691","potions_obtained":[{"floor":7,"key":"GamblersBrew"},{"floor":10,"key":"GamblersBrew"},{"floor":11,"key":"Poison Potion"},{"floor":16,"key":"Regen Potion"},{"floor":18,"key":"Poison Potion"},{"floor":20,"key":"SteroidPotion"},{"floor":25,"key":"PowerPotion"}],"is_trial":false,"path_per_floor":["M","M","?","?","$","R","M","R","T","E","M","M","M","M","R","B",null,"M","?","M","?","M","E","R","M","T","R","?","$","M","M","R","B"],"character_chosen":"IRONCLAD","items_purchased":["Shrug It Off","Clothesline","Anger","Bandage Up"],"campfire_rested":6,"item_purchase_floors":[5,5,29,29],"current_hp_per_floor":[87,84,77,77,77,88,88,88,88,88,81,75,71,69,88,42,88,82,82,78,78,69,63,92,73,73,98,98,98,98,92,98,0],"gold":127,"neow_bonus":"TEN_PERCENT_HP_BONUS","is_prod":false,"is_daily":false,"chose_seed":false,"campfire_upgraded":0,"win_rate":0.0,"timestamp":1558503554,"path_taken":["M","M","?","?","$","R","M","R","T","E","M","M","?","M","R","BOSS","M","?","?","?","M","E","R","M","T","R","?","$","?","M","R","BOSS"],"build_version":"2019-01-23","purchased_purges":0,"victory":false,"max_hp_per_floor":[88,88,88,88,88,88,88,88,88,88,88,88,88,88,88,88,88,88,88,88,88,88,98,98,98,98,98,98,98,98,98,98,98],"card_choices":[{"not_picked":["Iron Wave","Flex"],"picked":"Headbutt","floor":1},{"not_picked":["Combust","Intimidate"],"picked":"Seeing Red","floor":2},{"not_picked":["Sword Boomerang","Perfected Strike"],"picked":"Bludgeon","floor":7},{"not_picked":["Body Slam","Sword Boomerang"],"picked":"Blood for Blood","floor":10},{"not_picked":["Searing Blow","Ghostly Armor"],"picked":"Armaments","floor":11},{"not_picked":["Pommel Strike","True Grit"],"picked":"Sever Soul","floor":12},{"not_picked":["Sword Boomerang","Pommel Strike"],"picked":"Iron Wave","floor":13},{"not_picked":["Hemokinesis","Blood for Blood"],"picked":"Power Through","floor":14},{"not_picked":["Feed","Double Tap"],"picked":"Reaper","floor":16},{"not_picked":["Corruption","Sword Boomerang"],"picked":"Armaments+1","floor":18},{"not_picked":["Warcry+1","Pummel"],"picked":"True Grit","floor":20},{"not_picked":["Iron Wave","Clash"],"picked":"Sever Soul","floor":22},{"not_picked":["Clash","Headbutt+1"],"picked":"Thunderclap+1","floor":23},{"not_picked":["True Grit","Warcry"],"picked":"Iron Wave+1","floor":25},{"not_picked":["Rampage","Flex","Feed"],"picked":"Clothesline","floor":30},{"not_picked":["Flex","Perfected Strike","Warcry"],"picked":"Flame Barrier","floor":31}],"player_experience":782,"relics_obtained":[{"floor":9,"key":"Mercury Hourglass"},{"floor":10,"key":"Red Skull"},{"floor":23,"key":"Pear"},{"floor":26,"key":"Question Card"}],"event_choices":[{"cards_removed":["Defend_R"],"damage_healed":0,"gold_gain":0,"player_choice":"Card Removal","damage_taken":7,"max_hp_gain":0,"max_hp_loss":0,"event_name":"Golden Wing","floor":3,"gold_loss":0},{"damage_healed":0,"gold_gain":0,"cards_transformed":["Strike_R"],"player_choice":"Transformed","damage_taken":0,"max_hp_gain":0,"max_hp_loss":0,"event_name":"Transmorgrifier","floor":4,"gold_loss":0,"cards_obtained":["Entrench"]},{"cards_removed":["Strike_R"],"damage_healed":0,"gold_gain":0,"player_choice":"Took Card","damage_taken":0,"max_hp_gain":0,"max_hp_loss":0,"event_name":"NoteForYourself","floor":19,"gold_loss":0,"cards_obtained":["Iron Wave"]},{"damage_healed":0,"gold_gain":0,"player_choice":"Read","damage_taken":0,"max_hp_gain":0,"max_hp_loss":0,"event_name":"The Library","floor":21,"gold_loss":0,"cards_obtained":["Impervious"]},{"cards_removed":["Strike_R"],"damage_healed":0,"gold_gain":0,"player_choice":"Upgrade and Remove","damage_taken":0,"max_hp_gain":0,"max_hp_loss":0,"event_name":"Designer","floor":28,"gold_loss":90,"cards_upgraded":["Impervious"]}],"is_beta":false,"boss_relics":[{"not_picked":["Velvet Choker","Cursed Key"],"picked":"Fusion Hammer"}],"items_purged_floors":[],"is_endless":false,"potions_floor_spawned":[7,10,11,16,18,20,25,31],"killed_by":"Champ","ascension_level":0}