{"gold_per_floor":[210,210,228,228,81,115,115,129,129,144,161,195,195,209,209,209],"floor_reached":16,"playtime":647,"items_purged":["Strike_R"],"score":137,"play_id":"c84dbfeb-0445-4bd1-b73a-801eb83e2815","local_time":"20190716025055","is_ascension_mode":false,"campfire_choices":[{"floor":7,"key":"REST"},{"data":"Whirlwind","floor":13,"key":"SMITH"},{"floor":15,"key":"REST"}],"neow_cost":"NONE","seed_source_timestamp":69254610436145,"circlet_count":0,"master_deck":["Strike_R","Strike_R","Strike_R","Strike_R+1","Defend_R","Defend_R","Defend_R+1","Defend_R","Bash","Pommel Strike","Entrench","Whirlwind+1","Inflame","Inflame","Heavy Blade","Shrug It Off"],"relics":["Burning Blood","Singing Bowl","Gambling Chip","Strawberry","Orichalcum"],"potions_floor_usage":[12,12,12,16],"damage_taken":[{"damage":6,"enemies":"Jaw Worm","floor":1,"turns":3},{"damage":0,"enemies":"Small Slimes","floor":3,"turns":3},{"damage":37,"enemies":"3 Sentries","floor":6,"turns":6},{"damage":1,"enemies":"Cultist","floor":8,"turns":3},{"damage":0,"enemies":"Lots of Slimes","floor":10,"turns":1},{"damage":6,"enemies":"Large Slime","floor":11,"turns":6},{"damage":31,"enemies":"Lagavulin","floor":12,"turns":4},{"damage":3,"enemies":"Red Slaver","floor":14,"turns":3},{"damage":89,"enemies":"Hexaghost","floor":16,"turns":15}],"seed_played":"7517462016504072544","potions_obtained":[{"floor":8,"key":"Poison Potion"},{"floor":10,"key":"Fruit Juice"},{"floor":11,"key":"SkillPotion"},{"floor":12,"key":"Block Potion"}],"is_trial":false,"path_per_floor":["M","?","M","?","$","E","R","M","T","M","M","E","R","M","R","B"],"character_chosen":"IRONCLAD","items_purchased":["Whirlwind"],"campfire_rested":2,"item_purchase_floors":[5],"current_hp_per_floor":[80,64,70,58,58,27,51,56,63,71,71,53,53,56,84,0],"gold":209,"neow_bonus":"HUNDRED_GOLD","is_prod":false,"is_daily":false,"chose_seed":false,"campfire_upgraded":1,"win_rate":0.0,"timestamp":1563259855,"path_taken":["M","?","M","?","$","E","R","M","T","M","M","E","R","M","R","BOSS"],"build_version":"2019-07-05","purchased_purges":1,"victory":false,"max_hp_per_floor":[80,80,80,80,80,80,80,80,87,89,89,96,96,96,96,96],"card_choices":[{"not_picked":["Havoc","Second Wind"],"picked":"Pommel Strike","floor":1},{"not_picked":["Corruption","Clash"],"picked":"Entrench","floor":3},{"not_picked":["Twin Strike","Berserk"],"picked":"Inflame","floor":6},{"not_picked":["Armaments","Clothesline"],"picked":"Inflame","floor":8},{"not_picked":["Thunderclap","Perfected Strike","Twin Strike"],"picked":"Singing Bowl","floor":10},{"not_picked":["Searing Blow","Corruption"],"picked":"Heavy Blade","floor":11},{"not_picked":["Berserk","Perfected Strike","Sword Boomerang"],"picked":"Singing Bowl","floor":12},{"not_picked":["Wild Strike","Perfected Strike"],"picked":"Shrug It Off","floor":14}],"player_experience":79078,"relics_obtained":[{"floor":6,"key":"Gambling Chip"},{"floor":9,"key":"Strawberry"},{"floor":12,"key":"Orichalcum"}],"event_choices":[{"damage_healed":0,"gold_gain":0,"player_choice":"Entered Light","damage_taken":16,"max_hp_gain":0,"max_hp_loss":0,"event_name":"Shining Light","floor":2,"gold_loss":0,"cards_upgraded":["Defend_R","Strike_R"]},{"damage_healed":0,"gold_gain":0,"player_choice":"Success","damage_taken":12,"relics_obtained":["Singing Bowl"],"max_hp_gain":0,"max_hp_loss":0,"event_name":"Scrap Ooze","floor":4,"gold_loss":0}],"is_beta":false,"boss_relics":[],"items_purged_floors":[5],"is_endless":false,"potions_floor_spawned":[8,10,11,12],"killed_by":"Hexaghost","ascension_level":0}