{"gold_per_floor":[114,132,132,142,67,67,94,105,105,137,148,177,187,207,207,280,280,292,292,292,292,312,312,327,361,361,419,438,438,449,549,549,624,624,637,330,330,330,347,347],"floor_reached":40,"playtime":2191,"items_purged":["Decay","Strike_B+1"],"score":896,"play_id":"53c0ea10-cb7e-4716-8f63-bdd9ea4b664c","local_time":"20190625191154","is_ascension_mode":true,"campfire_choices":[{"data":"Zap","floor":6,"key":"SMITH"},{"data":"Darkness","floor":15,"key":"SMITH"},{"floor":23,"key":"REST"},{"floor":29,"key":"REST"},{"floor":32,"key":"REST"}],"neow_cost":"NONE","seed_source_timestamp":883853353823864,"circlet_count":0,"master_deck":["AscendersBane","Strike_B+1","Strike_B+1","Strike_B+1","Defend_B+1","Defend_B+1","Defend_B+1","Defend_B+1","Zap+1","Dualcast","Melter","Conserve Battery","Gash","Auto Shields","Gash","Undo","Compile Driver","Darkness+1","Electrodynamics","Steam+1","Hologram","Chill","Coolheaded","Gash+1","Coolheaded+1","Self Repair","Creative AI","Panache","Go for the Eyes+1"],"relics":["Cracked Core","NeowsBlessing","Kunai","Pantograph","Pocketwatch","Nunchaku","Fusion Hammer","Pen Nib","Tiny Chest","Turnip","Ornamental Fan","Busted Crown"],"potions_floor_usage":[7,10,25,27],"damage_taken":[{"damage":0,"enemies":"Jaw Worm","floor":1,"turns":1},{"damage":0,"enemies":"Cultist","floor":2,"turns":1},{"damage":0,"enemies":"Small Slimes","floor":4,"turns":1},{"damage":39,"enemies":"Gremlin Nob","floor":7,"turns":4},{"damage":3,"enemies":"Blue Slaver","floor":8,"turns":3},{"damage":8,"enemies":"Lagavulin","floor":10,"turns":7},{"damage":0,"enemies":"2 Fungi Beasts","floor":11,"turns":3},{"damage":6,"enemies":"3 Sentries","floor":12,"turns":6},{"damage":2,"enemies":"Exordium Thugs","floor":13,"turns":5},{"damage":1,"enemies":"3 Louse","floor":14,"turns":4},{"damage":17,"enemies":"Hexaghost","floor":16,"turns":8},{"damage":10,"enemies":"Shell Parasite","floor":18,"turns":5},{"damage":7,"enemies":"3 Byrds","floor":22,"turns":4},{"damage":13,"enemies":"Snake Plant","floor":24,"turns":4},{"damage":10,"enemies":"Gremlin Leader","floor":25,"turns":7},{"damage":10,"enemies":"Slavers","floor":27,"turns":4},{"damage":1,"enemies":"Cultist and Chosen","floor":28,"turns":6},{"damage":3,"enemies":"Snecko","floor":30,"turns":6},{"damage":1,"enemies":"Colosseum Slavers","floor":31,"turns":5},{"damage":4,"enemies":"Colosseum Nobs","floor":31,"turns":5},{"damage":44,"enemies":"Collector","floor":33,"turns":12},{"damage":37,"enemies":"3 Darklings","floor":35,"turns":6},{"damage":0,"enemies":"3 Shapes","floor":39,"turns":7},{"damage":45,"enemies":"Nemesis","floor":40,"turns":8}],"seed_played":"5704900095934955248","potions_obtained":[{"floor":1,"key":"Regen Potion"},{"floor":2,"key":"SteroidPotion"},{"floor":10,"key":"Swift Potion"},{"floor":14,"key":"Dexterity Potion"},{"floor":21,"key":"Energy Potion"},{"floor":24,"key":"Poison Potion"},{"floor":27,"key":"SpeedPotion"},{"floor":28,"key":"Explosive Potion"}],"is_trial":false,"path_per_floor":["M","M","?","M","$","R","E","M","T","E","M","E","M","M","R","B",null,"M","?","?","?","M","R","M","E","T","E","M","R","M","?","R","B",null,"M","$","?","?","M","E"],"character_chosen":"DEFECT","items_purchased":["Panache"],"campfire_rested":3,"item_purchase_floors":[36],"current_hp_per_floor":[64,64,64,64,64,64,25,22,22,29,29,23,21,20,20,28,60,50,50,50,50,43,64,51,41,41,31,30,51,48,43,64,34,62,32,32,32,32,39,0],"gold":347,"neow_bonus":"THREE_ENEMY_KILL","is_prod":false,"is_daily":false,"chose_seed":false,"campfire_upgraded":2,"win_rate":0,"timestamp":1561504314,"path_taken":["M","M","?","?","?","R","E","?","T","E","?","E","?","M","R","BOSS","M","?","?","?","?","R","M","E","T","E","M","R","M","?","R","BOSS","M","$","?","?","M","E"],"build_version":"2019-01-23","purchased_purges":2,"victory":false,"max_hp_per_floor":[71,71,71,71,71,71,71,71,71,71,71,71,71,71,71,71,71,71,71,71,71,71,71,71,71,71,71,71,71,71,71,71,71,71,71,71,71,71,71,71],"card_choices":[{"not_picked":["Aggregate","Beam Cell"],"picked":"Melter","floor":1},{"not_picked":["Melter","Steam"],"picked":"Conserve Battery","floor":2},{"not_picked":["Conserve Battery","Leap"],"picked":"Gash","floor":4},{"not_picked":["Stack","Scrape"],"picked":"Auto Shields","floor":7},{"not_picked":["Loop","Fusion"],"picked":"Static Discharge","floor":8},{"not_picked":["Amplify","Chill"],"picked":"Gash","floor":10},{"not_picked":["Steam","Melter"],"picked":"Undo","floor":11},{"not_picked":["Force Field","Melter"],"picked":"Compile Driver","floor":12},{"not_picked":["Sunder","Beam Cell","Blizzard"],"picked":"SKIP","floor":13},{"not_picked":["Turbo","Rip and Tear"],"picked":"Darkness","floor":14},{"not_picked":["Seek","Hyperbeam"],"picked":"Electrodynamics","floor":16},{"not_picked":["Leap","Go for the Eyes"],"picked":"Steam+1","floor":18},{"not_picked":["Sweeping Beam","Double Energy"],"picked":"Chill","floor":22},{"not_picked":["Sweeping Beam","Tempest","Steam"],"picked":"SKIP","floor":24},{"not_picked":["Sunder","Go for the Eyes"],"picked":"Coolheaded","floor":25},{"not_picked":["Compile Driver","Redo"],"picked":"Gash+1","floor":27},{"not_picked":["Rebound","Go for the Eyes","Barrage"],"picked":"SKIP","floor":28},{"not_picked":["Doom and Gloom","Skim"],"picked":"Coolheaded+1","floor":30},{"not_picked":["Sunder","Sweeping Beam+1"],"picked":"Self Repair","floor":31},{"not_picked":["Buffer","Thunder Strike"],"picked":"Creative AI","floor":33},{"not_picked":["Go for the Eyes"],"picked":"SKIP","floor":35},{"not_picked":[],"picked":"Go for the Eyes+1","floor":39}],"player_experience":1540422,"relics_obtained":[{"floor":7,"key":"Kunai"},{"floor":9,"key":"Pantograph"},{"floor":10,"key":"Pocketwatch"},{"floor":12,"key":"Nunchaku"},{"floor":25,"key":"Pen Nib"},{"floor":27,"key":"Tiny Chest"},{"floor":31,"key":"Turnip"},{"floor":31,"key":"Ornamental Fan"}],"event_choices":[{"damage_healed":0,"gold_gain":0,"player_choice":"Cursed","damage_taken":0,"max_hp_gain":0,"max_hp_loss":0,"event_name":"Wheel of Change","floor":3,"gold_loss":0,"cards_obtained":["Decay"]},{"damage_healed":0,"gold_gain":0,"player_choice":"Simplicity","damage_taken":0,"max_hp_gain":0,"max_hp_loss":0,"event_name":"Back to Basics","floor":19,"gold_loss":0,"cards_upgraded":["Strike_B","Strike_B","Strike_B","Strike_B","Defend_B","Defend_B","Defend_B","Defend_B"]},{"damage_healed":0,"gold_gain":0,"player_choice":"Read","damage_taken":0,"max_hp_gain":0,"max_hp_loss":0,"event_name":"The Library","floor":20,"gold_loss":0,"cards_obtained":["Hologram"]},{"damage_healed":0,"gold_gain":0,"player_choice":"Got Potions","damage_taken":0,"max_hp_gain":0,"max_hp_loss":0,"event_name":"Lab","floor":21,"gold_loss":0},{"damage_healed":0,"gold_gain":0,"player_choice":"Fight","damage_taken":0,"max_hp_gain":0,"max_hp_loss":0,"event_name":"Colosseum","floor":31,"gold_loss":0},{"damage_healed":0,"gold_gain":0,"player_choice":"Fought Nobs","damage_taken":0,"max_hp_gain":0,"max_hp_loss":0,"event_name":"Colosseum","floor":31,"gold_loss":0},{"damage_healed":0,"gold_gain":0,"player_choice":"Ignored","damage_taken":0,"max_hp_gain":0,"max_hp_loss":0,"event_name":"Tomb of Lord Red Mask","floor":37,"gold_loss":0},{"cards_removed":["Static Discharge"],"damage_healed":0,"gold_gain":0,"player_choice":"Removed Power","damage_taken":0,"max_hp_gain":0,"max_hp_loss":0,"event_name":"Falling","floor":38,"gold_loss":0}],"is_beta":false,"boss_relics":[{"not_picked":["Tiny House","Lizard Tail"],"picked":"Fusion Hammer"},{"not_picked":["Eternal Feather","Velvet Choker"],"picked":"Busted Crown"}],"items_purged_floors":[5,36],"is_endless":false,"potions_floor_spawned":[1,2,10,14,16,24,27,28,30,31],"killed_by":"Nemesis","ascension_level":20}