{"gold_per_floor":[110,125,140,65,65,90,90,90,90,90,120,138,154,154,154,230,230,240,272,284,284,302,6,6,6],"floor_reached":25,"playtime":1671,"items_purged":["Decay"],"score":422,"play_id":"202ca286-5524-4bce-aac0-0fb8a95c4d2a","local_time":"20190503201235","is_ascension_mode":true,"campfire_choices":[{"data":"Predator","floor":7.0,"key":"SMITH"},{"floor":10.0,"key":"REST"},{"data":"Blade Dance","floor":15.0,"key":"SMITH"},{"floor":24,"key":"REST"}],"neow_cost":"NONE","seed_source_timestamp":322285856506572,"circlet_count":0,"master_deck":["AscendersBane","Defend_G","Defend_G","Defend_G","Defend_G","Defend_G","Strike_G","Strike_G","Strike_G","Strike_G","Survivor+1","Neutralize+1","Choke","Poisoned Stab","Dagger Spray","Predator+1","Escape Plan","Terror","Blade Dance+1","A Thousand Cuts","Blade Dance","Dash","Backflip","PiercingWail+1","Envenom","Dash"],"special_seed":0,"relics":["Ring of the Snake","Kunai","CultistMask","Pantograph","Art of War","Snecko Eye","Red Mask","Matryoshka"],"potions_floor_usage":[],"damage_taken":[{"damage":3.0,"enemies":"Small Slimes","floor":1.0,"turns":4.0},{"damage":0.0,"enemies":"2 Louse","floor":2.0,"turns":2.0},{"damage":4.0,"enemies":"Cultist","floor":3.0,"turns":3.0},{"damage":26.0,"enemies":"Lagavulin","floor":6.0,"turns":7.0},{"damage":23.0,"enemies":"Gremlin Nob","floor":11.0,"turns":4.0},{"damage":2.0,"enemies":"2 Fungi Beasts","floor":12.0,"turns":4.0},{"damage":5.0,"enemies":"Red Slaver","floor":13.0,"turns":2.0},{"damage":21.0,"enemies":"The Guardian","floor":16.0,"turns":14.0},{"damage":7.0,"enemies":"Chosen","floor":18.0,"turns":3.0},{"damage":11.0,"enemies":"Masked Bandits","floor":19.0,"turns":3.0},{"damage":0.0,"enemies":"3 Byrds","floor":20.0,"turns":5.0},{"damage":25,"enemies":"Centurion and Healer","floor":22,"turns":7},{"damage":31,"enemies":"Sentry and Sphere","floor":25,"turns":6}],"seed_played":"459706474302413060","potions_obtained":[{"floor":1.0,"key":"Regen Potion"},{"floor":3.0,"key":"SpeedPotion"},{"floor":13.0,"key":"SteroidPotion"},{"floor":20.0,"key":"SneckoOil"}],"is_trial":false,"path_per_floor":["M","M","M","?","?","E","R","?","T","R","E","M","M","?","R","B",null,"M","?","M","?","M","$","R","M"],"character_chosen":"THE_SILENT","items_purchased":["Envenom","Dash"],"campfire_rested":2,"item_purchase_floors":[23,23],"current_hp_per_floor":[56,56,52,52,32,21,21,21,21,40,17,15,10,10,10,14,53,46,35,35,35,10,10,29,0],"gold":6,"neow_bonus":"THREE_CARDS","is_prod":false,"is_daily":false,"chose_seed":false,"campfire_upgraded":2,"win_rate":0,"timestamp":1556928755,"path_taken":["M","M","M","?","?","E","R","?","T","R","E","M","?","?","R","BOSS","M","?","M","?","M","$","R","M"],"build_version":"2019-01-23","purchased_purges":1,"victory":false,"max_hp_per_floor":[66,66,66,66,66,66,66,66,66,66,66,66,66,66,66,66,66,66,66,66,66,66,66,66,66],"card_choices":[{"not_picked":["Accuracy","Dagger Spray"],"picked":"Choke","floor":0.0},{"not_picked":["Choke","Crippling Poison"],"picked":"Poisoned Stab","floor":1.0},{"not_picked":["Blade Dance","Acrobatics"],"picked":"Dagger Spray","floor":2.0},{"not_picked":["Acrobatics","Quick Slash","Bane"],"picked":"SKIP","floor":3.0},{"not_picked":["Outmaneuver","Underhanded Strike"],"picked":"Predator","floor":6.0},{"not_picked":["Acrobatics","Outmaneuver"],"picked":"Escape Plan","floor":11.0},{"not_picked":["Dagger Throw","Sucker Punch"],"picked":"Terror","floor":12.0},{"not_picked":["Heel Hook","Outmaneuver","Blade Dance"],"picked":"SKIP","floor":13.0},{"not_picked":["Heel Hook","Outmaneuver"],"picked":"Blade Dance","floor":13.0},{"not_picked":["Bullet Time","After Image"],"picked":"A Thousand Cuts","floor":16.0},{"not_picked":["Caltrops","Endless Agony"],"picked":"Blade Dance","floor":18.0},{"not_picked":["Expertise","Calculated Gamble"],"picked":"Dash","floor":19.0},{"not_picked":["Blade Dance","Blur"],"picked":"Backflip","floor":20.0},{"not_picked":["Quick Slash+1","Eviscerate+1"],"picked":"PiercingWail+1","floor":22}],"player_experience":1158410,"relics_obtained":[{"floor":6.0,"key":"Kunai"},{"floor":9.0,"key":"Pantograph"},{"floor":11.0,"key":"Art of War"},{"floor":19.0,"key":"Red Mask"}],"event_choices":[{"cards_removed":["Strike_G"],"damage_healed":0.0,"max_hp_gain":0.0,"max_hp_loss":0.0,"gold_gain":0.0,"event_name":"The Cleric","player_choice":"Card Removal","floor":4.0,"gold_loss":75.0,"damage_taken":0.0},{"damage_healed":0.0,"max_hp_gain":0.0,"max_hp_loss":0.0,"gold_gain":0.0,"event_name":"Shining Light","player_choice":"Entered Light","floor":5.0,"gold_loss":0.0,"damage_taken":20.0,"cards_upgraded":["Survivor","Neutralize"]},{"damage_healed":0.0,"max_hp_gain":0.0,"max_hp_loss":0.0,"gold_gain":0.0,"event_name":"FaceTrader","player_choice":"Trade","floor":8.0,"gold_loss":0.0,"damage_taken":0.0,"relics_obtained":["CultistMask"]},{"damage_healed":0.0,"max_hp_gain":0.0,"max_hp_loss":0.0,"gold_gain":0.0,"event_name":"Wheel of Change","player_choice":"Cursed","floor":14.0,"gold_loss":0.0,"damage_taken":0.0,"cards_obtained":["Decay"]},{"damage_healed":0.0,"max_hp_gain":0.0,"max_hp_loss":0.0,"gold_gain":0.0,"event_name":"Masked Bandits","player_choice":"Fought Bandits","floor":19.0,"gold_loss":0.0,"damage_taken":0.0},{"damage_healed":0.0,"max_hp_gain":0.0,"max_hp_loss":0.0,"gold_gain":0.0,"event_name":"WeMeetAgain","player_choice":"Gave Potion","floor":21.0,"gold_loss":0.0,"damage_taken":0.0,"relics_obtained":["Matryoshka"]}],"is_beta":false,"boss_relics":[{"not_picked":["Orrery","Eternal Feather"],"picked":"Snecko Eye"}],"items_purged_floors":[23],"is_endless":false,"potions_floor_spawned":[1,3,13,20],"killed_by":"Sentry and Sphere","ascension_level":20}