{"gold_per_floor":[116,116,86,106,129,203,203,247,270,313,336,336,349,114,114,203,203,217,37,57,57,57,57,91,106,106,144,168,168,44,58,58,58],"floor_reached":33,"playtime":1556,"items_purged":["Strike_B"],"score":610,"play_id":"60c07ac2-027e-49ef-9239-00477e78e0f8","local_time":"20190310113510","is_ascension_mode":true,"campfire_choices":[{"floor":7.0,"key":"REST"},{"data":"Darkness","floor":12,"key":"SMITH"},{"floor":15,"key":"REST"},{"data":"Biased Cognition","floor":23,"key":"SMITH"},{"floor":29,"key":"REST"},{"floor":32,"key":"REST"}],"neow_cost":"NONE","seed_source_timestamp":137599643798928,"circlet_count":0,"master_deck":["AscendersBane","Strike_B","Defend_B","Defend_B","Defend_B","Defend_B","Zap+1","Dualcast+1","Rebound","Ball Lightning","White Noise","Melter","Undo","Cold Snap","Darkness+1","Core Surge","Electrodynamics","Hologram","Biased Cognition+1","Go for the Eyes","Conserve Battery","All For One","Redo+1","Fission","White Noise","Conserve Battery","Seek","Creative AI"],"special_seed":0,"relics":["Cracked Core","Golden Idol","Tiny Chest","Vajra","Anchor","StoneCalendar","Happy Flower","Sozu","War Paint","The Courier","Bronze Scales"],"potions_floor_usage":[8,10,27],"damage_taken":[{"damage":3.0,"enemies":"2 Louse","floor":1.0,"turns":3.0},{"damage":14.0,"enemies":"Small Slimes","floor":4.0,"turns":3.0},{"damage":1.0,"enemies":"Cultist","floor":5.0,"turns":3.0},{"damage":10.0,"enemies":"3 Sentries","floor":6.0,"turns":7.0},{"damage":8,"enemies":"Gremlin Nob","floor":8,"turns":3},{"damage":25,"enemies":"Lagavulin","floor":10,"turns":4},{"damage":0,"enemies":"Looter","floor":11,"turns":3},{"damage":0,"enemies":"2 Fungi Beasts","floor":13,"turns":2},{"damage":26,"enemies":"The Guardian","floor":16,"turns":10},{"damage":2,"enemies":"3 Byrds","floor":18,"turns":2},{"damage":9,"enemies":"2 Thieves","floor":20,"turns":4},{"damage":11,"enemies":"Slavers","floor":24,"turns":2},{"damage":0,"enemies":"Snake Plant","floor":25,"turns":2},{"damage":13,"enemies":"Gremlin Leader","floor":27,"turns":5},{"damage":0,"enemies":"Centurion and Healer","floor":28,"turns":4},{"damage":19,"enemies":"Shelled Parasite and Fungi","floor":31,"turns":4},{"damage":64,"enemies":"Collector","floor":33,"turns":6}],"seed_played":"-459922066518240032","potions_obtained":[{"floor":1.0,"key":"Strength Potion"},{"floor":3.0,"key":"Block Potion"},{"floor":8,"key":"Strength Potion"},{"floor":11,"key":"GamblersBrew"},{"floor":16,"key":"FairyPotion"}],"is_trial":false,"path_per_floor":["M","?","?","M","M","E","R","E","T","E","M","R","M","$","R","B",null,"M","$","M","?","?","R","E","M","T","E","M","R","$","M","R","B"],"character_chosen":"DEFECT","items_purchased":["Happy Flower","Biased Cognition","Seek"],"campfire_rested":4,"item_purchase_floors":[14,19,30],"current_hp_per_floor":[61,61,61,47,46,36,55,47,47,22,22,22,22,22,41,15,52,50,50,41,41,41,41,30,30,30,17,17,36,36,17,36,0],"gold":58,"neow_bonus":"THREE_CARDS","is_prod":false,"is_daily":false,"chose_seed":false,"campfire_upgraded":2,"win_rate":0,"timestamp":1552232110,"path_taken":["M","?","?","M","?","E","R","E","T","E","M","R","M","$","R","BOSS","M","$","M","?","?","R","E","M","T","E","M","R","?","M","R","BOSS"],"build_version":"2019-01-23","purchased_purges":1,"victory":false,"max_hp_per_floor":[71,64,64,64,64,64,64,64,64,64,64,64,64,64,64,64,64,64,64,64,64,64,64,64,64,64,64,64,64,64,64,64,64],"card_choices":[{"not_picked":["Steam","Chill"],"picked":"Rebound","floor":0.0},{"not_picked":["Scrape","Melter"],"picked":"Ball Lightning","floor":1.0},{"not_picked":["Rebound","Chill"],"picked":"White Noise","floor":4.0},{"not_picked":["Go for the Eyes","Stack"],"picked":"Melter","floor":5.0},{"not_picked":["Conserve Battery","Chill"],"picked":"Undo","floor":6.0},{"not_picked":["Turbo","Barrage"],"picked":"Cold Snap","floor":8},{"not_picked":["Stack","Melter"],"picked":"Darkness","floor":10},{"not_picked":["Double Energy","Beam Cell","Compile Driver"],"picked":"SKIP","floor":11},{"not_picked":["Beam Cell","Turbo"],"picked":"Core Surge","floor":13},{"not_picked":["Meteor Strike","Reboot"],"picked":"Electrodynamics","floor":16},{"not_picked":["Barrage","Stack"],"picked":"Hologram","floor":18},{"not_picked":["Beam Cell","Hologram"],"picked":"Go for the Eyes","floor":20},{"not_picked":["Ball Lightning","Cold Snap"],"picked":"Redo+1","floor":24},{"not_picked":["Conserve Battery","Go for the Eyes"],"picked":"Fission","floor":25},{"not_picked":["Rebound","Go for the Eyes"],"picked":"White Noise","floor":27},{"not_picked":["Beam Cell","Streamline"],"picked":"Conserve Battery","floor":28},{"not_picked":["Leap","Conserve Battery"],"picked":"Creative AI","floor":31}],"player_experience":863355,"relics_obtained":[{"floor":6.0,"key":"Tiny Chest"},{"floor":8,"key":"Vajra"},{"floor":9,"key":"Anchor"},{"floor":10,"key":"StoneCalendar"},{"floor":24,"key":"War Paint"},{"floor":26,"key":"The Courier"},{"floor":27,"key":"Bronze Scales"}],"event_choices":[{"damage_healed":0.0,"max_hp_gain":0.0,"max_hp_loss":7.0,"gold_gain":0.0,"event_name":"Golden Idol","player_choice":"Lose Max HP","floor":2.0,"gold_loss":0.0,"damage_taken":0.0,"relics_obtained":["Golden Idol"]},{"damage_healed":0.0,"max_hp_gain":0.0,"max_hp_loss":0.0,"gold_gain":0.0,"event_name":"The Woman in Blue","player_choice":"Bought 2 Potions","floor":3.0,"gold_loss":0.0,"damage_taken":0.0},{"damage_healed":0,"gold_gain":0,"player_choice":"Ignored","damage_taken":0,"max_hp_gain":0,"max_hp_loss":0,"event_name":"The Mausoleum","floor":21,"gold_loss":0},{"damage_healed":0,"gold_gain":0,"cards_transformed":["Strike_B","Strike_B"],"player_choice":"Became Test Subject","damage_taken":0,"max_hp_gain":0,"max_hp_loss":0,"event_name":"Drug Dealer","floor":22,"gold_loss":0,"cards_obtained":["Conserve Battery","All For One"]}],"is_beta":false,"boss_relics":[{"not_picked":["FrozenCore","Runic Dome"],"picked":"Sozu"}],"items_purged_floors":[14],"is_endless":false,"potions_floor_spawned":[1,5,8,11,16,20,24,27,28],"killed_by":"Collector","ascension_level":20}