{"gold_per_floor":[114,114,114,11,27,27,57,57,57,57,72,72,103,28,28,102,102,120,120,133,144,144,144,159,186,186,186,236,251,251,282,282,359,409,422,422,422,189,189],"floor_reached":39,"playtime":2537,"items_purged":["Strike_B"],"score":996,"play_id":"f2723ca2-ca7c-4006-8915-e48d97dd63be","local_time":"20190504004133","is_ascension_mode":true,"campfire_choices":[{"data":"Coolheaded","floor":6.0,"key":"SMITH"},{"data":"Hologram","floor":8.0,"key":"SMITH"},{"data":"Hologram","floor":12.0,"key":"SMITH"},{"data":"Defragment","floor":15.0,"key":"SMITH"},{"data":"Fission","floor":23.0,"key":"SMITH"},{"floor":27.0,"key":"REST"},{"data":"Recycle","floor":30.0,"key":"SMITH"},{"floor":32,"key":"REST"}],"neow_cost":"NONE","seed_source_timestamp":337470435554830,"circlet_count":0,"master_deck":["AscendersBane","Defend_B","Defend_B","Defend_B","Zap","Dualcast","Gash","Gash","Coolheaded+1","Hologram+1","Hologram+1","Defragment+1","Fission+1","Recycle+1","Coolheaded+1","Chill","Reboot","Blizzard","Buffer","Biased Cognition+1","Turbo","Deep Breath","Madness","Madness","Self Repair"],"special_seed":0,"relics":["Cracked Core","NeowsBlessing","Strawberry","Gremlin Horn","Ancient Tea Set","Lizard Tail","Blood Vial","Anchor","Bag of Preparation","Tiny House","PreservedInsect"],"potions_floor_usage":[39],"damage_taken":[{"damage":0.0,"enemies":"Small Slimes","floor":1.0,"turns":1.0},{"damage":0.0,"enemies":"Jaw Worm","floor":5.0,"turns":1.0},{"damage":0.0,"enemies":"3 Sentries","floor":7.0,"turns":2.0},{"damage":0.0,"enemies":"2 Louse","floor":11.0,"turns":2.0},{"damage":16.0,"enemies":"Lagavulin","floor":13.0,"turns":6.0},{"damage":22.0,"enemies":"The Guardian","floor":16.0,"turns":9.0},{"damage":1.0,"enemies":"Spheric Guardian","floor":18.0,"turns":5.0},{"damage":25.0,"enemies":"2 Thieves","floor":20.0,"turns":5.0},{"damage":9.0,"enemies":"Snake Plant","floor":21.0,"turns":4.0},{"damage":3.0,"enemies":"Cultist and Chosen","floor":24.0,"turns":7.0},{"damage":21.0,"enemies":"Gremlin Leader","floor":25.0,"turns":6.0},{"damage":0.0,"enemies":"Centurion and Healer","floor":29.0,"turns":5.0},{"damage":18,"enemies":"Book of Stabbing","floor":31,"turns":6},{"damage":0,"enemies":"Champ","floor":33,"turns":8},{"damage":0,"enemies":"3 Darklings","floor":35,"turns":5},{"damage":151,"enemies":"2 Orb Walkers","floor":39,"turns":5}],"seed_played":"3975296071290080896","potions_obtained":[{"floor":1.0,"key":"Weak Potion"},{"floor":7.0,"key":"FocusPotion"},{"floor":21.0,"key":"AttackPotion"},{"floor":25.0,"key":"Fire Potion"},{"floor":34,"key":"AttackPotion"}],"is_trial":false,"path_per_floor":["M","$","?","$","M","R","E","R","T","?","M","R","E","?","R","B",null,"M","?","M","M","?","R","M","E","T","R","?","M","R","E","R","B",null,"M","?","?","$","?"],"character_chosen":"DEFECT","items_purchased":["Gash","Self Repair","PreservedInsect"],"campfire_rested":2,"item_purchase_floors":[4,38,38],"current_hp_per_floor":[64,64,57,57,57,57,64,64,64,64,64,64,48,48,48,26,65,64,64,39,30,30,30,27,6,6,29,29,31,31,15,38,40,74,76,71,56,56,0],"gold":189,"neow_bonus":"THREE_ENEMY_KILL","is_prod":false,"is_daily":false,"chose_seed":false,"campfire_upgraded":6,"win_rate":0,"timestamp":1556944893,"path_taken":["M","$","?","$","M","R","E","R","T","?","M","R","E","?","R","BOSS","M","?","M","M","?","R","M","E","T","R","?","?","R","E","R","BOSS","M","?","?","?","?"],"build_version":"2019-01-23","purchased_purges":1,"victory":false,"max_hp_per_floor":[71,71,71,71,71,71,78,78,78,78,78,78,78,78,78,78,78,78,78,78,78,78,78,78,78,78,78,78,78,78,78,78,78,83,83,83,83,83,83],"card_choices":[{"not_picked":["Heatsinks","Compile Driver"],"picked":"Gash","floor":1.0},{"not_picked":["Leap","Loop"],"picked":"Coolheaded","floor":5.0},{"not_picked":["Beam Cell","Sweeping Beam"],"picked":"Hologram","floor":7.0},{"not_picked":["Rip and Tear","Turbo"],"picked":"Hologram","floor":11.0},{"not_picked":["Streamline","Sunder"],"picked":"Defragment","floor":13.0},{"not_picked":["Rainbow","Multi-Cast"],"picked":"Fission","floor":16.0},{"not_picked":["Sweeping Beam","Hologram"],"picked":"Recycle","floor":18.0},{"not_picked":["Leap","Ball Lightning"],"picked":"Coolheaded+1","floor":20.0},{"not_picked":["Rebound","Hello World","Steam"],"picked":"SKIP","floor":21.0},{"not_picked":["Steam Power+1","Sweeping Beam"],"picked":"Chill","floor":24.0},{"not_picked":["Beam Cell","FTL"],"picked":"Reboot","floor":25.0},{"not_picked":["Sunder","Streamline+1"],"picked":"Blizzard","floor":29.0},{"not_picked":["White Noise","Turbo"],"picked":"Buffer","floor":31},{"not_picked":["Machine Learning","Seek"],"picked":"Biased Cognition","floor":33},{"not_picked":["Sweeping Beam","Barrage"],"picked":"Turbo","floor":34},{"not_picked":["Leap","Barrage","Reinforced Body"],"picked":"SKIP","floor":35},{"not_picked":["Leap","Barrage","Reinforced Body"],"picked":"SKIP","floor":35},{"not_picked":["Dramatic Entrance","Flash of Steel"],"picked":"Deep Breath","floor":36}],"player_experience":1171257,"relics_obtained":[{"floor":7.0,"key":"Strawberry"},{"floor":9.0,"key":"Gremlin Horn"},{"floor":13.0,"key":"Ancient Tea Set"},{"floor":25.0,"key":"Blood Vial"},{"floor":26.0,"key":"Anchor"},{"floor":31,"key":"Bag of Preparation"}],"event_choices":[{"cards_removed":["Strike_B"],"damage_healed":0.0,"max_hp_gain":0.0,"max_hp_loss":0.0,"gold_gain":0.0,"event_name":"Golden Wing","player_choice":"Card Removal","floor":3.0,"gold_loss":0.0,"damage_taken":7.0},{"cards_removed":["Strike_B"],"damage_healed":0.0,"max_hp_gain":0.0,"max_hp_loss":0.0,"gold_gain":0.0,"event_name":"Living Wall","player_choice":"Forget","floor":10.0,"gold_loss":0.0,"damage_taken":0.0},{"cards_removed":["Strike_B"],"damage_healed":0.0,"max_hp_gain":0.0,"max_hp_loss":0.0,"gold_gain":0.0,"event_name":"The Cleric","player_choice":"Card Removal","floor":14.0,"gold_loss":75.0,"damage_taken":0.0},{"damage_healed":0.0,"max_hp_gain":0.0,"max_hp_loss":0.0,"gold_gain":0.0,"event_name":"Vampires","player_choice":"Ignored","floor":19.0,"gold_loss":0.0,"damage_taken":0.0},{"cards_removed":["Defend_B"],"damage_healed":0.0,"max_hp_gain":0.0,"max_hp_loss":0.0,"gold_gain":0.0,"event_name":"Back to Basics","player_choice":"Elegance","floor":22.0,"gold_loss":0.0,"damage_taken":0.0},{"damage_healed":0.0,"max_hp_gain":0.0,"max_hp_loss":0.0,"gold_gain":50.0,"event_name":"Golden Shrine","player_choice":"Pray","floor":28.0,"gold_loss":0.0,"damage_taken":0.0},{"damage_healed":0,"gold_gain":0,"player_choice":"Memory 2","damage_taken":5,"max_hp_gain":0,"max_hp_loss":0,"event_name":"SensoryStone","floor":36,"gold_loss":0},{"damage_healed":0,"gold_gain":0,"player_choice":"Embrace Madness","damage_taken":15,"max_hp_gain":0,"max_hp_loss":0,"event_name":"Winding Halls","floor":37,"gold_loss":0,"cards_obtained":["Madness","Madness"]},{"damage_healed":0,"gold_gain":0,"player_choice":"Fight","damage_taken":0,"max_hp_gain":0,"max_hp_loss":0,"event_name":"Mysterious Sphere","floor":39,"gold_loss":0}],"is_beta":false,"boss_relics":[{"not_picked":["Runic Dome","Velvet Choker"],"picked":"Lizard Tail"},{"not_picked":["Coffee Dripper","Eternal Feather"],"picked":"Tiny House"}],"items_purged_floors":[4],"is_endless":false,"potions_floor_spawned":[1,7,21,25],"killed_by":"2 Orb Walkers","ascension_level":20}