{"gold_per_floor":[115,126,140,105,105,134,134,162,237,263,275,275,287,287,287,364,364,374,374,385,400,414,414,414,414],"floor_reached":25,"playtime":1218,"items_purged":[],"score":471,"play_id":"75e43f21-884e-4a51-b560-0568959292ff","local_time":"20190512003021","is_ascension_mode":true,"campfire_choices":[{"floor":7,"key":"REST"},{"data":"Fission","floor":12,"key":"SMITH"},{"data":"Coolheaded","floor":15,"key":"SMITH"},{"floor":23,"key":"REST"}],"neow_cost":"PERCENT_DAMAGE","seed_source_timestamp":688105711228470,"circlet_count":0,"master_deck":["AscendersBane","Strike_B","Strike_B","Strike_B","Strike_B","Defend_B","Defend_B","Defend_B","Defend_B","Zap","Dualcast","Echo Form","Ball Lightning","FTL","Sweeping Beam","Fission+1","Coolheaded+1","Conserve Battery","Conserve Battery+1","Self Repair","Biased Cognition"],"relics":["Cracked Core","Incense Burner","Strawberry","PreservedInsect","The Courier","Lantern","Black Star"],"potions_floor_usage":[6,16,16],"damage_taken":[{"damage":7,"enemies":"Cultist","floor":1,"turns":4},{"damage":12,"enemies":"Jaw Worm","floor":2,"turns":2},{"damage":7,"enemies":"Small Slimes","floor":3,"turns":3},{"damage":10,"enemies":"3 Sentries","floor":6,"turns":2},{"damage":5,"enemies":"Lagavulin","floor":8,"turns":6},{"damage":15,"enemies":"3 Sentries","floor":10,"turns":7},{"damage":5,"enemies":"2 Fungi Beasts","floor":11,"turns":4},{"damage":4,"enemies":"Large Slime","floor":13,"turns":3},{"damage":10,"enemies":"Hexaghost","floor":16,"turns":9},{"damage":22,"enemies":"2 Thieves","floor":18,"turns":3},{"damage":31,"enemies":"Chosen","floor":20,"turns":7},{"damage":30,"enemies":"Snecko","floor":21,"turns":10},{"damage":26,"enemies":"Snake Plant","floor":22,"turns":6},{"damage":7,"enemies":"Cultist and Chosen","floor":25,"turns":4}],"seed_played":"-4057706525476783108","potions_obtained":[{"floor":1,"key":"AttackPotion"},{"floor":2,"key":"Fire Potion"},{"floor":8,"key":"Block Potion"},{"floor":10,"key":"Fire Potion"},{"floor":22,"key":"FocusPotion"}],"is_trial":false,"path_per_floor":["M","M","M","?","?","E","R","E","T","E","M","R","M","?","R","B",null,"M","?","M","M","M","R","?","M"],"character_chosen":"DEFECT","items_purchased":[],"campfire_rested":2,"item_purchase_floors":[],"current_hp_per_floor":[39,27,20,37,26,23,46,41,41,26,21,21,17,17,17,7,60,38,88,57,27,1,27,1,0],"gold":414,"neow_bonus":"THREE_RARE_CARDS","is_prod":false,"is_daily":false,"chose_seed":false,"campfire_upgraded":2,"win_rate":0,"timestamp":1557635421,"path_taken":["M","?","M","?","?","E","R","E","T","E","M","R","M","?","R","BOSS","M","?","M","?","M","R","?","M"],"build_version":"2019-01-23","purchased_purges":0,"victory":false,"max_hp_per_floor":[71,71,71,71,71,78,78,78,78,78,78,78,78,78,78,78,78,78,88,88,88,88,88,93,93],"card_choices":[{"not_picked":["Thunder Strike","Reboot"],"picked":"Echo Form","floor":0},{"not_picked":["Force Field","Aggregate"],"picked":"Ball Lightning","floor":1},{"not_picked":["Rebound","Streamline"],"picked":"FTL","floor":2},{"not_picked":["Blizzard","Steam Power"],"picked":"Sweeping Beam","floor":3},{"not_picked":["Skim","Leap"],"picked":"Fission","floor":6},{"not_picked":["Streamline","Rebound","Beam Cell"],"picked":"SKIP","floor":8},{"not_picked":["Turbo","Compile Driver"],"picked":"Coolheaded","floor":10},{"not_picked":["Double Energy","Turbo"],"picked":"Conserve Battery","floor":11},{"not_picked":["Sweeping Beam","Aggregate","Beam Cell"],"picked":"SKIP","floor":13},{"not_picked":["Rainbow","Amplify"],"picked":"Buffer","floor":16},{"not_picked":["Turbo","Tempest"],"picked":"Conserve Battery+1","floor":18},{"not_picked":["Auto Shields","Melter","Beam Cell"],"picked":"SKIP","floor":20},{"not_picked":["Beam Cell+1","Streamline"],"picked":"Self Repair","floor":21},{"not_picked":["Compile Driver","Go for the Eyes"],"picked":"Biased Cognition","floor":22}],"player_experience":1297622,"relics_obtained":[{"floor":6,"key":"Strawberry"},{"floor":8,"key":"PreservedInsect"},{"floor":9,"key":"The Courier"},{"floor":10,"key":"Lantern"}],"event_choices":[{"damage_healed":17,"gold_gain":0,"player_choice":"Healed","damage_taken":0,"max_hp_gain":0,"max_hp_loss":0,"event_name":"The Cleric","floor":4,"gold_loss":35},{"damage_healed":0,"gold_gain":0,"player_choice":"Success","damage_taken":11,"relics_obtained":["Incense Burner"],"max_hp_gain":0,"max_hp_loss":0,"event_name":"Scrap Ooze","floor":5,"gold_loss":0},{"damage_healed":0,"gold_gain":0,"player_choice":"Ignored","damage_taken":0,"max_hp_gain":0,"max_hp_loss":0,"event_name":"Shining Light","floor":14,"gold_loss":0},{"cards_removed":["Buffer"],"damage_healed":40,"gold_gain":0,"player_choice":"Offered Rare","damage_taken":0,"max_hp_gain":10,"max_hp_loss":0,"event_name":"Bonfire Elementals","floor":19,"gold_loss":0},{"damage_healed":0,"gold_gain":0,"player_choice":"Shed Blood","damage_taken":31,"max_hp_gain":5,"max_hp_loss":0,"event_name":"Forgotten Altar","floor":24,"gold_loss":0}],"is_beta":false,"boss_relics":[{"not_picked":["Velvet Choker","Nuclear Battery"],"picked":"Black Star"}],"items_purged_floors":[],"is_endless":false,"potions_floor_spawned":[1,2,8,10,22],"killed_by":"Cultist and Chosen","ascension_level":20}