{"gold_per_floor":[115,126,141,158,173,173,199,212,239,9,39,39,114,143,143,243,243,253,353,369,386,386],"floor_reached":22,"playtime":1542,"items_purged":[],"score":291,"play_id":"3fd6a2a9-3f29-4f73-a3fa-8f7fdf9e2753","local_time":"20180825170043","is_ascension_mode":true,"campfire_choices":[{"data":"Rebound","floor":6,"key":"SMITH"},{"floor":12,"key":"REST"},{"data":"Defragment","floor":15,"key":"SMITH"}],"neow_cost":"NONE","seed_source_timestamp":826060972867242,"circlet_count":0,"master_deck":["Strike_B","Strike_B","Strike_B","Strike_B","Defend_B","Defend_B","Defend_B","Defend_B","Zap+1","Dualcast","Compile Driver","Conserve Battery","Rebound+1","Loop","Defragment+1","Go for the Eyes","Cold Snap","Reboot","Skim+1","Conserve Battery"],"relics":["Cracked Core","Cables","Strawberry","Blood Vial","Regal Pillow","Dream Catcher","Busted Crown","Sundial","Dodecahedron"],"potions_floor_usage":[8,11,19,19,19,21],"damage_taken":[{"damage":2,"enemies":"Jaw Worm","floor":1,"turns":3},{"damage":0,"enemies":"2 Louse","floor":2,"turns":2},{"damage":3,"enemies":"Small Slimes","floor":3,"turns":3},{"damage":15,"enemies":"Gremlin Gang","floor":4,"turns":5},{"damage":2,"enemies":"Blue Slaver","floor":5,"turns":4},{"damage":20,"enemies":"Lagavulin","floor":7,"turns":7},{"damage":12,"enemies":"3 Louse","floor":8,"turns":2},{"damage":26,"enemies":"3 Sentries","floor":11,"turns":7},{"damage":13,"enemies":"Lagavulin","floor":14,"turns":6},{"damage":14,"enemies":"The Guardian","floor":16,"turns":11},{"damage":14,"enemies":"Shell Parasite","floor":18,"turns":6},{"damage":18,"enemies":"Colosseum Slavers","floor":19,"turns":4},{"damage":10,"enemies":"Colosseum Nobs","floor":19,"turns":3},{"damage":22,"enemies":"2 Thieves","floor":20,"turns":4},{"damage":10,"enemies":"Snake Plant","floor":21,"turns":3},{"damage":6,"enemies":"3 Cultists","floor":22,"turns":2}],"seed_played":"5353107154799902974","potions_obtained":[{"floor":2,"key":"Regen Potion"},{"floor":3,"key":"AttackPotion"},{"floor":5,"key":"FearPotion"},{"floor":8,"key":"Regen Potion"},{"floor":11,"key":"Fire Potion"},{"floor":14,"key":"Explosive Potion"},{"floor":19,"key":"Explosive Potion"},{"floor":20,"key":"PowerPotion"}],"is_trial":false,"path_per_floor":["M","M","M","M","M","R","E","M","T","$","E","R","?","E","R","B",null,"M","?","M","M"],"character_chosen":"DEFECT","items_purchased":["Defragment","Blood Vial"],"campfire_rested":1,"item_purchase_floors":[10,10],"current_hp_per_floor":[66,66,63,48,46,46,26,19,26,26,17,56,45,34,34,22,67,55,31,11,3,0],"gold":386,"neow_bonus":"UPGRADE_CARD","is_prod":false,"is_daily":false,"chose_seed":false,"campfire_upgraded":2,"win_rate":0,"timestamp":1535230843,"path_taken":["M","M","M","M","M","R","E","M","T","$","E","R","?","E","R","BOSS","M","?","M","?","M"],"build_version":"2018-08-23v2","purchased_purges":0,"victory":false,"max_hp_per_floor":[75,75,75,75,75,75,75,75,82,82,82,82,82,82,82,82,82,82,82,82,82,82],"card_choices":[{"not_picked":["Redo","Beam Cell","Static Discharge"],"picked":"SKIP","floor":1},{"not_picked":["Steam","Lockon"],"picked":"Compile Driver","floor":2},{"not_picked":["Blizzard","Aggregate","Turbo"],"picked":"SKIP","floor":3},{"not_picked":["Ball Lightning","Machine Learning"],"picked":"Conserve Battery","floor":4},{"not_picked":["Rip and Tear","Lockon"],"picked":"Rebound","floor":5},{"not_picked":["Lockon","Hologram","Sweeping Beam"],"picked":"SKIP","floor":7},{"not_picked":["Streamline","Reinforced Body"],"picked":"Loop","floor":8},{"not_picked":["Reinforced Body","Cold Snap"],"picked":"Go for the Eyes","floor":11},{"not_picked":["Loop","Leap"],"picked":"Cold Snap","floor":14},{"not_picked":["Meteor Strike","Biased Cognition"],"picked":"Reboot","floor":16},{"not_picked":[],"picked":"Skim+1","floor":18},{"not_picked":[],"picked":"Conserve Battery","floor":20},{"not_picked":["Hello World"],"picked":"SKIP","floor":21}],"player_experience":242680,"relics_obtained":[{"floor":7,"key":"Cables"},{"floor":9,"key":"Strawberry"},{"floor":11,"key":"Regal Pillow"},{"floor":14,"key":"Dream Catcher"},{"floor":19,"key":"Sundial"},{"floor":19,"key":"Dodecahedron"}],"event_choices":[{"event_name":"World of Goop","player_choice":"Gather Gold","floor":13,"damage_taken":0},{"event_name":"Colosseum","player_choice":"Fight","floor":19,"damage_taken":0},{"event_name":"Colosseum","player_choice":"Fought Nobs","floor":19,"damage_taken":0}],"is_beta":false,"boss_relics":[{"not_picked":["Fusion Hammer","Tiny House"],"picked":"Busted Crown"}],"items_purged_floors":[],"is_endless":false,"potions_floor_spawned":[2,3,5,8,11,14,19,20],"killed_by":"3 Cultists","ascension_level":8}