{"gold_per_floor":[118,137,151,161,177,177,202,202,202,202,202,202,214,214,214,214],"floor_reached":16,"playtime":524,"items_purged":[],"score":249,"play_id":"101ea0ff-b3e7-4816-a474-31ba6bfc8447","local_time":"20190620175534","is_ascension_mode":true,"campfire_choices":[{"floor":6,"key":"REST"},{"data":"Sweeping Beam","floor":8,"key":"SMITH"},{"data":"Recycle","floor":12,"key":"SMITH"},{"data":"Consume","floor":15,"key":"SMITH"}],"neow_cost":"NONE","seed_source_timestamp":448955736414702,"circlet_count":0,"master_deck":["AscendersBane","Strike_B","Strike_B","Strike_B","Defend_B","Defend_B","Defend_B","Defend_B","Zap","Dualcast","Recycle+1","Consume+1","Hologram","Gash","Sweeping Beam+1","Cold Snap","Hologram","Pain","Self Repair"],"relics":["Cracked Core","Mango","Shuriken","WarpedTongs"],"potions_floor_usage":[7,10,16],"damage_taken":[{"damage":12,"enemies":"Cultist","floor":1,"turns":4},{"damage":2,"enemies":"2 Louse","floor":2,"turns":4},{"damage":7,"enemies":"Small Slimes","floor":3,"turns":4},{"damage":13,"enemies":"2 Fungi Beasts","floor":4,"turns":3},{"damage":14,"enemies":"3 Louse","floor":5,"turns":4},{"damage":18,"enemies":"3 Sentries","floor":7,"turns":6},{"damage":0,"enemies":"Gremlin Nob","floor":10,"turns":2},{"damage":4,"enemies":"Looter","floor":13,"turns":3},{"damage":35,"enemies":"Slime Boss","floor":16,"turns":5}],"seed_played":"-7222612380468360805","potions_obtained":[{"floor":1,"key":"SmokeBomb"},{"floor":5,"key":"SteroidPotion"},{"floor":13,"key":"SkillPotion"}],"is_trial":false,"path_per_floor":["M","M","M","M","M","R","E","R","T","E","?","R","M","?","R","B"],"character_chosen":"DEFECT","items_purchased":[],"campfire_rested":1,"item_purchase_floors":[],"current_hp_per_floor":[52,50,43,30,16,37,33,33,33,33,33,33,29,34,34,0],"gold":214,"neow_bonus":"TRANSFORM_CARD","is_prod":false,"is_daily":false,"chose_seed":false,"campfire_upgraded":3,"win_rate":0,"timestamp":1561067734,"path_taken":["M","M","?","M","M","R","E","R","T","E","?","R","?","?","R","BOSS"],"build_version":"2019-01-23","purchased_purges":0,"victory":false,"max_hp_per_floor":[71,71,71,71,71,71,85,85,85,85,85,85,85,90,90,90],"card_choices":[{"not_picked":["Capacitor","Gash"],"picked":"Consume","floor":1},{"not_picked":["Force Field","Skim"],"picked":"Hologram","floor":2},{"not_picked":["Rebound","Steam Power"],"picked":"Gash","floor":3},{"not_picked":["Rebound","Steam"],"picked":"Sweeping Beam","floor":4},{"not_picked":["BootSequence","Hello World"],"picked":"Cold Snap","floor":5},{"not_picked":["Tempest","FTL"],"picked":"Hologram","floor":7},{"not_picked":["Coolheaded","Hologram"],"picked":"Self Repair","floor":13}],"player_experience":1526586,"relics_obtained":[{"floor":7,"key":"Mango"},{"floor":9,"key":"Shuriken"}],"event_choices":[{"damage_healed":0,"gold_gain":0,"player_choice":"Rummage","damage_taken":0,"relics_obtained":["WarpedTongs"],"max_hp_gain":0,"max_hp_loss":0,"event_name":"Accursed Blacksmith","floor":11,"gold_loss":0,"cards_obtained":["Pain"]},{"damage_healed":0,"gold_gain":0,"player_choice":"Donut","damage_taken":0,"max_hp_gain":5,"max_hp_loss":0,"event_name":"Big Fish","floor":14,"gold_loss":0}],"is_beta":false,"boss_relics":[],"items_purged_floors":[],"is_endless":false,"potions_floor_spawned":[1,5,13],"killed_by":"Slime Boss","ascension_level":20}