{"gold_per_floor":[116,116,116,86,97,127,146,176,176,195,195],"floor_reached":11,"playtime":436,"items_purged":[],"score":166,"play_id":"20b0528d-a9dd-4394-822d-e1d813c5f33e","local_time":"20190627191834","is_ascension_mode":true,"campfire_choices":[],"neow_cost":"NONE","seed_source_timestamp":1058805748398046,"circlet_count":0,"master_deck":["AscendersBane","Defend_G","Defend_G","Defend_G","Defend_G","Defend_G+1","Strike_G","Strike_G+1","Strike_G","Survivor","Neutralize","Unload","Endless Agony","Dash","Finisher","Footwork","Terror"],"relics":["Ring of the Snake","Nunchaku","Kunai","Unceasing Top"],"potions_floor_usage":[10],"damage_taken":[{"damage":1,"enemies":"Small Slimes","floor":1,"turns":5},{"damage":0,"enemies":"2 Louse","floor":5,"turns":3},{"damage":10,"enemies":"3 Sentries","floor":6,"turns":12},{"damage":0,"enemies":"Cultist","floor":7,"turns":3},{"damage":10,"enemies":"Lagavulin","floor":8,"turns":7},{"damage":2,"enemies":"Exordium Wildlife","floor":10,"turns":5},{"damage":30,"enemies":"Gremlin Nob","floor":11,"turns":3}],"seed_played":"-1413124434058114217","potions_obtained":[{"floor":4,"key":"LiquidBronze"},{"floor":4,"key":"GhostInAJar"},{"floor":8,"key":"Dexterity Potion"}],"is_trial":false,"path_per_floor":["M","?","?","?","M","E","M","E","T","M","E"],"character_chosen":"THE_SILENT","items_purchased":[],"campfire_rested":0,"item_purchase_floors":[],"current_hp_per_floor":[58,51,31,31,31,21,21,11,11,9,0],"gold":195,"neow_bonus":"TRANSFORM_CARD","is_prod":false,"is_daily":false,"chose_seed":false,"campfire_upgraded":0,"win_rate":0,"timestamp":1561677514,"path_taken":["M","?","?","?","M","E","M","E","T","?","E"],"build_version":"2019-01-23","purchased_purges":0,"victory":false,"max_hp_per_floor":[66,66,66,66,66,66,66,66,66,66,66],"card_choices":[{"not_picked":["Bane","Dagger Spray"],"picked":"Endless Agony","floor":1},{"not_picked":["Dagger Spray","Choke"],"picked":"Dash","floor":5},{"not_picked":["Dodge and Roll","Deflect"],"picked":"Finisher","floor":6},{"not_picked":["Finisher","Prepared"],"picked":"Footwork","floor":7},{"not_picked":["Concentrate","Blur"],"picked":"Terror","floor":8},{"not_picked":["Unload","Bane","Prepared"],"picked":"SKIP","floor":10}],"player_experience":1564741,"relics_obtained":[{"floor":6,"key":"Nunchaku"},{"floor":8,"key":"Kunai"},{"floor":9,"key":"Unceasing Top"}],"event_choices":[{"cards_removed":["Strike_G"],"damage_healed":0,"gold_gain":0,"player_choice":"Card Removal","damage_taken":7,"max_hp_gain":0,"max_hp_loss":0,"event_name":"Golden Wing","floor":2,"gold_loss":0},{"damage_healed":0,"gold_gain":0,"player_choice":"Entered Light","damage_taken":20,"max_hp_gain":0,"max_hp_loss":0,"event_name":"Shining Light","floor":3,"gold_loss":0,"cards_upgraded":["Defend_G","Strike_G"]},{"damage_healed":0,"gold_gain":0,"player_choice":"Bought 2 Potions","damage_taken":0,"max_hp_gain":0,"max_hp_loss":0,"event_name":"The Woman in Blue","floor":4,"gold_loss":0}],"is_beta":false,"boss_relics":[],"items_purged_floors":[],"is_endless":false,"potions_floor_spawned":[5,8],"killed_by":"Gremlin Nob","ascension_level":20}