{"gold_per_floor":[368,368,388,388,6,6,36,56,56,85,85,105,105,30,30,104,104,121,77,90,90,105,105,122,122,122,134,176,221,158,200,212,224],"floor_reached":33,"playtime":1907,"items_purged":["Strike_G"],"score":682,"play_id":"4ba7a2d2-0470-4051-a42d-08f3909e42fd","local_time":"20190518133333","is_ascension_mode":true,"campfire_choices":[{"data":"Glass Knife","floor":6.0,"key":"SMITH"},{"data":"1","floor":11.0,"key":"LIFT"},{"data":"2","floor":13.0,"key":"LIFT"},{"data":"3","floor":15.0,"key":"LIFT"},{"data":"Well Laid Plans","floor":23.0,"key":"SMITH"},{"data":"After Image","floor":25.0,"key":"SMITH"},{"floor":32,"key":"REST"}],"neow_cost":"TEN_PERCENT_HP_LOSS","seed_source_timestamp":237102429306655,"circlet_count":0,"master_deck":["AscendersBane","Defend_G","Defend_G","Defend_G","Defend_G","Defend_G","Strike_G","Survivor","Neutralize","Well Laid Plans+1","All Out Attack+1","Glass Knife+1","Leg Sweep","Blur","After Image+1","Deadly Poison","Riddle With Holes","Deflect","Setup","Escape Plan","Endless Agony","Flechettes+1","Backflip"],"special_seed":0,"relics":["Ring of the Snake","Sling","Matryoshka","Centennial Puzzle","Bronze Scales","Girya","WristBlade","Dream Catcher","MawBank","Red Mask","FossilizedHelix","Sundial"],"potions_floor_usage":[29,29,33],"damage_taken":[{"damage":7.0,"enemies":"Cultist","floor":1.0,"turns":6.0},{"damage":2.0,"enemies":"Jaw Worm","floor":3.0,"turns":5.0},{"damage":4.0,"enemies":"3 Sentries","floor":7.0,"turns":6.0},{"damage":7.0,"enemies":"Small Slimes","floor":8.0,"turns":2.0},{"damage":11.0,"enemies":"Lagavulin","floor":10.0,"turns":4.0},{"damage":5.0,"enemies":"3 Louse","floor":12.0,"turns":2.0},{"damage":0.0,"enemies":"The Guardian","floor":16.0,"turns":12.0},{"damage":6.0,"enemies":"2 Thieves","floor":18.0,"turns":2.0},{"damage":6.0,"enemies":"Chosen","floor":20.0,"turns":4.0},{"damage":2.0,"enemies":"Snake Plant","floor":22.0,"turns":4.0},{"damage":12.0,"enemies":"Cultist and Chosen","floor":24.0,"turns":6.0},{"damage":0.0,"enemies":"Masked Bandits","floor":28.0,"turns":4.0},{"damage":10,"enemies":"Gremlin Leader","floor":29,"turns":6},{"damage":5,"enemies":"Slavers","floor":31,"turns":3},{"damage":57,"enemies":"Collector","floor":33,"turns":12}],"seed_played":"7746032384859493723","potions_obtained":[{"floor":1.0,"key":"Poison Potion"},{"floor":3.0,"key":"AttackPotion"},{"floor":12.0,"key":"Strength Potion"},{"floor":20.0,"key":"Fruit Juice"},{"floor":22.0,"key":"Dexterity Potion"},{"floor":24.0,"key":"EntropicBrew"},{"floor":31,"key":"FairyPotion"}],"is_trial":false,"path_per_floor":["M","?","M","?","$","R","E","M","T","E","R","M","R","$","R","B",null,"M","$","M","?","M","R","M","R","T","?","?","E","?","E","R","B"],"character_chosen":"THE_SILENT","items_purchased":["Sling","Glass Knife","Riddle With Holes"],"campfire_rested":1,"item_purchase_floors":[5,5,19],"current_hp_per_floor":[52,57,55,55,55,55,51,44,44,33,33,28,28,28,28,28,56,50,50,44,44,47,47,35,35,35,35,35,25,25,20,41,0],"gold":224,"neow_bonus":"TWO_FIFTY_GOLD","is_prod":false,"is_daily":false,"chose_seed":false,"campfire_upgraded":3,"win_rate":0,"timestamp":1558200813,"path_taken":["M","?","M","?","$","R","E","M","T","E","R","?","R","?","R","BOSS","M","$","M","?","M","R","M","R","T","?","?","E","?","E","R","BOSS"],"build_version":"2019-01-23","purchased_purges":1,"victory":false,"max_hp_per_floor":[60,65,65,65,65,65,65,65,65,65,65,65,65,65,65,65,65,65,65,65,65,70,70,70,70,70,70,70,70,70,70,70,70],"card_choices":[{"not_picked":["Riddle With Holes","Dagger Throw"],"picked":"Well Laid Plans","floor":1.0},{"not_picked":["Prepared","Dagger Spray"],"picked":"All Out Attack","floor":3.0},{"not_picked":["Outmaneuver","Catalyst","Acrobatics"],"picked":"SKIP","floor":7.0},{"not_picked":["Backflip","Bane"],"picked":"Leg Sweep","floor":8.0},{"not_picked":["Dodge and Roll","Slice"],"picked":"Blur","floor":10.0},{"not_picked":["Reflex","Choke","Blade Dance"],"picked":"SKIP","floor":12.0},{"not_picked":["Storm of Steel","Burst"],"picked":"After Image","floor":16.0},{"not_picked":["Reflex","Underhanded Strike+1"],"picked":"Deadly Poison","floor":18.0},{"not_picked":["Heel Hook","Dodge and Roll","Caltrops"],"picked":"SKIP","floor":20.0},{"not_picked":["Expertise","Finisher"],"picked":"Escape Plan","floor":22.0},{"not_picked":["Slice","Bane"],"picked":"Endless Agony","floor":24.0},{"not_picked":["Deflect","Caltrops"],"picked":"Flechettes+1","floor":29},{"not_picked":["Finisher","Sucker Punch","Deadly Poison"],"picked":"SKIP","floor":31},{"not_picked":["Outmaneuver","Acrobatics"],"picked":"Backflip","floor":32}],"player_experience":1391700,"relics_obtained":[{"floor":7.0,"key":"Matryoshka"},{"floor":9.0,"key":"Centennial Puzzle"},{"floor":9.0,"key":"Bronze Scales"},{"floor":10.0,"key":"Girya"},{"floor":26.0,"key":"Dream Catcher"},{"floor":26.0,"key":"MawBank"},{"floor":28.0,"key":"Red Mask"},{"floor":29,"key":"FossilizedHelix"},{"floor":31,"key":"Sundial"}],"event_choices":[{"damage_healed":0.0,"max_hp_gain":5.0,"max_hp_loss":0.0,"gold_gain":0.0,"event_name":"Big Fish","player_choice":"Donut","floor":2.0,"gold_loss":0.0,"damage_taken":0.0},{"damage_healed":0.0,"max_hp_gain":0.0,"max_hp_loss":0.0,"gold_gain":0.0,"event_name":"Upgrade Shrine","player_choice":"Upgraded","floor":4.0,"gold_loss":0.0,"damage_taken":0.0,"cards_upgraded":["All Out Attack"]},{"damage_healed":0.0,"max_hp_gain":0.0,"max_hp_loss":0.0,"gold_gain":0.0,"cards_transformed":["Strike_G","Strike_G"],"event_name":"Drug Dealer","player_choice":"Became Test Subject","floor":21.0,"gold_loss":0.0,"damage_taken":0.0,"cards_obtained":["Deflect","Setup"]},{"damage_healed":0.0,"max_hp_gain":0.0,"max_hp_loss":0.0,"gold_gain":0.0,"event_name":"Vampires","player_choice":"Ignored","floor":27.0,"gold_loss":0.0,"damage_taken":0.0},{"damage_healed":0.0,"max_hp_gain":0.0,"max_hp_loss":0.0,"gold_gain":0.0,"event_name":"Masked Bandits","player_choice":"Fought Bandits","floor":28.0,"gold_loss":0.0,"damage_taken":0.0},{"cards_removed":["Strike_G"],"damage_healed":0,"gold_gain":0,"player_choice":"Gave Gold","damage_taken":0,"max_hp_gain":0,"max_hp_loss":0,"event_name":"Beggar","floor":30,"gold_loss":75}],"is_beta":false,"boss_relics":[{"not_picked":["Ring of the Serpent","Eternal Feather"],"picked":"WristBlade"}],"items_purged_floors":[14],"is_endless":false,"potions_floor_spawned":[1,3,10,12,20,22,24,31],"killed_by":"Collector","ascension_level":20}