{"gold_per_floor":[115,126,137,154,167,167,179,179,231,231,245,264,282,127,127,229,229,246,260,279,279,179,179,192,208,208,308,308,308,326,336,336,441,441,455,466,150,150,150,150,150,150,150,160,160,160,160,176,176,176],"floor_reached":50,"playtime":3054,"items_purged":["Strike_G","Normality","Strike_G"],"score":487,"play_id":"c199564e-8fdb-447e-a932-c7506d9a3ef5","local_time":"20190709141836","is_ascension_mode":true,"campfire_choices":[{"data":"Blade Dance","floor":6.0,"key":"SMITH"},{"floor":8.0,"key":"REST"},{"floor":15.0,"key":"REST"},{"data":"Accuracy","floor":23.0,"key":"SMITH"},{"floor":28.0,"key":"REST"},{"floor":32.0,"key":"REST"},{"data":"Adrenaline","floor":40.0,"key":"SMITH"},{"data":"After Image","floor":42.0,"key":"SMITH"},{"data":"Blade Dance","floor":46.0,"key":"SMITH"},{"data":"Blade Dance","floor":49.0,"key":"SMITH"}],"neow_cost":"NONE","seed_source_timestamp":94626076021244,"circlet_count":0,"master_deck":["Strike_G","Strike_G","Defend_G","Defend_G","Defend_G","Defend_G","Defend_G","Survivor","Neutralize+1","Acrobatics","Blade Dance+1","Blade Dance+1","Well Laid Plans","Cloak And Dagger","Cloak And Dagger","Accuracy+1","Adrenaline+1","Blade Dance+1","Blade Dance+1","Shame","Backflip+1","After Image+1","Infinite Blades+1","Accuracy+1","Writhe","Pain","Discovery","Footwork"],"special_seed":0,"relics":["Ring of the Snake","Vajra","Cursed Key","Pear","Bottled Lightning","Du-Vu Doll","Meat on the Bone","WristBlade","DollysMirror","Bottled Tornado","Darkstone Periapt"],"potions_floor_usage":[],"damage_taken":[{"damage":3.0,"enemies":"Jaw Worm","floor":1.0,"turns":5.0},{"damage":1.0,"enemies":"Cultist","floor":2.0,"turns":5.0},{"damage":3.0,"enemies":"Small Slimes","floor":3.0,"turns":4.0},{"damage":0.0,"enemies":"2 Fungi Beasts","floor":4.0,"turns":4.0},{"damage":23.0,"enemies":"Exordium Thugs","floor":5.0,"turns":9.0},{"damage":24.0,"enemies":"Exordium Wildlife","floor":7.0,"turns":9.0},{"damage":6.0,"enemies":"Large Slime","floor":11.0,"turns":5.0},{"damage":0.0,"enemies":"Looter","floor":12.0,"turns":3.0},{"damage":2.0,"enemies":"2 Fungi Beasts","floor":13.0,"turns":4.0},{"damage":18.0,"enemies":"The Guardian","floor":16.0,"turns":13.0},{"damage":0.0,"enemies":"3 Byrds","floor":18.0,"turns":5.0},{"damage":0.0,"enemies":"Spheric Guardian","floor":19.0,"turns":1.0},{"damage":20.0,"enemies":"Snecko","floor":20.0,"turns":5.0},{"damage":11.0,"enemies":"Centurion and Healer","floor":24.0,"turns":4.0},{"damage":0.0,"enemies":"Sentry and Sphere","floor":25.0,"turns":3.0},{"damage":3.0,"enemies":"Colosseum Slavers","floor":27.0,"turns":3.0},{"damage":10.0,"enemies":"Colosseum Nobs","floor":27.0,"turns":4.0},{"damage":0.0,"enemies":"Chosen and Byrds","floor":30.0,"turns":3.0},{"damage":0.0,"enemies":"Snecko","floor":31.0,"turns":3.0},{"damage":28.0,"enemies":"Collector","floor":33.0,"turns":8.0},{"damage":0.0,"enemies":"Orb Walker","floor":35.0,"turns":3.0},{"damage":0.0,"enemies":"3 Shapes","floor":36.0,"turns":2.0},{"damage":0.0,"enemies":"Sphere and 2 Shapes","floor":44.0,"turns":3.0},{"damage":8.0,"enemies":"Transient","floor":48.0,"turns":5.0},{"damage":75,"enemies":"Time Eater","floor":50,"turns":11}],"seed_played":"1465130003998689096","potions_obtained":[{"floor":2.0,"key":"GamblersBrew"},{"floor":5.0,"key":"Ancient Potion"},{"floor":11.0,"key":"Ancient Potion"},{"floor":13.0,"key":"SkillPotion"},{"floor":16.0,"key":"Dexterity Potion"},{"floor":19.0,"key":"SteroidPotion"}],"is_trial":false,"path_per_floor":["M","M","M","M","M","R","M","R","T","?","M","M","M","$","R","B",null,"M","M","M","T","$","R","M","M","T","?","R","?","M","M","R","B",null,"M","M","$","?","?","R","?","R","T","M","T","R","?","M","R","B"],"character_chosen":"THE_SILENT","items_purchased":["Accuracy","DollysMirror"],"campfire_rested":4,"item_purchase_floors":[14,37],"current_hp_per_floor":[67,66,63,63,40,40,16,37,37,37,31,31,29,29,50,32,70,70,70,50,60,60,60,49,49,49,36,60,60,60,60,80,52,80,80,80,80,80,80,80,80,80,80,80,80,80,80,72,72,0],"gold":176,"neow_bonus":"UPGRADE_CARD","is_prod":false,"is_daily":false,"chose_seed":false,"campfire_upgraded":6,"win_rate":0,"timestamp":1562696316,"path_taken":["M","M","M","M","M","R","M","R","T","?","?","M","?","$","R","BOSS","M","M","M","?","$","R","M","M","T","?","R","?","?","M","R","BOSS","M","M","$","?","?","R","?","R","T","M","?","R","?","?","R","BOSS"],"build_version":"2019-07-05","purchased_purges":3,"victory":false,"max_hp_per_floor":[70,70,70,70,70,70,70,70,70,70,70,70,70,70,70,70,70,70,70,70,80,80,80,80,80,80,80,80,80,80,80,80,80,80,80,80,80,80,80,80,80,80,80,80,80,80,80,80,80,80],"card_choices":[{"not_picked":["Dodge and Roll","Underhanded Strike"],"picked":"Acrobatics","floor":1.0},{"not_picked":["Well Laid Plans","Sucker Punch"],"picked":"Blade Dance","floor":2.0},{"not_picked":["Dagger Throw","Caltrops"],"picked":"Blade Dance","floor":3.0},{"not_picked":["Leg Sweep","Outmaneuver","Dagger Spray"],"picked":"SKIP","floor":4.0},{"not_picked":["Heel Hook","Terror"],"picked":"Well Laid Plans","floor":5.0},{"not_picked":["Sucker Punch","Dodge and Roll","Terror"],"picked":"SKIP","floor":7.0},{"not_picked":["Underhanded Strike","Acrobatics"],"picked":"Cloak And Dagger","floor":11.0},{"not_picked":["Dodge and Roll","Outmaneuver"],"picked":"Cloak And Dagger","floor":12.0},{"not_picked":["Outmaneuver","Dash","Poisoned Stab"],"picked":"SKIP","floor":13.0},{"not_picked":["Wraith Form v2","Die Die Die"],"picked":"Adrenaline","floor":16.0},{"not_picked":["Deflect","Terror"],"picked":"Blade Dance","floor":18.0},{"not_picked":["Riddle With Holes","Prepared"],"picked":"Blade Dance","floor":19.0},{"not_picked":["Eviscerate","Acrobatics","Poisoned Stab"],"picked":"SKIP","floor":20.0},{"not_picked":["PiercingWail+1","Dagger Spray","Venomology"],"picked":"SKIP","floor":24.0},{"not_picked":["Caltrops","Quick Slash","Deadly Poison"],"picked":"SKIP","floor":25.0},{"not_picked":["Slice","Predator+1"],"picked":"Backflip+1","floor":27.0},{"not_picked":["Deflect","Outmaneuver","Dagger Spray+1"],"picked":"SKIP","floor":30.0},{"not_picked":["Heel Hook","Dodge and Roll","Catalyst"],"picked":"SKIP","floor":31.0},{"not_picked":["Storm of Steel","Wraith Form v2"],"picked":"After Image","floor":33.0},{"not_picked":["Backflip+1","PiercingWail","Dagger Throw"],"picked":"SKIP","floor":35.0},{"not_picked":["Backflip+1","Catalyst+1"],"picked":"Infinite Blades+1","floor":36.0},{"not_picked":["Underhanded Strike+1","Flying Knee+1","Poisoned Stab+1"],"picked":"SKIP","floor":44.0},{"not_picked":["Jack Of All Trades","Flash of Steel"],"picked":"Discovery","floor":47.0},{"not_picked":["Leg Sweep+1","PiercingWail"],"picked":"Footwork","floor":48.0}],"player_experience":48364,"relics_obtained":[{"floor":9.0,"key":"Vajra"},{"floor":21.0,"key":"Pear"},{"floor":26.0,"key":"Bottled Lightning"},{"floor":27.0,"key":"Du-Vu Doll"},{"floor":27.0,"key":"Meat on the Bone"},{"floor":43.0,"key":"Bottled Tornado"},{"floor":45.0,"key":"Darkstone Periapt"}],"event_choices":[{"damage_healed":0.0,"max_hp_gain":0.0,"max_hp_loss":0.0,"gold_gain":0.0,"event_name":"Accursed Blacksmith","player_choice":"Forge","floor":10.0,"gold_loss":0.0,"damage_taken":0.0,"cards_upgraded":["Blade Dance"]},{"damage_healed":0.0,"max_hp_gain":0.0,"max_hp_loss":0.0,"gold_gain":0.0,"event_name":"Colosseum","player_choice":"Fight","floor":27.0,"gold_loss":0.0,"damage_taken":0.0},{"damage_healed":0.0,"max_hp_gain":0.0,"max_hp_loss":0.0,"gold_gain":0.0,"event_name":"Colosseum","player_choice":"Fought Nobs","floor":27.0,"gold_loss":0.0,"damage_taken":0.0},{"damage_healed":0.0,"max_hp_gain":0.0,"max_hp_loss":0.0,"gold_gain":0.0,"event_name":"FaceTrader","player_choice":"Leave","floor":29.0,"gold_loss":0.0,"damage_taken":0.0},{"damage_healed":0.0,"max_hp_gain":0.0,"max_hp_loss":0.0,"gold_gain":0.0,"event_name":"Mysterious Sphere","player_choice":"Ignored","floor":38.0,"gold_loss":0.0,"damage_taken":0.0},{"damage_healed":0.0,"max_hp_gain":0.0,"max_hp_loss":0.0,"gold_gain":0.0,"event_name":"Tomb of Lord Red Mask","player_choice":"Ignored","floor":39.0,"gold_loss":0.0,"damage_taken":0.0},{"cards_removed":["Strike_G"],"damage_healed":0.0,"max_hp_gain":0.0,"max_hp_loss":0.0,"gold_gain":0.0,"event_name":"Falling","player_choice":"Removed Attack","floor":41.0,"gold_loss":0.0,"damage_taken":0.0},{"damage_healed":0.0,"max_hp_gain":0.0,"max_hp_loss":0.0,"gold_gain":0.0,"event_name":"SensoryStone","player_choice":"Memory 1","floor":47.0,"gold_loss":0.0,"damage_taken":0.0}],"is_beta":false,"boss_relics":[{"not_picked":["Ectoplasm","Runic Dome"],"picked":"Cursed Key"},{"not_picked":["Orrery","Pandora\u0027s Box"],"picked":"WristBlade"}],"items_purged_floors":[14,22,37],"is_endless":false,"potions_floor_spawned":[2,5,11,13,16,19,20,25,27,33,35],"killed_by":"Time Eater","ascension_level":1}