{"gold_per_floor":[113,127,127,140,40,40,54,54,54,54,87,87,87,112,112,209,209,222,222,234,63,83,83,108,33,33,33,45,45,75,95,95,194,194,211,211,224,21,21,21,36,48,48,48,58,58,75,85,85,85],"floor_reached":51,"playtime":4534,"items_purged":["Defend_G","Defend_G","Strike_G"],"score":773,"play_id":"afe6facf-1ef6-403f-a6a4-187c3cf11f2e","local_time":"20180823202003","is_ascension_mode":true,"campfire_choices":[{"data":"Cloak And Dagger","floor":6,"key":"SMITH"},{"floor":8,"key":"REST"},{"data":"Cloak And Dagger","floor":10,"key":"SMITH"},{"floor":13,"key":"REST"},{"data":"Cloak And Dagger","floor":15,"key":"SMITH"},{"floor":23,"key":"REST"},{"data":"Footwork","floor":27,"key":"SMITH"},{"floor":29,"key":"REST"},{"data":"Blade Dance","floor":32,"key":"SMITH"},{"data":"A Thousand Cuts","floor":40,"key":"SMITH"},{"data":"Finisher","floor":44,"key":"SMITH"},{"data":"Prepared","floor":46,"key":"SMITH"},{"floor":49,"key":"REST"}],"neow_cost":"PERCENT_DAMAGE","seed_source_timestamp":662189710575625,"circlet_count":0,"master_deck":["Defend_G","Defend_G","Defend_G","Survivor","Neutralize+1","Blade Dance+1","Cloak And Dagger+1","Blur","Cloak And Dagger+1","Cloak And Dagger+1","Venomology","Distraction+1","Underhanded Strike+1","Adrenaline+1","Well Laid Plans","Footwork+1","Die Die Die","A Thousand Cuts+1","Prepared+1","Flash of Steel","Flash of Steel","Finisher+1","Deflect+1","Outmaneuver+1","Blur+1"],"relics":["Ring of the Snake","Gambling Chip","Gremlin Horn","Paper Crane","Lantern","Astrolabe","Meat on the Bone","Ancient Tea Set","Sundial","WristBlade","Mummified Hand"],"potions_floor_usage":[14,16,16,22,24,24,28,30,30,31,33,33,33,33,41,42,50,50],"damage_taken":[{"damage":7,"enemies":"Small Slimes","floor":1,"turns":6},{"damage":0,"enemies":"2 Louse","floor":2,"turns":2},{"damage":0,"enemies":"Cultist","floor":4,"turns":3},{"damage":7,"enemies":"Exordium Thugs","floor":7,"turns":5},{"damage":13,"enemies":"3 Sentries","floor":11,"turns":10},{"damage":25,"enemies":"Gremlin Nob","floor":14,"turns":5},{"damage":34,"enemies":"Hexaghost","floor":16,"turns":14},{"damage":0,"enemies":"3 Byrds","floor":18,"turns":5},{"damage":9,"enemies":"Shell Parasite","floor":20,"turns":6},{"damage":0,"enemies":"Snecko","floor":22,"turns":5},{"damage":19,"enemies":"Slavers","floor":24,"turns":12},{"damage":9,"enemies":"Chosen and Byrds","floor":28,"turns":8},{"damage":11,"enemies":"Gremlin Leader","floor":30,"turns":15},{"damage":0,"enemies":"3 Cultists","floor":31,"turns":5},{"damage":40,"enemies":"Collector","floor":33,"turns":23},{"damage":4,"enemies":"3 Shapes","floor":35,"turns":2},{"damage":32,"enemies":"3 Darklings","floor":37,"turns":4},{"damage":0,"enemies":"Sphere and 2 Shapes","floor":41,"turns":2},{"damage":0,"enemies":"Transient","floor":42,"turns":5},{"damage":0,"enemies":"4 Shapes","floor":45,"turns":2},{"damage":0,"enemies":"3 Darklings","floor":47,"turns":1},{"damage":0,"enemies":"Sphere and 2 Shapes","floor":48,"turns":3},{"damage":2,"enemies":"Donu and Deca","floor":50,"turns":8}],"seed_played":"-6866227878630369883","potions_obtained":[{"floor":2,"key":"PowerPotion"},{"floor":4,"key":"Weak Potion"},{"floor":11,"key":"AttackPotion"},{"floor":16,"key":"PowerPotion"},{"floor":22,"key":"SteroidPotion"},{"floor":24,"key":"Poison Potion"},{"floor":30,"key":"Explosive Potion"},{"floor":31,"key":"EssenceOfSteel"},{"floor":35,"key":"Strength Potion"},{"floor":45,"key":"SteroidPotion"},{"floor":47,"key":"Swift Potion"}],"is_trial":false,"path_per_floor":["M","M","?","M","$","R","M","R","T","R","E","$","R","E","R","B",null,"M","?","M","$","M","R","E","?","T","R","M","R","E","M","R","B",null,"M","?","M","$","?","R","M","M","T","R","M","R","M","M","R","B"],"character_chosen":"THE_SILENT","items_purchased":["Cloak And Dagger","Well Laid Plans","Finisher"],"campfire_rested":5,"item_purchase_floors":[5,21,38],"current_hp_per_floor":[42,42,42,42,42,42,35,56,56,56,43,43,64,39,39,5,70,70,57,48,48,48,70,51,51,51,51,42,64,53,53,53,25,75,71,66,46,46,46,46,46,46,46,46,46,46,46,46,68,66],"gold":85,"neow_bonus":"ONE_RARE_RELIC","is_prod":false,"is_daily":false,"chose_seed":false,"campfire_upgraded":8,"win_rate":0,"timestamp":1535070003,"path_taken":["M","M","?","M","$","R","M","R","T","R","E","$","R","E","R","BOSS","M","?","M","$","?","R","E","?","T","R","M","R","E","M","R","BOSS","M","?","M","$","?","R","M","?","T","R","M","R","M","?","R","BOSS"],"build_version":"2018-08-16","purchased_purges":3,"victory":true,"max_hp_per_floor":[70,70,70,70,70,70,70,70,70,70,70,70,70,70,70,70,70,70,75,75,75,75,75,75,75,75,75,75,75,75,75,75,75,75,75,75,75,75,75,75,75,75,75,75,75,75,75,75,75,75],"card_choices":[{"not_picked":["Sucker Punch","Underhanded Strike"],"picked":"Blade Dance","floor":1},{"not_picked":["Crippling Poison","Choke"],"picked":"Cloak And Dagger","floor":2},{"not_picked":["Sucker Punch","Flying Knee"],"picked":"Blur","floor":4},{"not_picked":["Prepared","Phantasmal Killer","Infinite Blades"],"picked":"SKIP","floor":7},{"not_picked":["Dagger Throw","Quick Slash","Underhanded Strike"],"picked":"SKIP","floor":11},{"not_picked":["Predator","Deflect"],"picked":"Cloak And Dagger","floor":14},{"not_picked":["Tools of the Trade","Doppelganger"],"picked":"Venomology","floor":16},{"not_picked":["Bane","Crippling Poison","Riddle With Holes+1"],"picked":"SKIP","floor":18},{"not_picked":["Cloak And Dagger","Prepared","Sucker Punch"],"picked":"SKIP","floor":20},{"not_picked":["Riddle With Holes","PiercingWail","Dagger Throw"],"picked":"SKIP","floor":22},{"not_picked":["Flying Knee+1","Flechettes"],"picked":"Footwork","floor":24},{"not_picked":["Flying Knee","Dagger Spray","Well Laid Plans"],"picked":"SKIP","floor":28},{"not_picked":["Infinite Blades","Backflip+1"],"picked":"Die Die Die","floor":30},{"not_picked":["Slice","PiercingWail+1","Poisoned Stab"],"picked":"SKIP","floor":31},{"not_picked":["Night Terror","Wraith Form v2"],"picked":"A Thousand Cuts","floor":33},{"not_picked":["Slice","Catalyst"],"picked":"Prepared","floor":35},{"not_picked":["PanicButton","Panacea"],"picked":"Flash of Steel","floor":36},{"not_picked":["Good Instincts","Metamorphosis"],"picked":"Flash of Steel","floor":36},{"not_picked":["Slice+1","Setup+1","Backstab"],"picked":"SKIP","floor":37},{"not_picked":["Deadly Poison","Dagger Spray"],"picked":"Deflect+1","floor":41},{"not_picked":["Underhanded Strike+1","Concentrate+1","Deadly Poison+1"],"picked":"SKIP","floor":42},{"not_picked":["Sucker Punch+1","Reflex"],"picked":"Outmaneuver+1","floor":45},{"not_picked":["Poisoned Stab+1","Outmaneuver","Distraction"],"picked":"SKIP","floor":47},{"not_picked":["A Thousand Cuts","Deadly Poison"],"picked":"Blur+1","floor":48}],"player_experience":177883,"relics_obtained":[{"floor":9,"key":"Gremlin Horn"},{"floor":11,"key":"Paper Crane"},{"floor":14,"key":"Lantern"},{"floor":24,"key":"Meat on the Bone"},{"floor":26,"key":"Ancient Tea Set"},{"floor":30,"key":"Sundial"},{"floor":43,"key":"Mummified Hand"}],"event_choices":[{"event_name":"Living Wall","player_choice":"Grow","floor":3,"damage_taken":0},{"event_name":"Forgotten Altar","player_choice":"Shed Blood","floor":19,"damage_taken":0},{"event_name":"Beggar","player_choice":"Gave Gold","floor":25,"damage_taken":0},{"event_name":"SensoryStone","player_choice":"Memory 2","floor":36,"damage_taken":0},{"event_name":"SecretPortal","player_choice":"Rejected Portal.","floor":39,"damage_taken":0}],"is_beta":false,"boss_relics":[{"not_picked":["Tiny House","Philosopher\u0027s Stone"],"picked":"Astrolabe"},{"not_picked":["Ring of the Serpent","HoveringKite"],"picked":"WristBlade"}],"items_purged_floors":[5,21,38],"is_endless":false,"potions_floor_spawned":[2,4,11,16,22,24,28,30,31,35,41,45,47],"ascension_level":3}