{"gold_per_floor":[20,20,20,41,41,41,76,76,149,185,198,221,221,182,182,271,271,271,271,186,126,66,66,66],"floor_reached":24,"playtime":1050,"items_purged":["Strike_B"],"score":354,"play_id":"6303b703-8766-4c20-8832-8ea2bed4ad31","local_time":"20180915192841","is_ascension_mode":true,"campfire_choices":[{"data":"Go for the Eyes","floor":6,"key":"SMITH"},{"data":"Genetic Algorithm","floor":8,"key":"SMITH"},{"data":"Seek","floor":13,"key":"SMITH"},{"data":"Zap","floor":15,"key":"SMITH"},{"data":"Fission","floor":23,"key":"SMITH"}],"neow_cost":"NO_GOLD","seed_source_timestamp":237790913970111,"circlet_count":0,"master_deck":["Strike_B","Strike_B","Strike_B","Defend_B","Defend_B","Defend_B","Defend_B","Zap+1","Dualcast","AscendersBane","Compile Driver","Go for the Eyes+1","Sunder","Genetic Algorithm+1","Conserve Battery","Auto Shields","Capacitor","Seek+1","FTL","Fission+1","Conserve Battery","Redo+1"],"relics":["Cracked Core","Thread and Needle","Bloody Idol","Prayer Wheel","FossilizedHelix","Strawberry","The Courier","Girya","Ectoplasm","Toxic Egg 2"],"potions_floor_usage":[24],"damage_taken":[{"damage":0,"enemies":"2 Louse","floor":1,"turns":2},{"damage":0,"enemies":"Small Slimes","floor":4,"turns":3},{"damage":25,"enemies":"3 Sentries","floor":7,"turns":8},{"damage":11,"enemies":"Lagavulin","floor":10,"turns":7},{"damage":0,"enemies":"Cultist","floor":11,"turns":3},{"damage":0,"enemies":"Looter","floor":12,"turns":2},{"damage":22,"enemies":"The Guardian","floor":16,"turns":14},{"damage":0,"enemies":"Spheric Guardian","floor":18,"turns":4},{"damage":0,"enemies":"2 Thieves","floor":21,"turns":4},{"damage":72,"enemies":"Gremlin Leader","floor":24,"turns":8}],"seed_played":"2438865243413564510","potions_obtained":[{"floor":1,"key":"Strength Potion"},{"floor":11,"key":"Dexterity Potion"},{"floor":12,"key":"AttackPotion"},{"floor":18,"key":"Regen Potion"}],"is_trial":false,"path_per_floor":["M","?","?","M","T","R","E","R","T","E","M","M","R","?","R","B",null,"M","?","?","M","$","R"],"character_chosen":"DEFECT","items_purchased":[],"campfire_rested":0,"item_purchase_floors":[],"current_hp_per_floor":[64,64,59,59,59,59,41,41,41,30,30,30,30,30,30,8,55,55,55,55,55,55,55,0],"gold":66,"neow_bonus":"ONE_RARE_RELIC","is_prod":false,"is_daily":false,"chose_seed":false,"campfire_upgraded":5,"win_rate":0,"timestamp":1537054121,"path_taken":["M","?","?","M","?","R","E","R","T","E","?","M","R","?","R","BOSS","M","?","?","M","$","R","E"],"build_version":"2018-09-06","purchased_purges":1,"victory":false,"max_hp_per_floor":[71,64,64,64,64,64,71,71,71,71,71,71,71,71,71,71,71,71,71,71,71,71,71,71],"card_choices":[{"not_picked":["BootSequence","Stack"],"picked":"Compile Driver","floor":1},{"not_picked":["Streamline","Reinforced Body"],"picked":"Go for the Eyes","floor":4},{"not_picked":["Reprogram","Storm"],"picked":"Sunder","floor":4},{"not_picked":["Gash","Capacitor"],"picked":"Genetic Algorithm","floor":7},{"not_picked":["Barrage","Chaos"],"picked":"Conserve Battery","floor":10},{"not_picked":["Tempest","Stack"],"picked":"Auto Shields","floor":11},{"not_picked":["Double Energy","Compile Driver"],"picked":"Capacitor","floor":11},{"not_picked":["Steam","Skim"],"picked":"Seek","floor":12},{"not_picked":["Capacitor","Redo"],"picked":"FTL","floor":12},{"not_picked":["Core Surge","Amplify"],"picked":"Fission","floor":16},{"not_picked":["Gash+1","Reprogram"],"picked":"Conserve Battery","floor":18},{"not_picked":["Streamline","Stack","Tempest"],"picked":"SKIP","floor":18},{"not_picked":["Rip and Tear","Steam+1"],"picked":"Redo+1","floor":21},{"not_picked":["Compile Driver+1","Steam+1","Hello World"],"picked":"SKIP","floor":21}],"player_experience":395562,"relics_obtained":[{"floor":5,"key":"FossilizedHelix"},{"floor":7,"key":"Strawberry"},{"floor":9,"key":"The Courier"},{"floor":10,"key":"Girya"}],"event_choices":[{"event_name":"Golden Idol","player_choice":"Lose Max HP","floor":2,"damage_taken":0},{"event_name":"Scrap Ooze","player_choice":"success","floor":3,"damage_taken":5},{"event_name":"World of Goop","player_choice":"Left","floor":14,"damage_taken":0},{"event_name":"Forgotten Altar","player_choice":"Gave Idol","floor":19,"damage_taken":0},{"event_name":"Addict","player_choice":"Obtained Relic","floor":20,"damage_taken":0}],"is_beta":false,"boss_relics":[{"not_picked":["Philosopher\u0027s Stone","Snecko Eye"],"picked":"Ectoplasm"}],"items_purged_floors":[22],"is_endless":false,"potions_floor_spawned":[1,11,12,18],"killed_by":"Gremlin Leader","ascension_level":15}