{"gold_per_floor":[111,123,133,146,162,190,190,203,203,203,223,258,272,283,283,385,385,385,385,74,74,74,74,74,74,74,74,74,74,74,74,74,74],"floor_reached":33,"playtime":2360,"items_purged":["Defend_G"],"score":318,"play_id":"dccf5f3c-88f9-4120-aba9-23119dfa3c40","local_time":"20190709031311","is_ascension_mode":true,"campfire_choices":[{"floor":7,"key":"REST"},{"floor":15,"key":"REST"},{"floor":24,"key":"REST"},{"floor":27,"key":"REST"},{"floor":32,"key":"REST"}],"neow_cost":"NONE","seed_source_timestamp":536902518970200,"circlet_count":0,"master_deck":["Strike_G","Strike_G","Strike_G","Strike_G","Strike_G","Defend_G","Defend_G","Defend_G","Defend_G","Survivor","Neutralize","Cloak And Dagger","Dagger Throw","Dash","Noxious Fumes","Bouncing Flask","Deadly Poison","Footwork","Backstab","Noxious Fumes","Dodge and Roll","Bullet Time","Outmaneuver","Calculated Gamble","Deadly Poison+1","PiercingWail","Noxious Fumes","Bane+1","Grand Finale","Sucker Punch"],"relics":["Runic Pyramid","Meat on the Bone","Darkstone Periapt","Ectoplasm","Enchiridion","Sling","Singing Bowl","Ginger","Bottled Flame","Red Mask","Nloth\u0027s Gift"],"potions_floor_usage":[16,16,18,25,25],"damage_taken":[{"damage":5,"enemies":"2 Louse","floor":1,"turns":3},{"damage":0,"enemies":"Jaw Worm","floor":2,"turns":4},{"damage":0,"enemies":"Cultist","floor":3,"turns":3},{"damage":0,"enemies":"Red Slaver","floor":4,"turns":5},{"damage":3,"enemies":"Large Slime","floor":5,"turns":6},{"damage":20,"enemies":"Gremlin Nob","floor":6,"turns":5},{"damage":5,"enemies":"2 Fungi Beasts","floor":8,"turns":4},{"damage":1,"enemies":"Looter","floor":11,"turns":3},{"damage":22,"enemies":"Lagavulin","floor":12,"turns":7},{"damage":8,"enemies":"Lots of Slimes","floor":13,"turns":3},{"damage":4,"enemies":"Exordium Wildlife","floor":14,"turns":4},{"damage":12,"enemies":"The Guardian","floor":16,"turns":8},{"damage":10,"enemies":"Chosen","floor":18,"turns":4},{"damage":7,"enemies":"3 Byrds","floor":21,"turns":3},{"damage":20,"enemies":"Sentry and Sphere","floor":22,"turns":5},{"damage":13,"enemies":"Gremlin Leader","floor":23,"turns":8},{"damage":37,"enemies":"Slavers","floor":25,"turns":6},{"damage":23,"enemies":"Masked Bandits","floor":28,"turns":5},{"damage":31,"enemies":"Shelled Parasite and Fungi","floor":29,"turns":5},{"damage":12,"enemies":"Centurion and Healer","floor":30,"turns":6},{"damage":65,"enemies":"Champ","floor":33,"turns":11}],"seed_played":"-3633366281179719024","potions_obtained":[{"floor":4,"key":"SkillPotion"},{"floor":6,"key":"Fire Potion"},{"floor":11,"key":"SpeedPotion"},{"floor":12,"key":"Energy Potion"},{"floor":16,"key":"Explosive Potion"},{"floor":18,"key":"SpeedPotion"},{"floor":21,"key":"Ancient Potion"}],"is_trial":false,"path_per_floor":["M","M","M","M","M","E","R","M","T","?","M","E","M","M","R","B",null,"M","?","$","M","M","E","R","E","T","R","?","M","M","?","R","B"],"character_chosen":"THE_SILENT","items_purchased":["Sling","Calculated Gamble"],"campfire_rested":5,"item_purchase_floors":[20,20],"current_hp_per_floor":[65,65,65,65,62,42,63,58,58,63,62,40,44,40,62,50,75,65,49,49,42,34,35,58,33,33,56,45,26,26,26,49,0],"gold":74,"neow_bonus":"BOSS_RELIC","is_prod":false,"is_daily":false,"chose_seed":false,"campfire_upgraded":0,"win_rate":0,"timestamp":1562656391,"path_taken":["M","M","M","M","M","E","R","M","T","?","M","E","M","M","R","BOSS","M","?","$","M","M","E","R","E","T","R","?","M","M","?","R","BOSS"],"build_version":"2019-07-05","purchased_purges":1,"victory":false,"max_hp_per_floor":[70,70,70,70,70,70,70,70,70,75,75,75,75,75,75,75,75,75,75,75,75,75,77,77,77,77,77,77,77,77,77,77,77],"card_choices":[{"not_picked":["Dagger Throw","Finisher"],"picked":"Cloak And Dagger","floor":1},{"not_picked":["Eviscerate","Heel Hook"],"picked":"Dagger Throw","floor":2},{"not_picked":["Slice","Caltrops"],"picked":"Dash","floor":3},{"not_picked":["Backflip","Deflect"],"picked":"Noxious Fumes","floor":4},{"not_picked":["Flechettes","Quick Slash"],"picked":"Bouncing Flask","floor":5},{"not_picked":["Terror","Masterful Stab"],"picked":"Deadly Poison","floor":6},{"not_picked":["Flying Knee","Corpse Explosion"],"picked":"Footwork","floor":8},{"not_picked":["Masterful Stab","Blade Dance","Flying Knee"],"picked":"SKIP","floor":11},{"not_picked":["Finisher","Dagger Spray"],"picked":"Backstab","floor":12},{"not_picked":["Concentrate","Underhanded Strike"],"picked":"Noxious Fumes","floor":13},{"not_picked":["Backflip","Underhanded Strike"],"picked":"Dodge and Roll","floor":14},{"not_picked":["Burst","Unload"],"picked":"Bullet Time","floor":16},{"not_picked":["Deflect","Eviscerate+1"],"picked":"Outmaneuver","floor":18},{"not_picked":["Caltrops","Dodge and Roll+1"],"picked":"Deadly Poison+1","floor":21},{"not_picked":["Infinite Blades","Prepared+1"],"picked":"PiercingWail","floor":22},{"not_picked":["Dagger Spray","Eviscerate","Heel Hook"],"picked":"Singing Bowl","floor":23},{"not_picked":["Choke","Dagger Spray"],"picked":"Noxious Fumes","floor":25},{"not_picked":["Expertise","Prepared"],"picked":"Bane+1","floor":28},{"not_picked":["Dash","Acrobatics"],"picked":"Grand Finale","floor":29},{"not_picked":["Slice","Dagger Throw"],"picked":"Sucker Punch","floor":30}],"player_experience":200313,"relics_obtained":[{"floor":6,"key":"Meat on the Bone"},{"floor":9,"key":"Darkstone Periapt"},{"floor":12,"key":"Bag of Preparation"},{"floor":19,"key":"Enchiridion"},{"floor":23,"key":"Singing Bowl"},{"floor":25,"key":"Ginger"},{"floor":26,"key":"Bottled Flame"},{"floor":28,"key":"Red Mask"}],"event_choices":[{"damage_healed":0,"gold_gain":0,"player_choice":"Donut","damage_taken":0,"max_hp_gain":5,"max_hp_loss":0,"event_name":"Big Fish","floor":10,"gold_loss":0},{"damage_healed":0,"gold_gain":0,"player_choice":"Obtained Book","damage_taken":16,"max_hp_gain":0,"max_hp_loss":0,"event_name":"Cursed Tome","floor":19,"gold_loss":0},{"damage_healed":0,"gold_gain":0,"player_choice":"Fought Bandits","damage_taken":0,"max_hp_gain":0,"max_hp_loss":0,"event_name":"Masked Bandits","floor":28,"gold_loss":0},{"damage_healed":0,"gold_gain":0,"player_choice":"Traded Relic","damage_taken":0,"relics_obtained":["Nloth\u0027s Gift"],"max_hp_gain":0,"max_hp_loss":0,"event_name":"N\u0027loth","floor":31,"relics_lost":["Bag of Preparation"],"gold_loss":0}],"is_beta":false,"boss_relics":[{"not_picked":["Runic Dome","Astrolabe"],"picked":"Ectoplasm"}],"items_purged_floors":[20],"is_endless":false,"potions_floor_spawned":[4,6,11,12,13,14,16,18,21,22],"killed_by":"Champ","ascension_level":1}