{"gold_per_floor":[115,132,60,71,21,47,47,82,82,82],"floor_reached":10,"playtime":470,"items_purged":[],"score":78,"play_id":"6eb15db2-bb8f-4200-af72-a7ddf93983f8","local_time":"20190719085618","is_ascension_mode":false,"campfire_choices":[],"neow_cost":"NONE","seed_source_timestamp":372658994433,"circlet_count":0,"master_deck":["Strike_G","Strike_G","Strike_G","Strike_G","Defend_G","Defend_G","Defend_G","Defend_G","Defend_G","Survivor","Neutralize","Cloak And Dagger","Deflect","Footwork","Footwork","Terror","Flying Knee","Deadly Poison","Distraction"],"relics":["Ring of the Snake","NeowsBlessing","Prayer Wheel","PreservedInsect","Centennial Puzzle"],"potions_floor_usage":[],"damage_taken":[{"damage":0,"enemies":"2 Louse","floor":1,"turns":1},{"damage":0,"enemies":"Small Slimes","floor":2,"turns":1},{"damage":0,"enemies":"Jaw Worm","floor":4,"turns":1},{"damage":18,"enemies":"3 Sentries","floor":6,"turns":19},{"damage":2,"enemies":"Exordium Wildlife","floor":7,"turns":10},{"damage":40,"enemies":"Gremlin Nob","floor":8,"turns":5},{"damage":16,"enemies":"Large Slime","floor":10,"turns":1}],"seed_played":"-8921864169553696757","potions_obtained":[{"floor":8,"key":"Ancient Potion"}],"is_trial":false,"path_per_floor":["M","M","$","M","?","E","M","E","T","M"],"character_chosen":"THE_SILENT","items_purchased":["Footwork"],"campfire_rested":0,"item_purchase_floors":[3],"current_hp_per_floor":[70,70,70,70,70,52,50,10,10,0],"gold":82,"neow_bonus":"THREE_ENEMY_KILL","is_prod":false,"is_daily":false,"chose_seed":false,"campfire_upgraded":0,"win_rate":0,"timestamp":1563540978,"path_taken":["M","M","$","M","?","E","M","E","T","M"],"build_version":"2019-07-17","purchased_purges":0,"victory":false,"max_hp_per_floor":[70,70,70,70,70,70,70,70,70,70],"card_choices":[{"not_picked":["Dagger Throw","Infinite Blades"],"picked":"Cloak And Dagger","floor":1},{"not_picked":["Flechettes","Skewer"],"picked":"Deflect","floor":2},{"not_picked":["Deflect","Outmaneuver"],"picked":"Footwork","floor":4},{"not_picked":["Cloak And Dagger","Prepared"],"picked":"Terror","floor":6},{"not_picked":["Prepared","Deflect"],"picked":"Flying Knee","floor":7},{"not_picked":["Calculated Gamble","Slice"],"picked":"Deadly Poison","floor":7},{"not_picked":["Heel Hook","Caltrops"],"picked":"Distraction","floor":8}],"player_experience":85650,"relics_obtained":[{"floor":6,"key":"Prayer Wheel"},{"floor":8,"key":"PreservedInsect"},{"floor":9,"key":"Centennial Puzzle"}],"event_choices":[{"cards_removed":["Strike_G"],"damage_healed":0,"gold_gain":0,"player_choice":"Card Removal","damage_taken":0,"max_hp_gain":0,"max_hp_loss":0,"event_name":"The Cleric","floor":5,"gold_loss":50}],"is_beta":false,"boss_relics":[],"items_purged_floors":[],"is_endless":false,"potions_floor_spawned":[8],"killed_by":"Large Slime","ascension_level":0}