{"gold_per_floor":[10,25,44,44,44,44,55,55,55,73,111,111,147,170,170,259,259,247,53,53,69,93,93,116,116,116,116,136,136],"floor_reached":29,"playtime":1815,"items_purged":["Strike_R"],"score":403,"play_id":"f670604a-f401-414e-a836-89d0d21da4e4","local_time":"20180917224538","is_ascension_mode":true,"campfire_choices":[{"data":"Combust","floor":6,"key":"SMITH"},{"data":"Cleave","floor":15,"key":"SMITH"},{"data":"Disarm","floor":23,"key":"SMITH"},{"floor":25,"key":"REST"},{"data":"Feel No Pain","floor":27,"key":"SMITH"}],"neow_cost":"NO_GOLD","seed_source_timestamp":421660006463029,"circlet_count":0,"master_deck":["Strike_R","Strike_R","Strike_R","Defend_R","Defend_R","Defend_R","Bash","AscendersBane","Brutality","Combust+1","Armaments","True Grit+1","Cleave+1","True Grit","Power Through","Disarm+1","Dark Embrace","Shrug It Off","Feel No Pain+1","Havoc","True Grit+1","Armaments+1","Shrug It Off","Heavy Blade"],"relics":["Burning Blood","Golden Idol","Darkstone Periapt","Pantograph","Kunai","Sozu","Matryoshka"],"potions_floor_usage":[13,22],"damage_taken":[{"damage":15,"enemies":"Small Slimes","floor":1,"turns":4},{"damage":6,"enemies":"Jaw Worm","floor":2,"turns":3},{"damage":9,"enemies":"2 Louse","floor":3,"turns":4},{"damage":2,"enemies":"Large Slime","floor":7,"turns":5},{"damage":7,"enemies":"Gremlin Gang","floor":10,"turns":3},{"damage":15,"enemies":"3 Sentries","floor":11,"turns":5},{"damage":19,"enemies":"Gremlin Nob","floor":13,"turns":4},{"damage":5,"enemies":"Exordium Wildlife","floor":14,"turns":5},{"damage":45,"enemies":"Slime Boss","floor":16,"turns":10},{"damage":21,"enemies":"2 Thieves","floor":18,"turns":4},{"damage":14,"enemies":"Shell Parasite","floor":21,"turns":8},{"damage":13,"enemies":"Snecko","floor":22,"turns":8},{"damage":37,"enemies":"3 Cultists","floor":24,"turns":6},{"damage":17,"enemies":"Centurion and Healer","floor":28,"turns":10},{"damage":30,"enemies":"Slavers","floor":29,"turns":4}],"seed_played":"-9068149426785734079","potions_obtained":[{"floor":1,"key":"Swift Potion"},{"floor":14,"key":"SpeedPotion"},{"floor":16,"key":"Regen Potion"}],"is_trial":false,"path_per_floor":["M","M","M","?","?","R","M","?","T","M","E","?","E","M","R","B",null,"M","$","?","M","M","R","M","R","T","R","M"],"character_chosen":"IRONCLAD","items_purchased":["Feel No Pain","Havoc"],"campfire_rested":1,"item_purchase_floors":[19,19],"current_hp_per_floor":[59,59,56,56,56,56,60,60,60,59,50,55,42,43,43,29,63,48,48,48,40,48,48,17,39,39,39,28,0],"gold":136,"neow_bonus":"TRANSFORM_TWO_CARDS","is_prod":false,"is_daily":false,"chose_seed":false,"campfire_upgraded":4,"win_rate":0,"timestamp":1537238738,"path_taken":["M","M","M","?","?","R","M","?","T","M","E","?","E","?","R","BOSS","M","$","?","M","M","R","M","R","T","R","M","E"],"build_version":"2018-09-06","purchased_purges":1,"victory":false,"max_hp_per_floor":[75,75,75,75,75,75,75,69,69,69,69,74,74,74,74,74,74,74,74,74,74,74,74,74,74,74,74,74,74],"card_choices":[{"not_picked":["Corruption","Headbutt"],"picked":"Armaments","floor":1},{"not_picked":["Body Slam","Ghostly Armor"],"picked":"True Grit","floor":2},{"not_picked":["Heavy Blade","Combust","Body Slam"],"picked":"SKIP","floor":3},{"not_picked":["Fiend Fire","Dual Wield"],"picked":"Cleave","floor":7},{"not_picked":["Iron Wave","Perfected Strike"],"picked":"True Grit","floor":10},{"not_picked":["Offering","Reckless Charge"],"picked":"Power Through","floor":11},{"not_picked":["Second Wind","Headbutt"],"picked":"Disarm","floor":13},{"not_picked":["Warcry","Wild Strike","Twin Strike"],"picked":"SKIP","floor":14},{"not_picked":["Double Tap","Demon Form"],"picked":"Dark Embrace","floor":16},{"not_picked":["Entrench+1","Havoc"],"picked":"Shrug It Off","floor":18},{"not_picked":["Fire Breathing","Inflame+1"],"picked":"True Grit+1","floor":21},{"not_picked":["Sever Soul+1","Heavy Blade"],"picked":"Armaments+1","floor":22},{"not_picked":["Flame Barrier","Clothesline"],"picked":"Shrug It Off","floor":24},{"not_picked":["Thunderclap","Power Through"],"picked":"Heavy Blade","floor":28}],"player_experience":433531,"relics_obtained":[{"floor":9,"key":"Darkstone Periapt"},{"floor":11,"key":"Pantograph"},{"floor":13,"key":"Kunai"},{"floor":26,"key":"Matryoshka"}],"event_choices":[{"event_name":"Liars Game","player_choice":"disagreed","floor":4,"damage_taken":0},{"event_name":"Upgrade Shrine","player_choice":"Upgraded","floor":5,"damage_taken":0},{"event_name":"Golden Idol","player_choice":"Lose Max HP","floor":8,"damage_taken":0},{"event_name":"Big Fish","player_choice":"Donut","floor":12,"damage_taken":0},{"event_name":"Beggar","player_choice":"Ignored","floor":20,"damage_taken":0}],"is_beta":false,"boss_relics":[{"not_picked":["Eternal Feather","Astrolabe"],"picked":"Sozu"}],"items_purged_floors":[19],"is_endless":false,"potions_floor_spawned":[1,14,16,21,22,28],"killed_by":"Slavers","ascension_level":14}