{"gold_per_floor":[112,132,151,5,5,5,32,32,32,59,59,75,89,112,112,213,213,226,242,242,242,71,98,98,118,118,118,137,137,12,25,25,129,129,145,145,158,175,175],"floor_reached":39,"playtime":3237,"items_purged":["Strike_G","Writhe","Strike_G"],"score":432,"play_id":"25535495-1e0b-4c12-8968-4612e9b7417e","local_time":"20180820224046","is_ascension_mode":true,"campfire_choices":[{"data":"Footwork","floor":6,"key":"SMITH"},{"floor":8,"key":"REST"},{"floor":15,"key":"REST"},{"floor":27,"key":"REST"},{"data":"Noxious Fumes","floor":29,"key":"SMITH"},{"floor":32,"key":"REST"}],"neow_cost":"NONE","seed_source_timestamp":412723237886835,"circlet_count":0,"master_deck":["Defend_G","Defend_G","Defend_G","Defend_G","Strike_G","Strike_G","Survivor","Neutralize","Leg Sweep","Night Terror","Footwork+1","Dash","Deadly Poison","After Image","Envenom","Poisoned Stab","Noxious Fumes+1","Underhanded Strike","Poisoned Stab+1","Backflip","Adrenaline","Clumsy","Injury","Injury","Footwork","Leg Sweep","Outmaneuver"],"relics":["Snecko Eye","Matryoshka","Dodecahedron","Anchor","Letter Opener","Odd Mushroom","HoveringKite","Ancient Tea Set","Kunai","Oddly Smooth Stone","Bottled Lightning","Calling Bell","Orichalcum","Ornamental Fan","Shovel"],"potions_floor_usage":[39],"damage_taken":[{"damage":0,"enemies":"2 Louse","floor":1,"turns":3},{"damage":0,"enemies":"Small Slimes","floor":2,"turns":5},{"damage":5,"enemies":"Jaw Worm","floor":3,"turns":8},{"damage":15,"enemies":"3 Sentries","floor":7,"turns":21},{"damage":8,"enemies":"Lagavulin","floor":10,"turns":15},{"damage":11,"enemies":"Exordium Thugs","floor":12,"turns":7},{"damage":0,"enemies":"Exordium Wildlife","floor":13,"turns":3},{"damage":1,"floor":14,"turns":4},{"damage":14,"enemies":"The Guardian","floor":16,"turns":14},{"damage":0,"enemies":"Shell Parasite","floor":18,"turns":6},{"damage":9,"enemies":"3 Byrds","floor":19,"turns":7},{"damage":17,"enemies":"Slavers","floor":23,"turns":7},{"damage":7,"enemies":"Snecko","floor":25,"turns":5},{"damage":0,"enemies":"3 Cultists","floor":28,"turns":7},{"damage":10,"enemies":"Sentry and Sphere","floor":31,"turns":6},{"damage":2,"enemies":"Collector","floor":33,"turns":9},{"damage":26,"enemies":"3 Darklings","floor":35,"turns":5},{"damage":5,"enemies":"3 Shapes","floor":37,"turns":4},{"damage":12,"enemies":"3 Darklings","floor":38,"turns":8},{"damage":28,"enemies":"4 Shapes","floor":39,"turns":10}],"seed_played":"5489497167158101733","potions_obtained":[{"floor":1,"key":"Strength Potion"},{"floor":2,"key":"GamblersBrew"},{"floor":10,"key":"Strength Potion"},{"floor":13,"key":"EssenceOfSteel"},{"floor":23,"key":"Dexterity Potion"},{"floor":35,"key":"Poison Potion"}],"is_trial":false,"path_per_floor":["M","M","M","$","?","R","E","R","T","E","$","M","M","?","R","B",null,"M","M","?","?","$","E","$","M","T","R","M","R","$","M","R","B",null,"M","?","M","M"],"character_chosen":"THE_SILENT","items_purchased":["Footwork","Noxious Fumes"],"campfire_rested":4,"item_purchase_floors":[4,22],"current_hp_per_floor":[70,70,65,65,58,58,43,64,64,56,56,45,45,44,65,51,70,70,61,61,61,61,44,44,37,37,58,58,58,58,48,69,67,70,44,44,39,27,0],"gold":175,"neow_bonus":"BOSS_RELIC","is_prod":false,"is_daily":false,"chose_seed":false,"campfire_upgraded":2,"win_rate":0,"timestamp":1534819246,"path_taken":["M","M","M","$","?","R","E","R","T","E","?","M","?","?","R","BOSS","M","M","?","?","$","E","$","M","T","R","?","R","?","M","R","BOSS","M","?","M","M","M"],"build_version":"2018-08-16","purchased_purges":3,"victory":false,"max_hp_per_floor":[70,70,70,70,70,70,70,70,70,70,70,70,70,70,70,70,70,70,70,70,70,70,70,70,70,70,70,70,70,70,70,70,70,70,70,70,70,70,70],"card_choices":[{"not_picked":["Backflip","Riddle With Holes"],"picked":"Leg Sweep","floor":1},{"not_picked":["Dagger Spray","Acrobatics","Dagger Throw"],"picked":"SKIP","floor":2},{"not_picked":["Deflect","Dagger Spray"],"picked":"Night Terror","floor":3},{"not_picked":["Dagger Spray","Quick Slash","Sucker Punch"],"picked":"SKIP","floor":7},{"not_picked":["Sucker Punch","Heel Hook","Dodge and Roll"],"picked":"SKIP","floor":10},{"not_picked":["Expertise","Backflip"],"picked":"Dash","floor":12},{"not_picked":["Flying Knee","All Out Attack"],"picked":"Deadly Poison","floor":13},{"not_picked":["Backstab","PiercingWail"],"picked":"After Image","floor":14},{"not_picked":["Burst","Glass Knife"],"picked":"Envenom","floor":16},{"not_picked":["Cloak And Dagger","Endless Agony+1"],"picked":"Poisoned Stab","floor":18},{"not_picked":["Caltrops","Slice","Dodge and Roll"],"picked":"SKIP","floor":19},{"not_picked":["Terror","Leg Sweep"],"picked":"Underhanded Strike","floor":23},{"not_picked":["Heel Hook","Cloak And Dagger","Slice"],"picked":"SKIP","floor":25},{"not_picked":["Backflip","Blade Dance"],"picked":"Poisoned Stab+1","floor":28},{"not_picked":["Flying Knee","Calculated Gamble"],"picked":"Backflip","floor":31},{"not_picked":["Die Die Die","Wraith Form v2"],"picked":"Adrenaline","floor":33},{"not_picked":["Riddle With Holes","Bane"],"picked":"Footwork","floor":35},{"not_picked":["Dagger Throw","Crippling Poison"],"picked":"Leg Sweep","floor":37},{"not_picked":["PiercingWail","Dagger Throw"],"picked":"Outmaneuver","floor":38}],"player_experience":98091,"relics_obtained":[{"floor":7,"key":"Matryoshka"},{"floor":9,"key":"Dodecahedron"},{"floor":9,"key":"Anchor"},{"floor":10,"key":"Letter Opener"},{"floor":14,"key":"Odd Mushroom"},{"floor":23,"key":"Kunai"},{"floor":26,"key":"Oddly Smooth Stone"},{"floor":26,"key":"Bottled Lightning"},{"floor":34,"key":"Orichalcum"},{"floor":34,"key":"Ornamental Fan"},{"floor":34,"key":"Shovel"}],"event_choices":[{"event_name":"Golden Wing","player_choice":"Card Removal","floor":5,"damage_taken":0},{"event_name":"Mushrooms","player_choice":"Fought Mushrooms","floor":14,"damage_taken":0},{"event_name":"Ghosts","player_choice":"Ignored","floor":20,"damage_taken":0},{"event_name":"The Mausoleum","player_choice":"Yes","floor":21,"damage_taken":0},{"event_name":"Falling","player_choice":"Removed Skill","floor":36,"damage_taken":0}],"is_beta":false,"boss_relics":[{"not_picked":["Runic Pyramid","Velvet Choker"],"picked":"HoveringKite"},{"not_picked":["Orrery","Eternal Feather"],"picked":"Calling Bell"}],"items_purged_floors":[4,22,30],"is_endless":false,"potions_floor_spawned":[1,2,10,13,23,31,33,35],"killed_by":"4 Shapes","ascension_level":1}