{"gold_per_floor":[110,130,230,250,152,181,193,193,193,212,212,228,128,128,128,225,225,237,237,237,251,126,126],"floor_reached":23,"playtime":1833,"items_purged":["Strike_G","Strike_G","Strike_G"],"score":191,"play_id":"4cbfcee7-2c12-4ab0-b0a6-9862dd100c25","local_time":"20190708194524","is_ascension_mode":false,"campfire_choices":[{"floor":8,"key":"REST"},{"floor":11,"key":"REST"},{"floor":15,"key":"REST"}],"neow_cost":"NONE","seed_source_timestamp":29578879512336,"circlet_count":0,"master_deck":["Strike_G","Strike_G","Defend_G","Defend_G","Defend_G","Defend_G","Defend_G","Survivor","Neutralize","Noxious Fumes","Acrobatics","Deadly Poison","Bane","Bouncing Flask","Noxious Fumes+1","Bane","Backflip","Adrenaline","Backflip","Dash"],"special_seed":0,"relics":["Ring of the Snake","Frozen Egg 2","Nunchaku","Ginger","Runic Pyramid","Nilry\u0027s Codex","Centennial Puzzle"],"potions_floor_usage":[16,16],"damage_taken":[{"damage":0.0,"enemies":"Jaw Worm","floor":1.0,"turns":5.0},{"damage":0,"enemies":"Cultist","floor":2,"turns":4},{"damage":4,"enemies":"2 Louse","floor":4,"turns":4},{"damage":43,"enemies":"Gremlin Nob","floor":6,"turns":5},{"damage":5,"enemies":"2 Fungi Beasts","floor":7,"turns":4},{"damage":0,"enemies":"3 Louse","floor":10,"turns":3},{"damage":32,"enemies":"Gremlin Gang","floor":12,"turns":3},{"damage":22,"enemies":"Slime Boss","floor":16,"turns":8},{"damage":2,"enemies":"Chosen","floor":18,"turns":5},{"damage":9,"enemies":"Shell Parasite","floor":21,"turns":4},{"damage":63,"enemies":"Slavers","floor":23,"turns":4}],"seed_played":"-573728462109812639","potions_obtained":[{"floor":1,"key":"SteroidPotion"},{"floor":2,"key":"AttackPotion"},{"floor":10,"key":"Poison Potion"},{"floor":21,"key":"Ancient Potion"}],"is_trial":false,"path_per_floor":["M","M","?","M","$","E","M","R","T","M","R","M","$","?","R","B",null,"M","?","?","M","$","E"],"character_chosen":"THE_SILENT","items_purchased":["Bane"],"campfire_rested":3,"item_purchase_floors":[5],"current_hp_per_floor":[77,77,77,73,73,30,25,48,48,48,71,39,39,39,62,40,77,75,59,59,50,50,0],"gold":126,"neow_bonus":"TEN_PERCENT_HP_BONUS","is_prod":false,"is_daily":false,"chose_seed":false,"campfire_upgraded":0,"win_rate":0.0,"timestamp":1562629524,"path_taken":["M","M","?","M","$","E","M","R","T","M","R","M","?","?","R","BOSS","M","?","?","?","$","E"],"build_version":"2019-07-05","purchased_purges":3,"victory":false,"max_hp_per_floor":[77,77,77,77,77,77,77,77,77,77,77,77,77,77,77,77,77,77,77,77,77,77,77],"card_choices":[{"not_picked":["Dagger Spray","Dash"],"picked":"Noxious Fumes","floor":1},{"not_picked":["Expertise","Choke"],"picked":"Acrobatics","floor":2},{"not_picked":["Flying Knee","Poisoned Stab"],"picked":"Deadly Poison","floor":4},{"not_picked":["Dodge and Roll","Glass Knife"],"picked":"Bouncing Flask","floor":6},{"not_picked":["Endless Agony","Acrobatics"],"picked":"Noxious Fumes+1","floor":7},{"not_picked":["Slice","Quick Slash"],"picked":"Bane","floor":10},{"not_picked":["Deadly Poison","Blade Dance"],"picked":"Backflip","floor":12},{"not_picked":["Bullet Time","Wraith Form v2+1"],"picked":"Adrenaline","floor":16},{"not_picked":["Poisoned Stab","Skewer"],"picked":"Backflip","floor":18},{"not_picked":["Sucker Punch","Caltrops+1"],"picked":"Dash","floor":21}],"player_experience":21048,"relics_obtained":[{"floor":6,"key":"Frozen Egg 2"},{"floor":9,"key":"Nunchaku"},{"floor":19,"key":"Nilry\u0027s Codex"}],"event_choices":[{"damage_healed":0,"gold_gain":100,"player_choice":"Pray","damage_taken":0,"max_hp_gain":0,"max_hp_loss":0,"event_name":"Golden Shrine","floor":3,"gold_loss":0},{"damage_healed":0,"gold_gain":0,"player_choice":"Searched \u00271\u0027 times","damage_taken":0,"relics_obtained":["Ginger"],"max_hp_gain":0,"max_hp_loss":0,"event_name":"Dead Adventurer","floor":14,"gold_loss":0},{"damage_healed":0,"gold_gain":0,"player_choice":"Obtained Book","damage_taken":16,"max_hp_gain":0,"max_hp_loss":0,"event_name":"Cursed Tome","floor":19,"gold_loss":0},{"damage_healed":0,"gold_gain":0,"player_choice":"Gave Potion","damage_taken":0,"relics_obtained":["Centennial Puzzle"],"max_hp_gain":0,"max_hp_loss":0,"event_name":"WeMeetAgain","floor":20,"gold_loss":0}],"is_beta":false,"boss_relics":[{"not_picked":["Busted Crown","Lizard Tail"],"picked":"Runic Pyramid"}],"items_purged_floors":[5,13,22],"is_endless":false,"potions_floor_spawned":[1,2,10,21],"killed_by":"Slavers","ascension_level":0}