{"gold_per_floor":[110,122,47,47,47,85,85,129,129,153,177,177,197,216,216,216],"floor_reached":16,"playtime":2352,"items_purged":[],"score":110,"play_id":"1989d7a7-3d3e-4bd7-86dc-8472befdbbc2","local_time":"20190710145349","is_ascension_mode":false,"campfire_choices":[{"data":"Self Repair","floor":12,"key":"SMITH"},{"floor":15,"key":"REST"}],"neow_cost":"NONE","seed_source_timestamp":183605134003209,"circlet_count":0,"master_deck":["Strike_B+1","Strike_B","Strike_B","Strike_B","Defend_B","Defend_B","Defend_B","Defend_B","Zap","Dualcast","Go for the Eyes+1","Cold Snap","Auto Shields","Injury","Seek+1","Self Repair+1","Undo","Rip and Tear+1"],"special_seed":0,"relics":["Cracked Core","Golden Idol","Potion Belt","Matryoshka","Happy Flower","Molten Egg 2","Whetstone","Orichalcum"],"potions_floor_usage":[],"damage_taken":[{"damage":5,"enemies":"Small Slimes","floor":1,"turns":3},{"damage":0,"enemies":"2 Louse","floor":2,"turns":1},{"damage":29,"enemies":"3 Sentries","floor":6,"turns":9},{"damage":16,"enemies":"Gremlin Nob","floor":8,"turns":4},{"damage":0,"enemies":"Jaw Worm","floor":10,"turns":2},{"damage":24,"enemies":"Gremlin Gang","floor":13,"turns":6},{"damage":8,"enemies":"Lots of Slimes","floor":14,"turns":5},{"damage":48,"enemies":"Slime Boss","floor":16,"turns":7}],"seed_played":"-9019058025696988903","potions_obtained":[{"floor":1,"key":"GamblersBrew"},{"floor":8,"key":"Fire Potion"},{"floor":10,"key":"Energy Potion"}],"is_trial":false,"path_per_floor":["M","M","$","?","?","E","?","E","T","M","T","R","M","M","R","B"],"character_chosen":"DEFECT","items_purchased":["Auto Shields"],"campfire_rested":1,"item_purchase_floors":[3],"current_hp_per_floor":[77,77,77,77,77,48,48,32,32,32,32,32,18,20,44,0],"gold":216,"neow_bonus":"TEN_PERCENT_HP_BONUS","is_prod":false,"is_daily":false,"chose_seed":false,"campfire_upgraded":1,"win_rate":0.0,"timestamp":1562784829,"path_taken":["M","M","$","?","?","E","?","E","T","M","?","R","M","?","R","BOSS"],"build_version":"2019-07-05","purchased_purges":0,"victory":false,"max_hp_per_floor":[82,82,82,82,82,82,82,82,82,82,82,82,82,82,82,82],"card_choices":[{"not_picked":["Skim","Force Field"],"picked":"Go for the Eyes","floor":1},{"not_picked":["Aggregate","Rebound"],"picked":"Cold Snap","floor":2},{"not_picked":["Cold Snap","Rebound"],"picked":"Seek","floor":6},{"not_picked":["Lockon","Barrage","Streamline"],"picked":"SKIP","floor":8},{"not_picked":["Gash+1","Streamline+1"],"picked":"Self Repair","floor":10},{"not_picked":["Sweeping Beam+1","Beam Cell+1"],"picked":"Undo","floor":13},{"not_picked":["Auto Shields","Reboot"],"picked":"Rip and Tear+1","floor":14}],"player_experience":60235,"relics_obtained":[{"floor":6,"key":"Potion Belt"},{"floor":8,"key":"Matryoshka"},{"floor":9,"key":"Happy Flower"},{"floor":9,"key":"Molten Egg 2"},{"floor":11,"key":"Whetstone"},{"floor":11,"key":"Orichalcum"}],"event_choices":[{"damage_healed":0,"gold_gain":0,"player_choice":"Take Wound","damage_taken":0,"relics_obtained":["Golden Idol"],"max_hp_gain":0,"max_hp_loss":0,"event_name":"Golden Idol","floor":4,"gold_loss":0,"cards_obtained":["Injury"]},{"damage_healed":0,"gold_gain":0,"player_choice":"Leave","damage_taken":0,"max_hp_gain":0,"max_hp_loss":0,"event_name":"The Cleric","floor":5,"gold_loss":0},{"damage_healed":0,"gold_gain":0,"player_choice":"Grow","damage_taken":0,"max_hp_gain":0,"max_hp_loss":0,"event_name":"Living Wall","floor":7,"gold_loss":0,"cards_upgraded":["Seek"]}],"is_beta":false,"boss_relics":[],"items_purged_floors":[],"is_endless":false,"potions_floor_spawned":[1,8,10,13],"killed_by":"Slime Boss","ascension_level":0}