{"gold_per_floor":[117,117,25,25,40,50,50,66,66,84,111,141,0,20,20,121,121,141,141,50,50,67,67,82,82,82,82,94,94,108,108,108,108],"floor_reached":33,"playtime":1372,"items_purged":[],"score":297,"play_id":"9267e034-fc42-4d7d-99ba-4a999fc2cb2d","local_time":"20190714225000","is_ascension_mode":false,"campfire_choices":[{"data":"Darkness","floor":7,"key":"SMITH"},{"data":"Glacier","floor":15,"key":"SMITH"},{"data":"RitualDagger","floor":23,"key":"SMITH"},{"data":"Defragment","floor":25,"key":"SMITH"},{"data":"Machine Learning","floor":27,"key":"SMITH"},{"floor":32,"key":"REST"}],"neow_cost":"NONE","seed_source_timestamp":190189078173411,"circlet_count":0,"master_deck":["Strike_B+1","Strike_B+1","Strike_B+1","Defend_B+1","Defend_B+1","Defend_B+1","Defend_B+1","Zap","Dualcast","Self Repair","Go for the Eyes","Darkness+1","Biased Cognition","Scrape","Leap","Doom and Gloom","Steam","Ball Lightning","Self Repair","Streamline","Stack","Glacier+1","Machine Learning+1","Darkness+1","RitualDagger+1","Enlightenment","Enlightenment","Ball Lightning+1","Defragment+1","Blizzard"],"relics":["Cracked Core","Bird Faced Urn","Odd Mushroom","Mango","Nuclear Battery","Lantern"],"potions_floor_usage":[12,12,12,16,33,33,33],"damage_taken":[{"damage":9,"enemies":"2 Louse","floor":1,"turns":3},{"damage":1,"enemies":"Cultist","floor":5,"turns":3},{"damage":0,"enemies":"Small Slimes","floor":6,"turns":3},{"damage":7,"enemies":"Exordium Wildlife","floor":8,"turns":5},{"damage":2,"enemies":"Large Slime","floor":10,"turns":5},{"damage":6,"enemies":"The Mushroom Lair","floor":11,"turns":2},{"damage":0,"enemies":"3 Sentries","floor":12,"turns":6},{"damage":32,"enemies":"Exordium Thugs","floor":14,"turns":5},{"damage":46,"enemies":"The Guardian","floor":16,"turns":12},{"damage":19,"enemies":"Spheric Guardian","floor":18,"turns":4},{"damage":27,"enemies":"3 Byrds","floor":22,"turns":6},{"damage":39,"enemies":"Snake Plant","floor":24,"turns":4},{"damage":14,"enemies":"3 Cultists","floor":28,"turns":5},{"damage":12,"enemies":"Snecko","floor":30,"turns":5},{"damage":96,"enemies":"Collector","floor":33,"turns":12}],"seed_played":"2707945159036224840","potions_obtained":[{"floor":1,"key":"Weak Potion"},{"floor":2,"key":"Swift Potion"},{"floor":2,"key":"Block Potion"},{"floor":11,"key":"SkillPotion"},{"floor":12,"key":"FearPotion"},{"floor":14,"key":"Fire Potion"},{"floor":16,"key":"Block Potion"},{"floor":22,"key":"FocusPotion"}],"is_trial":false,"path_per_floor":["M","?","$","?","M","M","R","M","T","M","?","E","$","M","R","B",null,"M","?","$","?","M","R","M","R","T","R","M","?","M","?","R","B"],"character_chosen":"DEFECT","items_purchased":["Go for the Eyes","Darkness","Self Repair","Streamline","Stack","Enlightenment"],"campfire_rested":1,"item_purchase_floors":[3,3,13,13,13,20],"current_hp_per_floor":[73,73,73,73,79,82,82,82,82,82,76,96,96,80,80,36,96,93,87,87,87,82,82,54,54,54,54,64,64,74,55,85,0],"gold":108,"neow_bonus":"TEN_PERCENT_HP_BONUS","is_prod":false,"is_daily":false,"chose_seed":false,"campfire_upgraded":5,"win_rate":0.0,"timestamp":1563159000,"path_taken":["M","?","?","?","?","M","R","M","T","M","?","E","$","M","R","BOSS","M","?","$","?","?","R","M","R","T","R","M","?","M","?","R","BOSS"],"build_version":"2019-07-05","purchased_purges":0,"victory":false,"max_hp_per_floor":[82,82,82,82,82,82,82,82,82,82,82,96,96,96,96,96,96,96,96,96,96,96,96,96,96,96,96,96,96,96,101,101,101],"card_choices":[{"not_picked":["Coolheaded","Ball Lightning"],"picked":"Self Repair","floor":1},{"not_picked":["Cold Snap","Static Discharge"],"picked":"Scrape","floor":5},{"not_picked":["Rip and Tear","Go for the Eyes"],"picked":"Leap","floor":6},{"not_picked":["Force Field","Streamline"],"picked":"Doom and Gloom","floor":8},{"not_picked":["Blizzard","Rebound","Compile Driver"],"picked":"SKIP","floor":10},{"not_picked":["Double Energy","Beam Cell"],"picked":"Steam","floor":11},{"not_picked":["Steam","Echo Form"],"picked":"Ball Lightning","floor":12},{"not_picked":["Barrage","Streamline"],"picked":"Glacier","floor":14},{"not_picked":["Buffer","All For One"],"picked":"Machine Learning","floor":16},{"not_picked":["Sweeping Beam","Go for the Eyes"],"picked":"Darkness+1","floor":18},{"not_picked":["Rip and Tear","Go for the Eyes"],"picked":"Ball Lightning+1","floor":22},{"not_picked":["Steam Power","Cold Snap"],"picked":"Defragment","floor":24},{"not_picked":["Sweeping Beam","Streamline","Stack"],"picked":"SKIP","floor":28},{"not_picked":["Barrage","Compile Driver"],"picked":"Blizzard","floor":30}],"player_experience":50622,"relics_obtained":[{"floor":9,"key":"Bird Faced Urn"},{"floor":11,"key":"Odd Mushroom"},{"floor":12,"key":"Mango"},{"floor":26,"key":"Lantern"}],"event_choices":[{"damage_healed":0,"gold_gain":0,"player_choice":"Got Potions","damage_taken":0,"max_hp_gain":0,"max_hp_loss":0,"event_name":"Lab","floor":2,"gold_loss":0},{"damage_healed":0,"gold_gain":0,"cards_transformed":["Strike_B"],"player_choice":"Transformed","damage_taken":0,"max_hp_gain":0,"max_hp_loss":0,"event_name":"Transmorgrifier","floor":4,"gold_loss":0,"cards_obtained":["Biased Cognition"]},{"damage_healed":0,"gold_gain":0,"player_choice":"Fought Mushrooms","damage_taken":0,"max_hp_gain":0,"max_hp_loss":0,"event_name":"Mushrooms","floor":11,"gold_loss":0},{"damage_healed":0,"gold_gain":0,"player_choice":"Joined the Cult","damage_taken":6,"max_hp_gain":0,"max_hp_loss":0,"event_name":"Nest","floor":19,"gold_loss":0,"cards_obtained":["RitualDagger"]},{"damage_healed":0,"gold_gain":0,"player_choice":"Copied","damage_taken":0,"max_hp_gain":0,"max_hp_loss":0,"event_name":"Duplicator","floor":21,"gold_loss":0,"cards_obtained":["Enlightenment"]},{"damage_healed":0,"gold_gain":0,"player_choice":"Simplicity","damage_taken":0,"max_hp_gain":0,"max_hp_loss":0,"event_name":"Back to Basics","floor":29,"gold_loss":0,"cards_upgraded":["Strike_B","Strike_B","Strike_B","Defend_B","Defend_B","Defend_B","Defend_B"]},{"damage_healed":0,"gold_gain":0,"player_choice":"Shed Blood","damage_taken":24,"max_hp_gain":5,"max_hp_loss":0,"event_name":"Forgotten Altar","floor":31,"gold_loss":0}],"is_beta":false,"boss_relics":[{"not_picked":["Calling Bell","Coffee Dripper"],"picked":"Nuclear Battery"}],"items_purged_floors":[],"is_endless":false,"potions_floor_spawned":[1,11,12,14,16,22,24],"killed_by":"Collector","ascension_level":0}