{"gold_per_floor":[111,127,138,63,63,118,83,117,189,189,220,230,240,256,256,330,380,397,397,397,416,434,434,434],"floor_reached":24,"playtime":1442,"items_purged":["Strike_G"],"score":436,"play_id":"0deeda6d-47b0-48bc-b554-1af0b9b80529","local_time":"20190603102516","is_ascension_mode":true,"campfire_choices":[{"floor":10.0,"key":"REST"},{"floor":15,"key":"REST"},{"data":"Malaise","floor":23,"key":"SMITH"}],"neow_cost":"NONE","seed_source_timestamp":1608595624117064,"circlet_count":0,"master_deck":["AscendersBane","Defend_G","Defend_G","Defend_G","Defend_G+1","Defend_G","Strike_G","Strike_G","Strike_G","Strike_G","Survivor","Neutralize+1","Dash+1","Skewer","Predator","Malaise+1","Noxious Fumes","Deadly Poison","Night Terror","Well Laid Plans","Backstab","Crippling Poison"],"special_seed":0,"relics":["Ring of the Snake","NeowsBlessing","Ginger","Tiny Chest","Whetstone","Paper Crane","Nunchaku","Tiny House"],"potions_floor_usage":[13,18],"damage_taken":[{"damage":0.0,"enemies":"Cultist","floor":1.0,"turns":1.0},{"damage":0.0,"enemies":"Small Slimes","floor":2.0,"turns":1.0},{"damage":0.0,"enemies":"Jaw Worm","floor":3.0,"turns":1.0},{"damage":20.0,"enemies":"3 Sentries","floor":6.0,"turns":10.0},{"damage":43.0,"enemies":"Gremlin Nob","floor":8.0,"turns":5.0},{"damage":11.0,"enemies":"Lagavulin","floor":11.0,"turns":9.0},{"damage":0,"enemies":"2 Fungi Beasts","floor":12,"turns":4},{"damage":6,"enemies":"Exordium Wildlife","floor":13,"turns":5},{"damage":1,"enemies":"Lots of Slimes","floor":14,"turns":4},{"damage":11,"enemies":"Hexaghost","floor":16,"turns":11},{"damage":9,"enemies":"3 Byrds","floor":18,"turns":5},{"damage":8,"enemies":"Spheric Guardian","floor":21,"turns":7},{"damage":2,"enemies":"Snecko","floor":22,"turns":7},{"damage":23,"enemies":"3 Cultists","floor":24,"turns":5}],"seed_played":"-6186131365184479659","potions_obtained":[{"floor":1.0,"key":"GamblersBrew"},{"floor":3.0,"key":"SneckoOil"},{"floor":6.0,"key":"GamblersBrew"},{"floor":8.0,"key":"Fruit Juice"},{"floor":14,"key":"Dexterity Potion"},{"floor":17,"key":"Explosive Potion"},{"floor":18,"key":"Dexterity Potion"},{"floor":21,"key":"PowerPotion"}],"is_trial":false,"path_per_floor":["M","M","M","$","?","E","?","E","T","R","E","M","M","M","R","B",null,"M","?","?","M","M","R","M"],"character_chosen":"THE_SILENT","items_purchased":[],"campfire_rested":2,"item_purchase_floors":[],"current_hp_per_floor":[59,59,59,59,48,28,44,1,1,20,9,9,8,7,28,17,63,54,54,32,24,22,22,0],"gold":434,"neow_bonus":"THREE_ENEMY_KILL","is_prod":false,"is_daily":false,"chose_seed":false,"campfire_upgraded":1,"win_rate":0,"timestamp":1559571916,"path_taken":["M","M","?","$","?","E","?","E","T","R","E","M","M","M","R","BOSS","M","?","?","M","M","R","M"],"build_version":"2019-01-23","purchased_purges":1,"victory":false,"max_hp_per_floor":[66,66,66,66,66,66,66,66,66,66,66,66,71,71,71,71,76,76,76,81,81,81,81,81],"card_choices":[{"not_picked":["Accuracy","Terror"],"picked":"Dash","floor":1.0},{"not_picked":["Footwork","Infinite Blades"],"picked":"Skewer","floor":2.0},{"not_picked":["Blur","Quick Slash"],"picked":"Predator","floor":3.0},{"not_picked":["Flying Knee","PiercingWail"],"picked":"Malaise","floor":6.0},{"not_picked":["Deflect","Acrobatics"],"picked":"Noxious Fumes","floor":8.0},{"not_picked":["Dagger Throw","Sucker Punch","Finisher"],"picked":"SKIP","floor":11.0},{"not_picked":["Blade Dance","Concentrate"],"picked":"Deadly Poison","floor":12},{"not_picked":["Calculated Gamble","Outmaneuver","Underhanded Strike"],"picked":"SKIP","floor":13},{"not_picked":["Prepared","Dash","Backstab"],"picked":"SKIP","floor":14},{"not_picked":["Venomology","Doppelganger"],"picked":"Night Terror","floor":16},{"not_picked":["Masterful Stab","Reflex"],"picked":"Well Laid Plans","floor":17},{"not_picked":["Underhanded Strike","Blade Dance"],"picked":"Backstab","floor":18},{"not_picked":["Accuracy","Reflex","Blur"],"picked":"SKIP","floor":21},{"not_picked":["Quick Slash","Slice","Bane+1"],"picked":"SKIP","floor":22}],"player_experience":1489616,"relics_obtained":[{"floor":6.0,"key":"Tiny Chest"},{"floor":8.0,"key":"Whetstone"},{"floor":9.0,"key":"Paper Crane"},{"floor":11.0,"key":"Nunchaku"}],"event_choices":[{"damage_healed":0.0,"max_hp_gain":0.0,"max_hp_loss":0.0,"gold_gain":0.0,"event_name":"Scrap Ooze","player_choice":"Success","floor":5.0,"gold_loss":0.0,"damage_taken":11.0,"relics_obtained":["Ginger"]},{"damage_healed":16.0,"max_hp_gain":0.0,"max_hp_loss":0.0,"gold_gain":0.0,"event_name":"The Cleric","player_choice":"Healed","floor":7.0,"gold_loss":35.0,"damage_taken":0.0},{"damage_healed":0,"gold_gain":0,"player_choice":"Read","damage_taken":0,"max_hp_gain":0,"max_hp_loss":0,"event_name":"The Library","floor":19,"gold_loss":0,"cards_obtained":["Crippling Poison"]},{"damage_healed":0,"gold_gain":0,"player_choice":"Shed Blood","damage_taken":27,"max_hp_gain":5,"max_hp_loss":0,"event_name":"Forgotten Altar","floor":20,"gold_loss":0}],"is_beta":false,"boss_relics":[{"not_picked":["Runic Dome","White Beast Statue"],"picked":"Tiny House"}],"items_purged_floors":[4],"is_endless":false,"potions_floor_spawned":[1,3,6,8,14,18,21],"killed_by":"3 Cultists","ascension_level":20}