{"gold_per_floor":[115,17,17,17,17,17,49,49,75,93,118,134,150,122,122,227,227,242,242,274,75,88,88,122,135,135,167,28,28,48,65,65,164,164,180,180,197,212,212],"floor_reached":39,"playtime":2620,"items_purged":["Strike_B","Strike_B"],"score":558,"play_id":"ab9b3a49-9493-4763-adb4-88c7fd10553b","local_time":"20180823154930","is_ascension_mode":true,"campfire_choices":[{"data":"Go for the Eyes","floor":6,"key":"SMITH"},{"floor":8,"key":"REST"},{"data":"Go for the Eyes","floor":15,"key":"SMITH"},{"floor":23,"key":"REST"},{"floor":32,"key":"REST"}],"neow_cost":"PERCENT_DAMAGE","seed_source_timestamp":647888102867373,"circlet_count":0,"master_deck":["Strike_B","Defend_B","Defend_B","Zap+1","Dualcast","Reinforced Body","Conserve Battery","BootSequence","Go for the Eyes+1","Go for the Eyes+1","Electrodynamics","Conserve Battery","Coolheaded","Capacitor","Compile Driver","Steam+1","Barrage","Defragment","Necronomicurse","Coolheaded+1","Echo Form","Redo+1","Hologram"],"relics":["Cracked Core","Boot","Bag of Preparation","Potion Belt","Velvet Choker","Red Mask","War Paint","Blood Vial","Ornamental Fan","Necronomicon","Busted Crown"],"potions_floor_usage":[16,27,30,33,33],"damage_taken":[{"damage":0,"enemies":"Small Slimes","floor":1,"turns":3},{"damage":30,"enemies":"3 Sentries","floor":7,"turns":8},{"damage":0,"enemies":"Cultist","floor":10,"turns":3},{"damage":10,"enemies":"Lagavulin","floor":11,"turns":8},{"damage":0,"enemies":"2 Louse","floor":12,"turns":1},{"damage":0,"enemies":"Looter","floor":13,"turns":2},{"damage":23,"enemies":"Slime Boss","floor":16,"turns":10},{"damage":0,"enemies":"Chosen","floor":18,"turns":5},{"damage":33,"floor":20,"turns":4},{"damage":6,"enemies":"2 Thieves","floor":22,"turns":3},{"damage":2,"enemies":"Gremlin Leader","floor":24,"turns":9},{"damage":0,"enemies":"Centurion and Healer","floor":25,"turns":5},{"damage":31,"enemies":"Book of Stabbing","floor":27,"turns":8},{"damage":10,"enemies":"Snecko","floor":30,"turns":7},{"damage":0,"enemies":"Cultist and Chosen","floor":31,"turns":4},{"damage":15,"enemies":"Collector","floor":33,"turns":13},{"damage":3,"enemies":"Orb Walker","floor":35,"turns":4},{"damage":13,"enemies":"Flame Bruiser 1 Orb","floor":37,"turns":5},{"damage":39,"enemies":"Transient","floor":38,"turns":5},{"damage":15,"enemies":"Maw","floor":39,"turns":2}],"seed_played":"-722791728385092167","potions_obtained":[{"floor":1,"key":"SpeedPotion"},{"floor":7,"key":"Regen Potion"},{"floor":12,"key":"Strength Potion"},{"floor":13,"key":"Explosive Potion"},{"floor":18,"key":"SkillPotion"},{"floor":22,"key":"Poison Potion"},{"floor":30,"key":"Dexterity Potion"},{"floor":38,"key":"Weak Potion"}],"is_trial":false,"path_per_floor":["M","$","?","?","?","R","E","R","T","M","E","M","M","?","R","B",null,"M","?","?","$","M","R","E","M","T","E","$","?","M","M","R","B",null,"M","?","M","M"],"character_chosen":"DEFECT","items_purchased":["BootSequence","Go for the Eyes","Capacitor","Compile Driver","Defragment"],"campfire_rested":3,"item_purchase_floors":[2,2,21,21,28],"current_hp_per_floor":[50,50,50,50,50,50,20,42,42,42,32,32,32,32,32,9,59,59,59,26,26,20,42,40,40,40,26,26,10,2,4,26,13,60,59,59,48,11,0],"gold":212,"neow_bonus":"TRANSFORM_TWO_CARDS","is_prod":false,"is_daily":false,"chose_seed":false,"campfire_upgraded":2,"win_rate":0,"timestamp":1535053770,"path_taken":["M","$","?","?","?","R","E","R","T","M","E","?","M","?","R","BOSS","M","?","?","$","M","R","E","?","T","E","?","?","M","M","R","BOSS","M","?","M","M","M"],"build_version":"2018-08-16","purchased_purges":2,"victory":false,"max_hp_per_floor":[75,75,75,75,75,75,75,75,75,75,75,75,75,75,75,75,75,75,75,75,75,75,75,75,75,75,75,75,75,75,75,75,75,75,75,75,75,75,75],"card_choices":[{"not_picked":["Heatsinks","Rip and Tear","Barrage"],"picked":"SKIP","floor":1},{"not_picked":["Force Field","Melter"],"picked":"Steam","floor":7},{"not_picked":["Beam Cell","Heatsinks"],"picked":"Go for the Eyes","floor":10},{"not_picked":["Double Energy","Leap","Go for the Eyes"],"picked":"SKIP","floor":11},{"not_picked":["Streamline","Beam Cell","Gash"],"picked":"SKIP","floor":12},{"not_picked":["Go for the Eyes","Steam Power","Skim"],"picked":"SKIP","floor":13},{"not_picked":["Hyperbeam","All For One"],"picked":"Electrodynamics","floor":16},{"not_picked":["Lockon","Force Field"],"picked":"Conserve Battery","floor":18},{"not_picked":["Steam","Go for the Eyes"],"picked":"Coolheaded","floor":20},{"not_picked":["Lockon","Leap"],"picked":"Steam","floor":22},{"not_picked":["Gash","Rebound+1","Conserve Battery"],"picked":"SKIP","floor":24},{"not_picked":["Turbo","Stack"],"picked":"Barrage","floor":25},{"not_picked":["Fission","Conserve Battery","Redo"],"picked":"SKIP","floor":27},{"not_picked":["Sweeping Beam","Streamline","Steam Power"],"picked":"SKIP","floor":30},{"not_picked":["Melter","Rebound"],"picked":"Coolheaded+1","floor":31},{"not_picked":["Core Surge","Thunder Strike"],"picked":"Echo Form","floor":33},{"not_picked":["Lockon"],"picked":"SKIP","floor":35},{"not_picked":[],"picked":"Redo+1","floor":37},{"not_picked":[],"picked":"Hologram","floor":38}],"player_experience":163877,"relics_obtained":[{"floor":7,"key":"Boot"},{"floor":9,"key":"Bag of Preparation"},{"floor":11,"key":"Potion Belt"},{"floor":20,"key":"Red Mask"},{"floor":24,"key":"War Paint"},{"floor":26,"key":"Blood Vial"},{"floor":27,"key":"Ornamental Fan"},{"floor":29,"key":"Necronomicon"}],"event_choices":[{"event_name":"Bonfire Elementals","player_choice":"BASIC","floor":3,"damage_taken":0},{"event_name":"Liars Game","player_choice":"disagreed","floor":4,"damage_taken":0},{"event_name":"Living Wall","player_choice":"Grow","floor":5,"damage_taken":0},{"event_name":"World of Goop","player_choice":"Left","floor":14,"damage_taken":0},{"event_name":"Ghosts","player_choice":"Ignored","floor":19,"damage_taken":0},{"event_name":"Masked Bandits","player_choice":"Fought Bandits","floor":20,"damage_taken":0},{"event_name":"Cursed Tome","player_choice":"Obtained Book","floor":29,"damage_taken":0},{"event_name":"Falling","player_choice":"Removed Skill","floor":36,"damage_taken":0}],"is_beta":false,"boss_relics":[{"not_picked":["Fusion Hammer","Nuclear Battery"],"picked":"Velvet Choker"},{"not_picked":["Tiny House","Lizard Tail"],"picked":"Busted Crown"}],"items_purged_floors":[21,28],"is_endless":false,"potions_floor_spawned":[1,7,12,13,18,22,30,38],"killed_by":"Maw","ascension_level":6}