{"gold_per_floor":[110,410,50,97,22,56,56,34,105,140,154,154,171,186,186,285,285,303,303,21,21,36,65,96,59,59,75,75,102,27,39,39,143,143,157,157,379,379,143,143,173,121,145,145,155,155,6,22,22,22],"floor_reached":51,"playtime":2056,"items_purged":["Strike_G","Strike_G","Strike_G"],"score":842,"play_id":"10d14406-da04-42a8-8470-d90c350e333f","local_time":"20181004215303","is_ascension_mode":false,"campfire_choices":[{"data":"Footwork","floor":7,"key":"SMITH"},{"data":"Footwork","floor":12,"key":"SMITH"},{"data":"Cloak And Dagger","floor":15,"key":"SMITH"},{"data":"Apotheosis","floor":28,"key":"SMITH"},{"data":"Infinite Blades","floor":32,"key":"SMITH"},{"floor":40,"key":"REST"},{"floor":49,"key":"REST"}],"neow_cost":"NONE","seed_source_timestamp":1887180996452172,"circlet_count":0,"master_deck":["Defend_G","Defend_G","Defend_G","Defend_G","Defend_G","Survivor","Neutralize+1","Footwork+1","Backstab","Footwork+1","Dagger Throw","Cloak And Dagger+1","Cloak And Dagger","Accuracy","Dodge and Roll","Adrenaline","Blur","Apotheosis+1","Infinite Blades+1","A Thousand Cuts","Leg Sweep","Slice","Slice","Adrenaline","Flash of Steel","Endless Agony","Blade Dance","Flash of Steel","Prepared+1","Blade Dance","Infinite Blades+1","Blade Dance"],"relics":["Ring of the Snake","Old Coin","ClockworkSouvenir","PreservedInsect","Art of War","Sundial","Bird Faced Urn","WristBlade","Red Mask","Ninja Scroll","Centennial Puzzle","Juzu Bracelet","Fusion Hammer","Singing Bowl","Bag of Preparation","Tough Bandages","Oddly Smooth Stone"],"potions_floor_usage":[16,23,33,50],"damage_taken":[{"damage":3,"enemies":"Small Slimes","floor":1,"turns":4},{"damage":9,"enemies":"Lagavulin","floor":6,"turns":10},{"damage":0,"enemies":"3 Sentries","floor":10,"turns":9},{"damage":6,"enemies":"Jaw Worm","floor":11,"turns":3},{"damage":0,"enemies":"Cultist","floor":13,"turns":3},{"damage":0,"enemies":"Exordium Wildlife","floor":14,"turns":4},{"damage":35,"enemies":"Slime Boss","floor":16,"turns":20},{"damage":8,"enemies":"Spheric Guardian","floor":18,"turns":4},{"damage":0,"enemies":"Chosen","floor":22,"turns":4},{"damage":3,"enemies":"Masked Bandits","floor":23,"turns":6},{"damage":6,"enemies":"Gremlin Leader","floor":24,"turns":7},{"damage":9,"enemies":"Centurion and Healer","floor":27,"turns":5},{"damage":2,"enemies":"Book of Stabbing","floor":29,"turns":5},{"damage":2,"enemies":"Snecko","floor":31,"turns":3},{"damage":0,"enemies":"Automaton","floor":33,"turns":10},{"damage":0,"enemies":"3 Darklings","floor":35,"turns":3},{"damage":14,"enemies":"2 Orb Walkers","floor":41,"turns":2},{"damage":0,"enemies":"Orb Walker","floor":45,"turns":2},{"damage":0,"enemies":"Mind Bloom Boss Battle","floor":46,"turns":6},{"damage":4,"enemies":"Reptomancer","floor":48,"turns":4},{"damage":11,"enemies":"Awakened One","floor":50,"turns":11}],"seed_played":"7798838315824696105","potions_obtained":[{"floor":13,"key":"Weak Potion"},{"floor":16,"key":"Energy Potion"},{"floor":24,"key":"SmokeBomb"},{"floor":31,"key":"EssenceOfSteel"},{"floor":35,"key":"Poison Potion"},{"floor":45,"key":"Fire Potion"},{"floor":48,"key":"Energy Potion"}],"is_trial":false,"path_per_floor":["M","?","$","T","$","E","R","$","T","E","M","R","M","M","R","B",null,"M","?","$","?","M","?","E","$","T","M","R","E","?","M","R","B",null,"M","?","?","?","$","R","E","$","T","?","M","?","$","M","R","B"],"character_chosen":"THE_SILENT","items_purchased":["Backstab","Footwork","ClockworkSouvenir","Cloak And Dagger","Apotheosis","Leg Sweep","Blade Dance","Flash of Steel","Blade Dance","Oddly Smooth Stone"],"campfire_rested":2,"item_purchase_floors":[3,3,3,8,20,25,39,39,42,47],"current_hp_per_floor":[67,60,60,60,60,51,51,51,51,51,45,45,49,55,55,26,70,62,49,49,49,55,58,60,60,60,59,59,65,65,71,71,75,75,75,75,75,75,75,75,65,65,65,65,71,77,77,77,77,68],"gold":22,"neow_bonus":"UPGRADE_CARD","is_prod":false,"is_daily":false,"chose_seed":false,"campfire_upgraded":5,"win_rate":0,"timestamp":1538704383,"path_taken":["M","?","$","?","?","E","R","$","T","E","?","R","M","M","R","BOSS","M","?","$","?","M","?","E","?","T","M","R","E","?","M","R","BOSS","M","?","?","?","$","R","E","?","T","?","M","?","$","M","R","BOSS"],"build_version":"2018-10-04","purchased_purges":3,"victory":true,"max_hp_per_floor":[70,70,70,70,70,70,70,70,70,70,70,70,70,70,70,70,70,70,75,75,75,75,75,75,75,75,75,75,75,75,75,75,75,75,75,75,75,75,75,75,75,75,75,75,75,77,77,77,77,77],"card_choices":[{"not_picked":["Outmaneuver","Deflect"],"picked":"Footwork","floor":1},{"not_picked":["Bane","Acrobatics"],"picked":"Dagger Throw","floor":6},{"not_picked":["Catalyst","Venomology"],"picked":"Poisoned Stab","floor":10},{"not_picked":["PiercingWail","Catalyst"],"picked":"Cloak And Dagger","floor":11},{"not_picked":["Bouncing Flask","Poisoned Stab"],"picked":"Accuracy","floor":13},{"not_picked":["Concentrate","Deflect"],"picked":"Dodge and Roll","floor":14},{"not_picked":["Venomology","Grand Finale"],"picked":"Adrenaline","floor":16},{"not_picked":["Expertise","Eviscerate+1"],"picked":"Blur","floor":18},{"not_picked":["Quick Slash","Expertise","Dagger Spray+1"],"picked":"SKIP","floor":22},{"not_picked":["Dodge and Roll","Cloak And Dagger"],"picked":"Infinite Blades","floor":23},{"not_picked":["Prepared","Reflex"],"picked":"A Thousand Cuts","floor":24},{"not_picked":["Quick Slash","PiercingWail","Outmaneuver"],"picked":"SKIP","floor":27},{"not_picked":["Expertise","Prepared"],"picked":"Slice","floor":29},{"not_picked":["Sucker Punch","Dagger Spray+1"],"picked":"Slice","floor":31},{"not_picked":["Bullet Time","Wraith Form v2"],"picked":"Adrenaline","floor":33},{"not_picked":["Bouncing Flask+1","Choke+1","Slice"],"picked":"SKIP","floor":35},{"not_picked":["Chrysalis","Mind Blast"],"picked":"Flash of Steel","floor":36},{"not_picked":["Sucker Punch","Skewer"],"picked":"Prepared+1","floor":41},{"not_picked":["Slice+1","Bane+1"],"picked":"Infinite Blades+1","floor":45},{"not_picked":["Deflect+1","Caltrops+1","Masterful Stab+1"],"picked":"Singing Bowl","floor":46},{"not_picked":["Eviscerate+1","Dagger Spray"],"picked":"Blade Dance","floor":48}],"player_experience":564883,"relics_obtained":[{"floor":4,"key":"PreservedInsect"},{"floor":6,"key":"Art of War"},{"floor":9,"key":"Sundial"},{"floor":10,"key":"Bird Faced Urn"},{"floor":23,"key":"Red Mask"},{"floor":24,"key":"Ninja Scroll"},{"floor":26,"key":"Centennial Puzzle"},{"floor":29,"key":"Juzu Bracelet"},{"floor":41,"key":"Singing Bowl"},{"floor":43,"key":"Bag of Preparation"},{"floor":46,"key":"Tough Bandages"}],"event_choices":[{"event_name":"Scrap Ooze","player_choice":"success","floor":2,"damage_taken":7},{"event_name":"Forgotten Altar","player_choice":"Shed Blood","floor":19,"damage_taken":0},{"event_name":"Masked Bandits","player_choice":"Fought Bandits","floor":23,"damage_taken":0},{"event_name":"Beggar","player_choice":"Gave Gold","floor":30,"damage_taken":0},{"event_name":"SensoryStone","player_choice":"Memory 1","floor":36,"damage_taken":0},{"event_name":"Tomb of Lord Red Mask","player_choice":"Wore Mask","floor":37,"damage_taken":0},{"event_name":"Transmorgrifier","player_choice":"Transform","floor":38,"damage_taken":0},{"event_name":"Falling","player_choice":"Removed Attack","floor":44,"damage_taken":0},{"event_name":"MindBloom","player_choice":"Fight","floor":46,"damage_taken":0}],"is_beta":false,"boss_relics":[{"not_picked":["Sozu","Calling Bell"],"picked":"WristBlade"},{"not_picked":["Orrery","Eternal Feather"],"picked":"Fusion Hammer"}],"items_purged_floors":[5,20,39],"is_endless":false,"potions_floor_spawned":[13,16,24,31,35,45,48],"ascension_level":0}