{"gold_per_floor":[109,128,145,161,9,42,42,6,6,18,18,18,38,55,55,150,200,210,221,51,0,11,11],"floor_reached":23,"playtime":949,"items_purged":[],"score":230,"play_id":"8e27357c-b5c6-4aaf-9ddc-fc3ad7ea73ae","local_time":"20190701032049","is_ascension_mode":true,"campfire_choices":[{"floor":7,"key":"RECALL"},{"floor":15,"key":"REST"}],"neow_cost":"NONE","seed_source_timestamp":19581776083900,"circlet_count":0,"master_deck":["Defend_G","Defend_G","Defend_G","Defend_G","Defend_G","Strike_G","Strike_G","Strike_G","Strike_G","Strike_G","Survivor","Neutralize","Backstab","Deadly Poison","Catalyst","Deadly Poison","Footwork+1","Deadly Poison","Corpse Explosion","Poisoned Stab","Deadly Poison+1","Poisoned Stab","Poisoned Stab"],"relics":["Ring of the Snake","Bronze Scales","Gambling Chip","Turnip","Tiny House","Anchor"],"potions_floor_usage":[6,14,19,23],"damage_taken":[{"damage":0,"enemies":"Small Slimes","floor":1,"turns":5},{"damage":0,"enemies":"Cultist","floor":2,"turns":4},{"damage":0,"enemies":"2 Louse","floor":3,"turns":2},{"damage":0,"enemies":"Looter","floor":4,"turns":3},{"damage":29,"enemies":"Gremlin Nob","floor":6,"turns":4},{"damage":0,"enemies":"Red Slaver","floor":10,"turns":4},{"damage":0,"enemies":"3 Louse","floor":13,"turns":3},{"damage":1,"enemies":"Blue Slaver","floor":14,"turns":3},{"damage":27,"enemies":"Hexaghost","floor":16,"turns":8},{"damage":21,"enemies":"Chosen","floor":18,"turns":4},{"damage":5,"enemies":"3 Byrds","floor":19,"turns":2},{"damage":0,"enemies":"3 Cultists","floor":22,"turns":3},{"damage":72,"enemies":"Slavers","floor":23,"turns":3}],"seed_played":"4159400363008673359","potions_obtained":[{"floor":1,"key":"Strength Potion"},{"floor":2,"key":"Regen Potion"},{"floor":6,"key":"GhostInAJar"},{"floor":17,"key":"Regen Potion"},{"floor":19,"key":"Swift Potion"}],"is_trial":false,"path_per_floor":["M","M","M","M","$","E","R","$","T","M","?","$","M","M","R","B",null,"M","M","$","?","M","E"],"character_chosen":"THE_SILENT","items_purchased":["Bronze Scales","Footwork","Anchor","Poisoned Stab"],"campfire_rested":1,"item_purchase_floors":[5,8,20,20],"current_hp_per_floor":[77,77,77,77,77,55,55,55,55,55,60,60,60,59,77,50,82,61,61,61,61,61,0],"gold":11,"neow_bonus":"TEN_PERCENT_HP_BONUS","is_prod":false,"is_daily":false,"chose_seed":false,"campfire_upgraded":0,"win_rate":0,"timestamp":1561965649,"path_taken":["M","M","M","M","$","E","R","$","T","M","?","$","?","?","R","BOSS","M","M","$","?","M","E"],"build_version":"2019-01-23","purchased_purges":0,"victory":false,"max_hp_per_floor":[77,77,77,77,77,77,77,77,77,77,77,77,77,77,77,77,82,82,82,82,82,82,82],"card_choices":[{"not_picked":["Expertise","Dagger Throw"],"picked":"Backstab","floor":1},{"not_picked":["Slice","Outmaneuver","Deflect"],"picked":"SKIP","floor":2},{"not_picked":["Outmaneuver","Flying Knee"],"picked":"Deadly Poison","floor":3},{"not_picked":["Choke","Dagger Throw"],"picked":"Catalyst","floor":4},{"not_picked":["Glass Knife","Dagger Throw"],"picked":"Deadly Poison","floor":6},{"not_picked":["Slice","Flechettes"],"picked":"Dagger Throw","floor":10},{"not_picked":["Backflip","Slice","Cloak And Dagger"],"picked":"SKIP","floor":13},{"not_picked":["Bane","Accuracy"],"picked":"Deadly Poison","floor":14},{"not_picked":["Venomology","A Thousand Cuts"],"picked":"Corpse Explosion","floor":16},{"not_picked":["Slice","Calculated Gamble"],"picked":"Poisoned Stab","floor":17},{"not_picked":["Underhanded Strike","Dash"],"picked":"Deadly Poison+1","floor":18},{"not_picked":["Dagger Throw","Quick Slash","Acrobatics+1"],"picked":"SKIP","floor":19},{"not_picked":["Tactician","A Thousand Cuts"],"picked":"Poisoned Stab","floor":22}],"player_experience":151272,"relics_obtained":[{"floor":6,"key":"Gambling Chip"},{"floor":9,"key":"Turnip"}],"event_choices":[{"cards_removed":["Dagger Throw"],"damage_healed":5,"gold_gain":0,"player_choice":"Offered Common","damage_taken":0,"max_hp_gain":0,"max_hp_loss":0,"event_name":"Bonfire Elementals","floor":11,"gold_loss":0},{"cards_removed":["Dagger Throw"],"damage_healed":5,"gold_gain":0,"player_choice":"Offered Special","damage_taken":0,"max_hp_gain":0,"max_hp_loss":0,"event_name":"Bonfire Elementals","floor":11,"gold_loss":0},{"damage_healed":0,"gold_gain":0,"player_choice":"Paid Fearfully","damage_taken":0,"max_hp_gain":0,"max_hp_loss":0,"event_name":"Masked Bandits","floor":21,"gold_loss":51}],"is_beta":false,"boss_relics":[{"not_picked":["Philosopher\u0027s Stone","HoveringKite"],"picked":"Tiny House"}],"items_purged_floors":[],"is_endless":false,"potions_floor_spawned":[1,2,6,19],"killed_by":"Slavers","ascension_level":1}