{"gold_per_floor":[13,27,27,27,41,41,41,66,118,83,83,8,43,76,76,152,152,172,172,186,186,13,13,40,52,124,124,157,157,157,183,183,262,262,278,278,278,331,143,172,191,291,318,334,365,415,415,428,428,428,428,428,428,70,96,96],"floor_reached":57,"playtime":4722,"items_purged":["Strike_G","Strike_G"],"score":2835,"play_id":"e1c0652f-3e24-433e-ae31-4ee49cfadcb9","local_time":"20190531022806","is_ascension_mode":true,"campfire_choices":[{"data":"Deadly Poison","floor":6,"key":"SMITH"},{"data":"A Thousand Cuts","floor":7,"key":"SMITH"},{"data":"Neutralize","floor":11,"key":"SMITH"},{"data":"Deadly Poison","floor":15,"key":"SMITH"},{"data":"Wraith Form v2","floor":23,"key":"SMITH"},{"data":"Ghostly","floor":30,"key":"SMITH"},{"data":"Ghostly","floor":32,"key":"SMITH"},{"floor":47,"key":"RECALL"},{"floor":49,"key":"REST"},{"floor":53,"key":"REST"}],"neow_cost":"NO_GOLD","seed_source_timestamp":1317596957167483,"circlet_count":0,"master_deck":["AscendersBane","Defend_G","Defend_G","Defend_G","Defend_G","Defend_G","Survivor","Neutralize+1","Deadly Poison+1","Dagger Throw","A Thousand Cuts+1","Deadly Poison+1","All Out Attack","PiercingWail","Wraith Form v2+1","Ghostly","Ghostly+1","Ghostly+1","Well Laid Plans+1","Reflex","Masterful Stab","Backflip","Crippling Poison","Backflip+1","Corpse Explosion","Noxious Fumes","Burst","Tools of the Trade","Blur"],"relics":["Ring of the Snake","WingedGreaves","PreservedInsect","Snake Skull","Tingsha","Anchor","Velvet Choker","Centennial Puzzle","Blue Candle","Letter Opener","Blood Vial","Lantern","Fusion Hammer","Ice Cream","Pocketwatch","Unceasing Top","Thread and Needle","Pear","Tough Bandages"],"potions_floor_usage":[13,24,33,56,56],"damage_taken":[{"damage":1,"enemies":"Small Slimes","floor":1,"turns":4},{"damage":5,"enemies":"Cultist","floor":2,"turns":4},{"damage":0,"enemies":"2 Louse","floor":5,"turns":3},{"damage":32,"enemies":"3 Sentries","floor":8,"turns":7},{"damage":7,"enemies":"Lagavulin","floor":13,"turns":6},{"damage":14,"enemies":"3 Sentries","floor":14,"turns":4},{"damage":11,"enemies":"Hexaghost","floor":16,"turns":8},{"damage":4,"enemies":"Shell Parasite","floor":18,"turns":4},{"damage":1,"enemies":"2 Thieves","floor":20,"turns":4},{"damage":2,"enemies":"Slavers","floor":24,"turns":5},{"damage":5,"enemies":"Cultist and Chosen","floor":25,"turns":7},{"damage":1,"enemies":"Book of Stabbing","floor":28,"turns":6},{"damage":3,"enemies":"Gremlin Leader","floor":31,"turns":5},{"damage":11,"enemies":"Automaton","floor":33,"turns":9},{"damage":3,"enemies":"3 Darklings","floor":35,"turns":4},{"damage":0,"enemies":"2 Orb Walkers","floor":38,"turns":3},{"damage":0,"enemies":"Giant Head","floor":40,"turns":7},{"damage":2,"enemies":"3 Shapes","floor":41,"turns":3},{"damage":0,"enemies":"Mind Bloom Boss Battle","floor":42,"turns":6},{"damage":0,"enemies":"Transient","floor":44,"turns":6},{"damage":0,"enemies":"Nemesis","floor":45,"turns":7},{"damage":0,"enemies":"Jaw Worm Horde","floor":48,"turns":3},{"damage":17,"enemies":"Awakened One","floor":50,"turns":15},{"damage":12,"enemies":"Donu and Deca","floor":51,"turns":8},{"damage":6,"enemies":"Shield and Spear","floor":55,"turns":6},{"damage":28,"enemies":"The Heart","floor":56,"turns":12}],"seed_played":"-8975171468313565277","potions_obtained":[{"floor":2,"key":"PowerPotion"},{"floor":8,"key":"Regen Potion"},{"floor":13,"key":"GamblersBrew"},{"floor":24,"key":"FearPotion"},{"floor":28,"key":"Swift Potion"},{"floor":40,"key":"AttackPotion"},{"floor":41,"key":"GhostInAJar"}],"is_trial":false,"path_per_floor":["M","M","?","?","M","R","R","E","T","?","R","$","E","E","R","B",null,"M","?","M","?","$","R","E","M","T","?","E","?","R","E","R","B",null,"M","?","?","?","$","E","M","?","T","M","E","?","R","M","R","B","B",null,"R","$","E","B",null],"character_chosen":"THE_SILENT","items_purchased":["Centennial Puzzle","Noxious Fumes","Pear","Blur"],"campfire_rested":2,"item_purchase_floors":[22,39,54,54],"current_hp_per_floor":[58,53,46,46,46,46,46,14,14,30,30,30,38,24,24,13,53,49,33,32,32,32,32,30,25,25,25,24,24,24,23,23,14,28,27,27,27,29,29,31,29,31,31,31,31,31,31,31,31,14,4,24,31,41,35,9],"gold":96,"neow_bonus":"ONE_RARE_RELIC","is_prod":false,"is_daily":false,"chose_seed":false,"campfire_upgraded":7,"win_rate":0,"timestamp":1559284086,"path_taken":["M","M","?","?","?","R","R","E","T","?","R","$","E","E","R","BOSS","M","?","M","?","$","R","E","M","T","?","E","?","R","E","R","BOSS","M","?","?","?","$","E","M","?","T","M","E","?","R","M","R","BOSS","BOSS","R","$","E","BOSS"],"build_version":"2019-01-23","purchased_purges":2,"victory":true,"max_hp_per_floor":[66,66,66,66,66,66,66,66,66,66,66,66,66,66,66,66,66,66,33,33,33,33,33,33,33,33,33,33,33,33,33,33,33,33,33,33,31,31,31,31,31,31,31,31,31,31,31,31,31,31,31,31,31,41,41,41],"card_choices":[{"not_picked":["Slice","Acrobatics"],"picked":"Deadly Poison","floor":1},{"not_picked":["Expertise","Backflip"],"picked":"Dagger Throw","floor":2},{"not_picked":["Underhanded Strike","Masterful Stab"],"picked":"Deadly Poison","floor":5},{"not_picked":["Grand Finale","Eviscerate"],"picked":"All Out Attack","floor":8},{"not_picked":["Outmaneuver","Underhanded Strike"],"picked":"PiercingWail","floor":13},{"not_picked":["Distraction","Prepared","Flying Knee"],"picked":"SKIP","floor":14},{"not_picked":["Die Die Die","Venomology"],"picked":"Wraith Form v2","floor":16},{"not_picked":["Bane+1","Tactician","Flechettes"],"picked":"SKIP","floor":18},{"not_picked":["Riddle With Holes","Deadly Poison"],"picked":"Well Laid Plans+1","floor":20},{"not_picked":["Setup","Predator","Flying Knee"],"picked":"SKIP","floor":24},{"not_picked":["Choke","Distraction"],"picked":"Backflip","floor":25},{"not_picked":["Caltrops","Distraction","Terror"],"picked":"SKIP","floor":28},{"not_picked":["Masterful Stab","Slice"],"picked":"Backflip+1","floor":31},{"not_picked":["Envenom","Adrenaline"],"picked":"Corpse Explosion","floor":33},{"not_picked":["Acrobatics","Outmaneuver+1","Dagger Spray"],"picked":"SKIP","floor":35},{"not_picked":["Escape Plan","Slice+1","Flying Knee"],"picked":"SKIP","floor":40},{"not_picked":["Slice+1","Blur"],"picked":"Burst","floor":41},{"not_picked":["Slice","Backflip","Terror"],"picked":"SKIP","floor":44},{"not_picked":["Deadly Poison","Dodge and Roll"],"picked":"Tools of the Trade","floor":45},{"not_picked":["Flying Knee","Bane+1","Outmaneuver"],"picked":"SKIP","floor":48},{"not_picked":["Predator+1","Bane+1","Underhanded Strike+1"],"picked":"SKIP","floor":55}],"player_experience":1475019,"relics_obtained":[{"floor":8,"key":"PreservedInsect"},{"floor":9,"key":"Snake Skull"},{"floor":13,"key":"Tingsha"},{"floor":14,"key":"Anchor"},{"floor":24,"key":"Blue Candle"},{"floor":26,"key":"Letter Opener"},{"floor":28,"key":"Blood Vial"},{"floor":31,"key":"Lantern"},{"floor":38,"key":"Ice Cream"},{"floor":40,"key":"Pocketwatch"},{"floor":42,"key":"Unceasing Top"},{"floor":45,"key":"Thread and Needle"},{"floor":55,"key":"Tough Bandages"}],"event_choices":[{"cards_removed":["Strike_G"],"damage_healed":0,"gold_gain":0,"player_choice":"Card Removal","damage_taken":7,"max_hp_gain":0,"max_hp_loss":0,"event_name":"Golden Wing","floor":3,"gold_loss":0},{"damage_healed":0,"gold_gain":0,"player_choice":"1 cards matched","damage_taken":0,"max_hp_gain":0,"max_hp_loss":0,"event_name":"Match and Keep!","floor":4,"gold_loss":0,"cards_obtained":["A Thousand Cuts"]},{"damage_healed":16,"gold_gain":0,"player_choice":"Healed","damage_taken":0,"max_hp_gain":0,"max_hp_loss":0,"event_name":"The Cleric","floor":10,"gold_loss":35},{"damage_healed":0,"gold_gain":0,"player_choice":"Became a Ghost","damage_taken":0,"max_hp_gain":0,"max_hp_loss":33,"event_name":"Ghosts","floor":19,"gold_loss":0,"cards_obtained":["Ghostly","Ghostly","Ghostly"]},{"damage_healed":0,"gold_gain":0,"cards_transformed":["Strike_G","Strike_G"],"player_choice":"Became Test Subject","damage_taken":0,"max_hp_gain":0,"max_hp_loss":0,"event_name":"Drug Dealer","floor":21,"gold_loss":0,"cards_obtained":["Reflex","Masterful Stab"]},{"damage_healed":0,"gold_gain":0,"player_choice":"Read","damage_taken":0,"max_hp_gain":0,"max_hp_loss":0,"event_name":"The Library","floor":27,"gold_loss":0,"cards_obtained":["Crippling Poison"]},{"damage_healed":0,"gold_gain":0,"player_choice":"Ignored","damage_taken":0,"max_hp_gain":0,"max_hp_loss":0,"event_name":"Vampires","floor":29,"gold_loss":0},{"damage_healed":0,"gold_gain":0,"player_choice":"Ignored","damage_taken":0,"max_hp_gain":0,"max_hp_loss":0,"event_name":"Tomb of Lord Red Mask","floor":36,"gold_loss":0},{"damage_healed":0,"gold_gain":0,"player_choice":"Max HP","damage_taken":0,"max_hp_gain":0,"max_hp_loss":2,"event_name":"Winding Halls","floor":37,"gold_loss":0},{"damage_healed":0,"gold_gain":0,"player_choice":"Fight","damage_taken":0,"max_hp_gain":0,"max_hp_loss":0,"event_name":"Mysterious Sphere","floor":38,"gold_loss":0},{"damage_healed":0,"gold_gain":0,"player_choice":"Fight","damage_taken":0,"max_hp_gain":0,"max_hp_loss":0,"event_name":"MindBloom","floor":42,"gold_loss":0},{"damage_healed":0,"gold_gain":50,"player_choice":"Pray","damage_taken":0,"max_hp_gain":0,"max_hp_loss":0,"event_name":"Golden Shrine","floor":46,"gold_loss":0}],"is_beta":false,"boss_relics":[{"not_picked":["Calling Bell","Ring of the Serpent"],"picked":"Velvet Choker"},{"not_picked":["Lizard Tail","Empty Cage"],"picked":"Fusion Hammer"}],"items_purged_floors":[12,39],"is_endless":false,"potions_floor_spawned":[2,8,13,16,24,28,40,41,45,48,55],"ascension_level":20}