{"gold_per_floor":[115,115,115,27,41,69,69,102,128,128,147,175,250,261,261,335,335,354,328,198,232,245,245,271,271],"floor_reached":25,"playtime":1375,"items_purged":["Strike_R"],"score":553,"play_id":"3256b58d-e743-4682-b75a-90365ae81026","local_time":"20190310104318","is_ascension_mode":true,"campfire_choices":[{"data":"Uppercut","floor":7,"key":"SMITH"},{"data":"Disarm","floor":15,"key":"SMITH"},{"data":"Metallicize","floor":23,"key":"SMITH"}],"neow_cost":"NONE","seed_source_timestamp":134714229985548,"circlet_count":0,"master_deck":["AscendersBane","Strike_R","Strike_R","Strike_R","Defend_R","Defend_R","Defend_R","Defend_R","Bash","Metallicize","Uppercut+1","Reckless Charge","Disarm+1","Feel No Pain","Double Tap","Flame Barrier","Warcry","Limit Break","Metallicize+1","Entrench","Evolve","Impervious"],"relics":["Burning Blood","NeowsBlessing","Strawberry","Gremlin Horn","Anchor","Mango","Snecko Eye","Red Mask","Ice Cream"],"potions_floor_usage":[16,21],"damage_taken":[{"damage":0,"enemies":"Small Slimes","floor":1,"turns":1},{"damage":0,"enemies":"Jaw Worm","floor":5,"turns":1},{"damage":0,"enemies":"3 Sentries","floor":6,"turns":2},{"damage":20,"enemies":"Lagavulin","floor":8,"turns":6},{"damage":3,"enemies":"Cultist","floor":11,"turns":4},{"damage":18,"enemies":"3 Sentries","floor":12,"turns":13},{"damage":3,"enemies":"2 Fungi Beasts","floor":14,"turns":4},{"damage":50,"enemies":"Hexaghost","floor":16,"turns":15},{"damage":1,"enemies":"Shell Parasite","floor":18,"turns":5},{"damage":8,"enemies":"2 Thieves","floor":19,"turns":4},{"damage":18,"enemies":"Masked Bandits","floor":21,"turns":5},{"damage":36,"enemies":"Snake Plant","floor":22,"turns":8},{"damage":36,"enemies":"Book of Stabbing","floor":24,"turns":8},{"damage":19,"enemies":"Snecko","floor":25,"turns":4}],"seed_played":"6179375427739943156","potions_obtained":[{"floor":3,"key":"Explosive Potion"},{"floor":3,"key":"FairyPotion"},{"floor":5,"key":"LiquidBronze"},{"floor":14,"key":"Weak Potion"},{"floor":16,"key":"GamblersBrew"}],"is_trial":false,"path_per_floor":["M","?","?","$","M","E","R","E","T","?","M","E","?","M","R","B",null,"M","M","$","?","M","R","E","M"],"character_chosen":"IRONCLAD","items_purchased":["Uppercut","SteroidPotion"],"campfire_rested":0,"item_purchase_floors":[4,20],"current_hp_per_floor":[74,67,67,67,73,82,82,68,68,73,76,78,67,70,70,26,82,87,85,85,73,43,43,13,0],"gold":271,"neow_bonus":"THREE_ENEMY_KILL","is_prod":false,"is_daily":false,"chose_seed":false,"campfire_upgraded":3,"win_rate":0,"timestamp":1552228998,"path_taken":["M","?","?","$","?","E","R","E","T","?","M","E","?","M","R","BOSS","M","M","$","?","M","R","E","M"],"build_version":"2019-01-23","purchased_purges":1,"victory":false,"max_hp_per_floor":[75,75,75,75,75,82,82,82,82,87,87,101,101,101,101,101,101,101,101,101,101,101,101,101,101],"card_choices":[{"not_picked":["Havoc","Thunderclap"],"picked":"Metallicize","floor":1},{"not_picked":["Hemokinesis","Entrench"],"picked":"Reckless Charge","floor":5},{"not_picked":["Whirlwind","Thunderclap"],"picked":"Disarm","floor":6},{"not_picked":["Body Slam","Warcry"],"picked":"Feel No Pain","floor":8},{"not_picked":["Anger","Warcry"],"picked":"Double Tap","floor":11},{"not_picked":["Battle Trance","Rupture"],"picked":"Flame Barrier","floor":12},{"not_picked":["Clash","Burning Pact"],"picked":"Warcry","floor":14},{"not_picked":["Bludgeon","Berserk"],"picked":"Limit Break","floor":16},{"not_picked":["Warcry","Combust"],"picked":"Metallicize","floor":18},{"not_picked":["Clothesline","Fire Breathing","Rampage"],"picked":"SKIP","floor":19},{"not_picked":["Fire Breathing","Body Slam"],"picked":"Entrench","floor":21},{"not_picked":["Dual Wield","True Grit"],"picked":"Evolve","floor":22},{"not_picked":["Warcry","Twin Strike"],"picked":"Impervious","floor":24}],"player_experience":860871,"relics_obtained":[{"floor":6,"key":"Strawberry"},{"floor":8,"key":"Gremlin Horn"},{"floor":9,"key":"Anchor"},{"floor":12,"key":"Mango"},{"floor":21,"key":"Red Mask"},{"floor":24,"key":"Ice Cream"}],"event_choices":[{"cards_removed":["Strike_R"],"damage_healed":0,"gold_gain":0,"player_choice":"Card Removal","damage_taken":7,"max_hp_gain":0,"max_hp_loss":0,"event_name":"Golden Wing","floor":2,"gold_loss":0},{"damage_healed":0,"gold_gain":0,"player_choice":"Got Potions","damage_taken":0,"max_hp_gain":0,"max_hp_loss":0,"event_name":"Lab","floor":3,"gold_loss":0},{"damage_healed":0,"gold_gain":0,"player_choice":"Donut","damage_taken":0,"max_hp_gain":5,"max_hp_loss":0,"event_name":"Big Fish","floor":10,"gold_loss":0},{"damage_healed":0,"gold_gain":75,"player_choice":"Gather Gold","damage_taken":11,"max_hp_gain":0,"max_hp_loss":0,"event_name":"World of Goop","floor":13,"gold_loss":0},{"damage_healed":0,"gold_gain":0,"player_choice":"Fought Bandits","damage_taken":0,"max_hp_gain":0,"max_hp_loss":0,"event_name":"Masked Bandits","floor":21,"gold_loss":0}],"is_beta":false,"boss_relics":[{"not_picked":["Lizard Tail","Sozu"],"picked":"Snecko Eye"}],"items_purged_floors":[20],"is_endless":false,"potions_floor_spawned":[5,8,14,16,19],"killed_by":"Snecko","ascension_level":20}