{"gold_per_floor":[114,129,1,1,1,1,18,18,43,74,74,74,93,427,427,506,506,506,431,431,431,431,431,431,431,431,431],"floor_reached":27,"playtime":1236,"items_purged":[],"score":450,"play_id":"4c3eb2b8-3690-40b8-a849-0fd097b4a6fb","local_time":"20180916003843","is_ascension_mode":true,"campfire_choices":[{"data":"Go for the Eyes","floor":6,"key":"SMITH"},{"floor":8,"key":"REST"},{"data":"Zap","floor":11,"key":"SMITH"},{"data":"Darkness","floor":15,"key":"SMITH"},{"floor":24,"key":"REST"}],"neow_cost":"","seed_source_timestamp":256206388774207,"circlet_count":0,"master_deck":["Strike_B","Strike_B","Defend_B+1","Defend_B","Defend_B","Defend_B+1","Zap+1","Dualcast","AscendersBane","Cold Snap","Ball Lightning","Go for the Eyes+1","Cold Snap","Conserve Battery","Core Surge","Compile Driver","Steam","Darkness+1","Echo Form","Hologram"],"relics":["Cracked Core","Strawberry","Blue Candle","Symbiotic Virus","Old Coin","Ectoplasm","MutagenicStrength","Frozen Egg 2","Molten Egg 2","Boot"],"potions_floor_usage":[25],"damage_taken":[{"damage":5,"enemies":"Small Slimes","floor":1,"turns":2},{"damage":0,"enemies":"2 Louse","floor":2,"turns":3},{"damage":0,"enemies":"Cultist","floor":7,"turns":3},{"damage":18,"enemies":"Lagavulin","floor":10,"turns":8},{"damage":0,"enemies":"Large Slime","floor":13,"turns":3},{"damage":4,"enemies":"3 Sentries","floor":14,"turns":5},{"damage":9,"enemies":"Hexaghost","floor":16,"turns":9},{"damage":2,"enemies":"Spheric Guardian","floor":18,"turns":3},{"damage":10,"enemies":"3 Byrds","floor":22,"turns":4},{"damage":25,"enemies":"Slavers","floor":23,"turns":7},{"damage":36,"enemies":"Gremlin Leader","floor":25,"turns":6},{"damage":17,"enemies":"Snake Plant","floor":27,"turns":1}],"seed_played":"-303071183620826661","potions_obtained":[{"floor":1,"key":"Ancient Potion"},{"floor":7,"key":"Ancient Potion"},{"floor":14,"key":"Explosive Potion"}],"is_trial":false,"path_per_floor":["M","M","$","?","?","R","M","R","T","E","R","?","M","E","R","B",null,"M","?","?","?","M","E","R","E","T"],"character_chosen":"DEFECT","items_purchased":["Go for the Eyes","Cold Snap","Conserve Battery"],"campfire_rested":2,"item_purchase_floors":[3,3,3],"current_hp_per_floor":[59,59,59,38,38,38,38,59,66,48,48,43,43,39,39,30,66,64,64,64,64,54,29,52,16,16,0],"gold":431,"neow_bonus":"","is_prod":false,"is_daily":false,"chose_seed":false,"campfire_upgraded":3,"win_rate":0,"timestamp":1537072723,"path_taken":["M","M","$","?","?","R","M","R","T","E","R","?","M","E","R","BOSS","M","?","?","?","M","E","R","E","T","M"],"build_version":"2018-09-06","purchased_purges":0,"victory":false,"max_hp_per_floor":[71,71,71,71,71,71,71,71,78,78,78,78,78,78,78,78,78,78,78,78,78,78,78,78,78,78,78],"card_choices":[{"not_picked":["Hologram","Rip and Tear"],"picked":"Cold Snap","floor":1},{"not_picked":["Gash","Steam"],"picked":"Ball Lightning","floor":2},{"not_picked":["Leap","Sweeping Beam"],"picked":"Compile Driver","floor":7},{"not_picked":["Chill","Leap"],"picked":"Steam","floor":10},{"not_picked":["Force Field","Double Energy"],"picked":"Darkness","floor":13},{"not_picked":["Turbo","Hyperbeam","Thunder Strike"],"picked":"SKIP","floor":14},{"not_picked":["Multi-Cast","Hyperbeam"],"picked":"Echo Form","floor":16},{"not_picked":["Go for the Eyes","Cold Snap+1"],"picked":"Hologram","floor":18},{"not_picked":["Cold Snap","Hello World","Ball Lightning"],"picked":"SKIP","floor":22},{"not_picked":["Barrage","Doom and Gloom","Compile Driver+1"],"picked":"SKIP","floor":23},{"not_picked":["Thunder Strike","Amplify","Reprogram"],"picked":"SKIP","floor":25}],"player_experience":398530,"relics_obtained":[{"floor":9,"key":"Strawberry"},{"floor":10,"key":"Blue Candle"},{"floor":14,"key":"Old Coin"},{"floor":23,"key":"Frozen Egg 2"},{"floor":25,"key":"Molten Egg 2"},{"floor":26,"key":"Boot"}],"event_choices":[{"event_name":"Shining Light","player_choice":"Entered Light","floor":4,"damage_taken":0},{"event_name":"Match and Keep!","player_choice":"1 cards matched","floor":5,"damage_taken":0},{"event_name":"Scrap Ooze","player_choice":"success","floor":12,"damage_taken":5},{"event_name":"Beggar","player_choice":"Gave Gold","floor":19,"damage_taken":0},{"event_name":"Back to Basics","player_choice":"Elegance","floor":20,"damage_taken":0},{"event_name":"Drug Dealer","player_choice":"Inject Mutagens","floor":21,"damage_taken":0}],"is_beta":false,"boss_relics":[{"not_picked":["White Beast Statue","Tiny House"],"picked":"Ectoplasm"}],"items_purged_floors":[],"is_endless":false,"potions_floor_spawned":[1,7,14,23],"killed_by":"Snake Plant","ascension_level":15}