{"gold_per_floor":[114,124,124,142,155,155,213,240,240,240,31,31,66,78,78,152,152,162,173,173,173,173,173,173,173],"floor_reached":25,"playtime":1035,"items_purged":["Pain"],"score":418,"play_id":"216edcc7-e157-4774-9764-f08b55626c35","local_time":"20190513231212","is_ascension_mode":true,"campfire_choices":[{"data":"Bash","floor":6.0,"key":"SMITH"},{"data":"Demon Form","floor":10.0,"key":"SMITH"},{"data":"True Grit","floor":12.0,"key":"SMITH"},{"floor":15.0,"key":"REST"},{"floor":23.0,"key":"REST"}],"neow_cost":"NONE","seed_source_timestamp":856353419092681,"circlet_count":0,"master_deck":["AscendersBane","Strike_R+1","Strike_R+1","Strike_R+1","Defend_R+1","Defend_R+1","Defend_R+1","Defend_R+1","Bash+1","Exhume","True Grit+1","Wild Strike","Armaments","Body Slam","Demon Form+1","Evolve","Pommel Strike","Headbutt","Reaper","Reaper","Armaments","Bloodletting","Bloodletting"],"special_seed":0,"relics":["Burning Blood","WarpedTongs","Omamori","Kunai","Thread and Needle","Fusion Hammer"],"potions_floor_usage":[25],"damage_taken":[{"damage":2.0,"enemies":"2 Louse","floor":1.0,"turns":4.0},{"damage":4.0,"enemies":"Cultist","floor":2.0,"turns":4.0},{"damage":12.0,"enemies":"Small Slimes","floor":4.0,"turns":4.0},{"damage":9.0,"enemies":"Exordium Wildlife","floor":5.0,"turns":4.0},{"damage":21.0,"enemies":"3 Sentries","floor":7.0,"turns":7.0},{"damage":10.0,"enemies":"Gremlin Nob","floor":8.0,"turns":3.0},{"damage":37.0,"enemies":"Lagavulin","floor":13.0,"turns":8.0},{"damage":2.0,"enemies":"Looter","floor":14.0,"turns":3.0},{"damage":45.0,"enemies":"Hexaghost","floor":16.0,"turns":8.0},{"damage":6.0,"enemies":"Spheric Guardian","floor":18.0,"turns":5.0},{"damage":74.0,"enemies":"3 Byrds","floor":19.0,"turns":7.0},{"damage":51,"enemies":"Slavers","floor":25,"turns":3}],"seed_played":"-35367914885151109","potions_obtained":[{"floor":2.0,"key":"PowerPotion"},{"floor":5.0,"key":"Fire Potion"},{"floor":13.0,"key":"SkillPotion"}],"is_trial":false,"path_per_floor":["M","M","?","M","M","R","?","E","T","R","$","R","E","M","R","B",null,"M","M","?","?","?","R","?","E"],"character_chosen":"IRONCLAD","items_purchased":["Evolve","Pommel Strike"],"campfire_rested":2,"item_purchase_floors":[11,11],"current_hp_per_floor":[72,74,74,68,65,65,50,46,46,46,46,46,15,19,41,57,71,75,48,48,48,48,70,49,0],"gold":173,"neow_bonus":"ONE_RANDOM_RARE_CARD","is_prod":false,"is_daily":false,"chose_seed":false,"campfire_upgraded":3,"win_rate":0,"timestamp":1557803532,"path_taken":["M","M","?","M","?","R","?","E","T","R","$","R","E","M","R","BOSS","M","M","?","?","?","R","?","E"],"build_version":"2019-01-23","purchased_purges":1,"victory":false,"max_hp_per_floor":[75,75,75,75,75,75,75,75,75,75,75,75,75,75,75,75,75,75,75,75,75,75,75,80,80],"card_choices":[{"not_picked":["Flex","Burning Pact"],"picked":"True Grit","floor":1.0},{"not_picked":["Heavy Blade","Infernal Blade"],"picked":"Wild Strike","floor":2.0},{"not_picked":["Sword Boomerang","Wild Strike"],"picked":"Armaments","floor":4.0},{"not_picked":["Flex","Power Through"],"picked":"Body Slam","floor":5.0},{"not_picked":["Armaments","Sword Boomerang"],"picked":"Demon Form","floor":7.0},{"not_picked":["Perfected Strike","Sword Boomerang","Iron Wave"],"picked":"SKIP","floor":8.0},{"not_picked":["Burning Pact","Flex"],"picked":"Headbutt","floor":13.0},{"not_picked":["Sword Boomerang","Metallicize"],"picked":"Reaper","floor":14.0},{"not_picked":["Berserk","Demon Form"],"picked":"Reaper","floor":16.0},{"not_picked":["Heavy Blade","Wild Strike","Sever Soul"],"picked":"SKIP","floor":18.0},{"not_picked":["Body Slam","Hemokinesis"],"picked":"Armaments","floor":19.0}],"player_experience":1335620,"relics_obtained":[{"floor":7.0,"key":"Omamori"},{"floor":8.0,"key":"Kunai"},{"floor":13.0,"key":"Thread and Needle"}],"event_choices":[{"damage_healed":0.0,"max_hp_gain":0.0,"max_hp_loss":0.0,"gold_gain":0.0,"event_name":"Accursed Blacksmith","player_choice":"Rummage","floor":3.0,"gold_loss":0.0,"damage_taken":0.0,"relics_obtained":["WarpedTongs"],"cards_obtained":["Pain"]},{"damage_healed":0.0,"max_hp_gain":0.0,"max_hp_loss":0.0,"gold_gain":30.0,"event_name":"Dead Adventurer","player_choice":"Searched \u00272\u0027 times","floor":7.0,"gold_loss":0.0,"damage_taken":0.0},{"damage_healed":0.0,"max_hp_gain":0.0,"max_hp_loss":0.0,"gold_gain":0.0,"cards_transformed":["Strike_R","Strike_R"],"event_name":"Drug Dealer","player_choice":"Became Test Subject","floor":20.0,"gold_loss":0.0,"damage_taken":0.0,"cards_obtained":["Bloodletting","Bloodletting"]},{"damage_healed":0.0,"max_hp_gain":0.0,"max_hp_loss":0.0,"gold_gain":0.0,"event_name":"Back to Basics","player_choice":"Simplicity","floor":21.0,"gold_loss":0.0,"damage_taken":0.0,"cards_upgraded":["Strike_R","Strike_R","Strike_R","Defend_R","Defend_R","Defend_R","Defend_R"]},{"damage_healed":0.0,"max_hp_gain":0.0,"max_hp_loss":0.0,"gold_gain":0.0,"event_name":"Vampires","player_choice":"Ignored","floor":22.0,"gold_loss":0.0,"damage_taken":0.0},{"damage_healed":0.0,"max_hp_gain":5.0,"max_hp_loss":0.0,"gold_gain":0.0,"event_name":"Forgotten Altar","player_choice":"Shed Blood","floor":24.0,"gold_loss":0.0,"damage_taken":26.0}],"is_beta":false,"boss_relics":[{"not_picked":["Empty Cage","Runic Dome"],"picked":"Fusion Hammer"}],"items_purged_floors":[11],"is_endless":false,"potions_floor_spawned":[2,5,13],"killed_by":"Slavers","ascension_level":20}