{"gold_per_floor":[109,121,121,121,134,134,160,160,205,205,231,241,275,301,301,380,380,397,397,497,497,507,507,520,553,553,553,567,332,343,361,361,432,432,445,33,33,33],"floor_reached":38,"playtime":1756,"items_purged":["Strike_R","Twin Strike"],"score":824,"play_id":"3ddb5e15-f480-4add-a4d6-4bd385f6df3b","local_time":"20190521102455","is_ascension_mode":true,"campfire_choices":[{"data":"Bash","floor":6.0,"key":"SMITH"},{"data":"Anger","floor":8.0,"key":"SMITH"},{"data":"Thunderclap","floor":10.0,"key":"SMITH"},{"data":"Demon Form","floor":15,"key":"SMITH"},{"data":"Juggernaut","floor":23,"key":"SMITH"},{"data":"True Grit","floor":27,"key":"SMITH"},{"floor":32,"key":"REST"}],"neow_cost":"NONE","seed_source_timestamp":485141442159591,"circlet_count":0,"master_deck":["AscendersBane","Bash+1","Anger+1","Battle Trance","Shrug It Off","Thunderclap+1","Demon Form+1","Sword Boomerang+1","Inflame","Juggernaut+1","Feel No Pain","Battle Trance","Combust+1","True Grit+1","Feed","Corruption","Dark Embrace","Rupture","Havoc","Reckless Charge","Ghostly Armor","Heavy Blade","True Grit","Seeing Red","Madness","Madness"],"special_seed":0,"relics":["Burning Blood","Oddly Smooth Stone","Red Skull","Mummified Hand","Ornamental Fan","War Paint","Runic Dome","Unceasing Top","Mercury Hourglass","Whetstone","Dodecahedron","Pandora\u0027s Box","Self Forming Clay"],"potions_floor_usage":[20,25,28],"damage_taken":[{"damage":11.0,"enemies":"Cultist","floor":1.0,"turns":4.0},{"damage":7.0,"enemies":"Jaw Worm","floor":2.0,"turns":4.0},{"damage":4.0,"enemies":"Small Slimes","floor":5.0,"turns":3.0},{"damage":14.0,"enemies":"3 Sentries","floor":7.0,"turns":12.0},{"damage":16,"enemies":"Lagavulin","floor":11,"turns":5},{"damage":6,"enemies":"2 Fungi Beasts","floor":12,"turns":2},{"damage":5,"enemies":"Gremlin Nob","floor":13,"turns":3},{"damage":20,"enemies":"The Guardian","floor":16,"turns":6},{"damage":11,"enemies":"2 Thieves","floor":18,"turns":4},{"damage":21,"enemies":"Colosseum Slavers","floor":20,"turns":4},{"damage":14,"enemies":"Colosseum Nobs","floor":20,"turns":4},{"damage":0,"enemies":"Chosen","floor":22,"turns":2},{"damage":22,"enemies":"Centurion and Healer","floor":24,"turns":4},{"damage":8,"enemies":"Book of Stabbing","floor":25,"turns":3},{"damage":0,"enemies":"Chosen and Byrds","floor":28,"turns":4},{"damage":15,"enemies":"Snecko","floor":30,"turns":6},{"damage":0,"enemies":"Centurion and Healer","floor":31,"turns":4},{"damage":23,"enemies":"Automaton","floor":33,"turns":6},{"damage":25,"enemies":"3 Shapes","floor":35,"turns":5},{"damage":46,"enemies":"3 Darklings","floor":38,"turns":3}],"seed_played":"1304255173356918896","potions_obtained":[{"floor":5.0,"key":"Fire Potion"},{"floor":7.0,"key":"AttackPotion"},{"floor":11,"key":"SteroidPotion"},{"floor":20,"key":"Fire Potion"},{"floor":28,"key":"SkillPotion"},{"floor":30,"key":"GamblersBrew"}],"is_trial":false,"path_per_floor":["M","M","?","?","M","R","E","R","T","R","E","M","E","T","R","B",null,"M","?","?","?","M","R","M","E","T","R","M","$","M","M","R","B",null,"M","$","?","M"],"character_chosen":"IRONCLAD","items_purchased":["Feed","Self Forming Clay","Seeing Red"],"campfire_rested":1,"item_purchase_floors":[29,36,36],"current_hp_per_floor":[63,62,55,60,62,62,54,54,54,54,44,44,45,45,45,31,68,63,63,40,40,46,46,30,28,28,28,34,34,28,34,58,44,76,57,57,42,0],"gold":33,"neow_bonus":"RANDOM_COMMON_RELIC","is_prod":false,"is_daily":false,"chose_seed":false,"campfire_upgraded":6,"win_rate":0,"timestamp":1558448695,"path_taken":["M","M","?","?","M","R","E","R","T","R","E","M","E","?","R","BOSS","M","?","?","?","M","R","M","E","T","R","?","$","M","M","R","BOSS","M","$","?","M"],"build_version":"2019-01-23","purchased_purges":2,"victory":false,"max_hp_per_floor":[75,75,75,80,80,80,80,80,80,80,80,80,80,80,80,80,80,80,80,80,80,80,80,80,80,80,80,80,80,83,83,83,86,86,86,86,86,86],"card_choices":[{"not_picked":["Wild Strike","Iron Wave"],"picked":"Anger","floor":1.0},{"not_picked":["Thunderclap","Shockwave"],"picked":"Battle Trance","floor":2.0},{"not_picked":["Clash","Wild Strike"],"picked":"Shrug It Off","floor":5.0},{"not_picked":["Twin Strike","Limit Break"],"picked":"Thunderclap","floor":7.0},{"not_picked":["Blood for Blood","Second Wind"],"picked":"Demon Form","floor":11},{"not_picked":["Intimidate","Searing Blow"],"picked":"Sword Boomerang","floor":12},{"not_picked":["Headbutt","Havoc"],"picked":"Inflame","floor":13},{"not_picked":["Bludgeon","Berserk"],"picked":"Juggernaut","floor":16},{"not_picked":["Power Through","Pommel Strike","Clothesline"],"picked":"SKIP","floor":18},{"not_picked":["Seeing Red","Iron Wave"],"picked":"Battle Trance","floor":22},{"not_picked":["Infernal Blade","Iron Wave"],"picked":"Combust+1","floor":24},{"not_picked":["Uppercut","Perfected Strike"],"picked":"True Grit","floor":25},{"not_picked":["Heavy Blade","Sword Boomerang","Anger"],"picked":"SKIP","floor":28},{"not_picked":["Seeing Red","Flex"],"picked":"Corruption","floor":30},{"not_picked":["Havoc","Flex","Thunderclap"],"picked":"SKIP","floor":31},{"not_picked":["Fiend Fire","Demon Form"],"picked":"Dark Embrace","floor":33},{"not_picked":["Heavy Blade","Battle Trance"],"picked":"True Grit","floor":35}],"player_experience":1411668,"relics_obtained":[{"floor":7.0,"key":"Red Skull"},{"floor":11,"key":"Mummified Hand"},{"floor":13,"key":"Ornamental Fan"},{"floor":14,"key":"War Paint"},{"floor":20,"key":"Unceasing Top"},{"floor":20,"key":"Mercury Hourglass"},{"floor":25,"key":"Whetstone"},{"floor":26,"key":"Dodecahedron"}],"event_choices":[{"cards_removed":["Strike_R"],"damage_healed":0.0,"max_hp_gain":0.0,"max_hp_loss":0.0,"gold_gain":0.0,"event_name":"Golden Wing","player_choice":"Card Removal","floor":3.0,"gold_loss":0.0,"damage_taken":7.0},{"damage_healed":0.0,"max_hp_gain":5.0,"max_hp_loss":0.0,"gold_gain":0.0,"event_name":"Big Fish","player_choice":"Donut","floor":4.0,"gold_loss":0.0,"damage_taken":0.0},{"damage_healed":0,"gold_gain":0,"player_choice":"Read","damage_taken":0,"max_hp_gain":0,"max_hp_loss":0,"event_name":"The Library","floor":19,"gold_loss":0,"cards_obtained":["Feel No Pain"]},{"damage_healed":0,"gold_gain":0,"player_choice":"Fight","damage_taken":0,"max_hp_gain":0,"max_hp_loss":0,"event_name":"Colosseum","floor":20,"gold_loss":0},{"damage_healed":0,"gold_gain":0,"player_choice":"Fought Nobs","damage_taken":0,"max_hp_gain":0,"max_hp_loss":0,"event_name":"Colosseum","floor":20,"gold_loss":0},{"cards_removed":["Strike_R"],"damage_healed":0,"gold_gain":0,"player_choice":"Purged","damage_taken":0,"max_hp_gain":0,"max_hp_loss":0,"event_name":"Purifier","floor":21,"gold_loss":0},{"damage_healed":0,"gold_gain":0,"player_choice":"Embrace Madness","damage_taken":15,"max_hp_gain":0,"max_hp_loss":0,"event_name":"Winding Halls","floor":37,"gold_loss":0,"cards_obtained":["Madness","Madness"]}],"is_beta":false,"boss_relics":[{"not_picked":["Coffee Dripper","Busted Crown"],"picked":"Runic Dome"},{"not_picked":["Fusion Hammer","Philosopher\u0027s Stone"],"picked":"Pandora\u0027s Box"}],"items_purged_floors":[29,36],"is_endless":false,"potions_floor_spawned":[5,7,11,13,20,22,28,30,31],"killed_by":"3 Darklings","ascension_level":20}