{"gold_per_floor":[115,115,115,128,53,117,127,127,154,183,183,183,183,198,198,301,301,320,320,320,334,334],"floor_reached":22,"playtime":790,"items_purged":["Strike_B"],"score":360,"play_id":"0f0deeb0-50ed-4528-85b2-ddd5230fd3ab","local_time":"20190427093414","is_ascension_mode":true,"campfire_choices":[{"data":"Dualcast","floor":8,"key":"SMITH"},{"floor":12,"key":"REST"},{"floor":15,"key":"REST"}],"neow_cost":"NONE","seed_source_timestamp":1121763153835487,"circlet_count":0,"master_deck":["Strike_B","Defend_B","Defend_B","Defend_B+1","Defend_B+1","Zap","Dualcast+1","Lockon","Gash","Defragment","Ball Lightning","Gash","All For One","Fission","Go for the Eyes","Rebound","Ball Lightning","Necronomicurse","Go for the Eyes"],"relics":["Cracked Core","NeowsBlessing","Tiny Chest","Dream Catcher","Orichalcum","Orrery","Necronomicon"],"potions_floor_usage":[10,16,18],"damage_taken":[{"damage":0,"enemies":"Small Slimes","floor":1,"turns":1},{"damage":0,"enemies":"Cultist","floor":4,"turns":1},{"damage":0,"enemies":"Lagavulin","floor":6,"turns":1},{"damage":3,"enemies":"2 Louse","floor":7,"turns":2},{"damage":27,"enemies":"Gremlin Nob","floor":10,"turns":4},{"damage":7,"enemies":"2 Fungi Beasts","floor":14,"turns":3},{"damage":0,"enemies":"Slime Boss","floor":16,"turns":7},{"damage":22,"enemies":"3 Byrds","floor":18,"turns":5},{"damage":27,"enemies":"2 Thieves","floor":21,"turns":3},{"damage":37,"enemies":"Cultist and Chosen","floor":22,"turns":4}],"seed_played":"5200205210622388116","potions_obtained":[{"floor":1,"key":"Block Potion"},{"floor":3,"key":"Weak Potion"},{"floor":3,"key":"Dexterity Potion"},{"floor":10,"key":"Weak Potion"},{"floor":18,"key":"Poison Potion"}],"is_trial":false,"path_per_floor":["M","?","?","M","$","E","M","R","T","E","?","R","?","M","R","B",null,"M","?","?","M","M"],"character_chosen":"DEFECT","items_purchased":[],"campfire_rested":2,"item_purchase_floors":[],"current_hp_per_floor":[68,61,61,61,61,61,58,58,58,31,16,38,38,31,53,53,70,48,32,57,30,0],"gold":334,"neow_bonus":"THREE_ENEMY_KILL","is_prod":false,"is_daily":false,"chose_seed":false,"campfire_upgraded":1,"win_rate":0,"timestamp":1556350454,"path_taken":["M","?","?","?","?","E","M","R","T","E","?","R","?","M","R","BOSS","M","?","?","M","M"],"build_version":"2019-04-23","purchased_purges":1,"victory":false,"max_hp_per_floor":[75,75,75,75,75,75,75,75,75,75,75,75,75,75,75,75,75,75,75,75,75,75],"card_choices":[{"not_picked":["Blizzard","Loop"],"picked":"Lockon","floor":1},{"not_picked":["Coolheaded","Redo"],"picked":"Gash","floor":4},{"not_picked":["Lockon","Leap"],"picked":"Defragment","floor":6},{"not_picked":["Coolheaded","Sweeping Beam","BootSequence"],"picked":"SKIP","floor":7},{"not_picked":["Hologram","Creative AI"],"picked":"Ball Lightning","floor":10},{"not_picked":["FTL","Rebound"],"picked":"Gash","floor":14},{"not_picked":["Beam Cell","Conserve Battery"],"picked":"All For One","floor":15},{"not_picked":["Hyperbeam","Meteor Strike"],"picked":"Fission","floor":16},{"not_picked":["Chill","Reprogram"],"picked":"Go for the Eyes","floor":17},{"not_picked":["Steam","Barrage"],"picked":"Rebound","floor":17},{"not_picked":["Aggregate","Fusion"],"picked":"Ball Lightning","floor":17},{"not_picked":["Undo+1","Chill","Barrage"],"picked":"SKIP","floor":18},{"not_picked":["Heatsinks+1","Rebound"],"picked":"Go for the Eyes","floor":21}],"player_experience":516797,"relics_obtained":[{"floor":6,"key":"Tiny Chest"},{"floor":9,"key":"Dream Catcher"},{"floor":10,"key":"Orichalcum"},{"floor":19,"key":"Necronomicon"}],"event_choices":[{"cards_removed":["Strike_B"],"damage_healed":0,"gold_gain":0,"player_choice":"Card Removal","damage_taken":7,"max_hp_gain":0,"max_hp_loss":0,"event_name":"Golden Wing","floor":2,"gold_loss":0},{"damage_healed":0,"gold_gain":0,"player_choice":"Got Potions","damage_taken":0,"max_hp_gain":0,"max_hp_loss":0,"event_name":"Lab","floor":3,"gold_loss":0},{"damage_healed":0,"gold_gain":0,"player_choice":"Entered Light","damage_taken":15,"max_hp_gain":0,"max_hp_loss":0,"event_name":"Shining Light","floor":11,"gold_loss":0,"cards_upgraded":["Defend_B","Defend_B"]},{"cards_removed":["Strike_B"],"damage_healed":0,"gold_gain":0,"player_choice":"Forget","damage_taken":0,"max_hp_gain":0,"max_hp_loss":0,"event_name":"Living Wall","floor":13,"gold_loss":0},{"damage_healed":0,"gold_gain":0,"player_choice":"Obtained Book","damage_taken":16,"max_hp_gain":0,"max_hp_loss":0,"event_name":"Cursed Tome","floor":19,"gold_loss":0},{"damage_healed":25,"gold_gain":0,"player_choice":"Heal","damage_taken":0,"max_hp_gain":0,"max_hp_loss":0,"event_name":"The Library","floor":20,"gold_loss":0}],"is_beta":true,"boss_relics":[{"not_picked":["Pandora\u0027s Box","Calling Bell"],"picked":"Orrery"}],"items_purged_floors":[5],"is_endless":false,"potions_floor_spawned":[1,4,10,18],"killed_by":"Cultist and Chosen","ascension_level":7}