{"gold_per_floor":[110,129,148,148,28,28,28,55,105,105],"floor_reached":10,"playtime":464,"items_purged":["Strike_R"],"score":83,"play_id":"e66f0034-18b6-46ae-95bb-933edb3632a4","local_time":"20190201190140","is_ascension_mode":true,"campfire_choices":[{"data":"Pommel Strike","floor":6,"key":"SMITH"}],"neow_cost":"PERCENT_DAMAGE","seed_source_timestamp":400458082908054,"circlet_count":0,"master_deck":["Strike_R","Strike_R","Strike_R","Strike_R+1","Defend_R","Defend_R","Bash","Searing Blow+1","Pommel Strike+1","Flame Barrier"],"relics":["Burning Blood","Boot","Smiling Mask"],"potions_floor_usage":[8],"damage_taken":[{"damage":1,"enemies":"Cultist","floor":1,"turns":3},{"damage":11,"enemies":"2 Louse","floor":2,"turns":3},{"damage":11,"enemies":"Jaw Worm","floor":3,"turns":4},{"damage":20,"enemies":"Gremlin Nob","floor":8,"turns":4},{"damage":28,"enemies":"3 Sentries","floor":10,"turns":3}],"seed_played":"5012959895089485212","potions_obtained":[{"floor":3,"key":"Block Potion"}],"is_trial":false,"path_per_floor":["M","M","M","?","$","R","?","E","T","E"],"character_chosen":"IRONCLAD","items_purchased":["Pommel Strike"],"campfire_rested":0,"item_purchase_floors":[5],"current_hp_per_floor":[61,56,51,35,35,35,35,21,21,0],"gold":105,"neow_bonus":"REMOVE_TWO","is_prod":false,"is_daily":false,"chose_seed":false,"campfire_upgraded":1,"win_rate":0,"timestamp":1549072900,"path_taken":["M","?","M","?","$","R","?","E","T","E"],"build_version":"2019-01-23","purchased_purges":1,"victory":false,"max_hp_per_floor":[80,80,80,80,80,80,80,80,80,80],"card_choices":[{"not_picked":["Heavy Blade","Wild Strike"],"picked":"Searing Blow","floor":1},{"not_picked":["Twin Strike","Perfected Strike","Warcry"],"picked":"SKIP","floor":2},{"not_picked":["Headbutt","Reckless Charge","Armaments"],"picked":"SKIP","floor":3},{"not_picked":["Wild Strike","Blood for Blood"],"picked":"Flame Barrier","floor":8}],"player_experience":350454,"relics_obtained":[{"floor":8,"key":"Boot"},{"floor":9,"key":"Smiling Mask"}],"event_choices":[{"damage_healed":0,"gold_gain":0,"player_choice":"Entered Light","damage_taken":16,"max_hp_gain":0,"max_hp_loss":0,"event_name":"Shining Light","floor":4,"gold_loss":0,"cards_upgraded":["Searing Blow","Strike_R"]},{"damage_healed":0,"gold_gain":0,"player_choice":"Leave","damage_taken":0,"max_hp_gain":0,"max_hp_loss":0,"event_name":"The Cleric","floor":7,"gold_loss":0}],"is_beta":false,"boss_relics":[],"items_purged_floors":[5],"is_endless":false,"potions_floor_spawned":[3],"killed_by":"3 Sentries","ascension_level":5}