{"gold_per_floor":[364,381,381,331,2,2,22,22,22,33,52,52],"floor_reached":12,"playtime":824,"items_purged":["Defend_G"],"score":70,"play_id":"03bb70aa-a2bf-4932-b11c-092b14f9d338","local_time":"20181213191613","is_ascension_mode":false,"campfire_choices":[{"data":"Neutralize","floor":6,"key":"SMITH"},{"data":"Survivor","floor":8,"key":"SMITH"}],"neow_cost":"PERCENT_DAMAGE","seed_source_timestamp":143518248761011,"circlet_count":0,"master_deck":["Defend_G","Defend_G","Defend_G","Defend_G+1","Strike_G","Strike_G","Strike_G","Strike_G","Survivor+1","Neutralize+1","Calculated Gamble+1","Outmaneuver+1","Outmaneuver+1","Deflect+1"],"relics":["Ring of the Snake","Toxic Egg 2","Dodecahedron"],"potions_floor_usage":[2],"damage_taken":[{"damage":2,"enemies":"Small Slimes","floor":1,"turns":5},{"damage":2,"enemies":"Jaw Worm","floor":2,"turns":4},{"damage":0,"enemies":"Cultist","floor":7,"turns":4},{"damage":0,"enemies":"Blue Slaver","floor":10,"turns":8},{"damage":30,"enemies":"Large Slime","floor":11,"turns":13},{"damage":5,"enemies":"2 Fungi Beasts","floor":12,"turns":3}],"seed_played":"5100956525009148731","potions_obtained":[{"floor":1,"key":"GhostInAJar"},{"floor":7,"key":"Strength Potion"}],"is_trial":false,"path_per_floor":["M","M","?","?","$","R","M","R","T","M","M","M"],"character_chosen":"THE_SILENT","items_purchased":["Toxic Egg 2"],"campfire_rested":0,"item_purchase_floors":[5],"current_hp_per_floor":[47,45,31,31,31,31,31,31,31,31,1,0],"gold":52,"neow_bonus":"TWO_FIFTY_GOLD","is_prod":false,"is_daily":false,"chose_seed":false,"campfire_upgraded":2,"win_rate":0.0,"timestamp":1544753773,"path_taken":["M","M","?","?","$","R","M","R","T","M","M","M"],"build_version":"2018-12-13","purchased_purges":1,"victory":false,"max_hp_per_floor":[70,70,70,70,70,70,70,70,70,70,70,70],"card_choices":[{"not_picked":["Masterful Stab","Flying Knee"],"picked":"Calculated Gamble","floor":1},{"not_picked":["Dagger Throw","Poisoned Stab","Crippling Poison"],"picked":"SKIP","floor":2},{"not_picked":["Backflip+1","Prepared+1"],"picked":"Outmaneuver+1","floor":7},{"not_picked":["Poisoned Stab","Well Laid Plans"],"picked":"Outmaneuver+1","floor":10},{"not_picked":["All Out Attack","Catalyst+1"],"picked":"Deflect+1","floor":11}],"player_experience":84745,"relics_obtained":[{"floor":9,"key":"Dodecahedron"}],"event_choices":[{"damage_healed":0,"gold_gain":0,"player_choice":"Entered Light","damage_taken":14,"max_hp_gain":0,"max_hp_loss":0,"event_name":"Shining Light","floor":3,"gold_loss":0,"cards_upgraded":["Defend_G","Calculated Gamble"]},{"cards_removed":["Strike_G"],"damage_healed":0,"gold_gain":0,"player_choice":"Card Removal","damage_taken":0,"max_hp_gain":0,"max_hp_loss":0,"event_name":"The Cleric","floor":4,"gold_loss":50}],"is_beta":false,"boss_relics":[],"items_purged_floors":[5],"is_endless":false,"potions_floor_spawned":[1,7],"killed_by":"2 Fungi Beasts","ascension_level":0}