{"gold_per_floor":[119,44,44,44,60,60,74,74,101,1,58,69,85,95,95,95],"floor_reached":16,"playtime":531,"items_purged":["Strike_R","Strike_R"],"score":92,"play_id":"68c2be30-5b87-4fde-bed3-b1672751cd8c","local_time":"20190127180204","is_ascension_mode":false,"campfire_choices":[{"data":"Entrench","floor":6,"key":"SMITH"},{"data":"Enlightenment","floor":8,"key":"SMITH"},{"floor":15,"key":"REST"}],"neow_cost":"PERCENT_DAMAGE","seed_source_timestamp":149887561564131,"circlet_count":0,"master_deck":["Strike_R","Strike_R","Strike_R","Defend_R","Defend_R","Defend_R","Bash","Flash of Steel","Enlightenment+1","Entrench+1","Clothesline"],"relics":["Burning Blood","Letter Opener","Dream Catcher"],"potions_floor_usage":[13,13,16,16],"damage_taken":[{"damage":6,"enemies":"Jaw Worm","floor":1,"turns":3},{"damage":5,"enemies":"Small Slimes","floor":5,"turns":3},{"damage":7,"enemies":"2 Louse","floor":7,"turns":3},{"damage":30,"enemies":"Gremlin Nob","floor":11,"turns":4},{"damage":15,"enemies":"Exordium Thugs","floor":12,"turns":4},{"damage":0,"enemies":"3 Louse","floor":13,"turns":3},{"damage":2,"enemies":"Looter","floor":14,"turns":3},{"damage":57,"enemies":"Slime Boss","floor":16,"turns":10}],"seed_played":"-7713361793205341224","potions_obtained":[{"floor":5,"key":"Fire Potion"},{"floor":11,"key":"Dexterity Potion"},{"floor":12,"key":"LiquidBronze"},{"floor":13,"key":"Swift Potion"}],"is_trial":false,"path_per_floor":["M","$","?","?","M","R","M","R","T","$","?","M","M","M","R","B"],"character_chosen":"IRONCLAD","items_purchased":[],"campfire_rested":1,"item_purchase_floors":[],"current_hp_per_floor":[56,56,53,53,54,54,53,53,53,53,29,20,26,30,54,0],"gold":95,"neow_bonus":"RANDOM_COLORLESS_2","is_prod":false,"is_daily":false,"chose_seed":false,"campfire_upgraded":2,"win_rate":0,"timestamp":1548637324,"path_taken":["M","$","?","?","M","R","M","R","T","?","?","M","M","M","R","BOSS"],"build_version":"2019-01-23","purchased_purges":2,"victory":false,"max_hp_per_floor":[80,80,80,80,80,80,80,80,80,80,80,80,80,80,80,80],"card_choices":[{"not_picked":["Feel No Pain","Reckless Charge"],"picked":"Entrench","floor":1},{"not_picked":["Feel No Pain","Evolve","Rupture"],"picked":"SKIP","floor":5},{"not_picked":["Bloodletting","Perfected Strike","Clothesline"],"picked":"SKIP","floor":7},{"not_picked":["Twin Strike","Pommel Strike","Power Through"],"picked":"SKIP","floor":12},{"not_picked":["Thunderclap","Wild Strike"],"picked":"Clothesline","floor":13},{"not_picked":["Shrug It Off","Cleave","Seeing Red"],"picked":"SKIP","floor":14}],"player_experience":342635,"relics_obtained":[],"event_choices":[{"damage_healed":0,"gold_gain":0,"player_choice":"Success","damage_taken":3,"relics_obtained":["Letter Opener"],"max_hp_gain":0,"max_hp_loss":0,"event_name":"Scrap Ooze","floor":3,"gold_loss":0},{"cards_removed":["Defend_R"],"damage_healed":0,"gold_gain":0,"player_choice":"Forget","damage_taken":0,"max_hp_gain":0,"max_hp_loss":0,"event_name":"Living Wall","floor":4,"gold_loss":0},{"damage_healed":0,"gold_gain":30,"player_choice":"Searched \u00273\u0027 times","damage_taken":0,"relics_obtained":["Dream Catcher"],"max_hp_gain":0,"max_hp_loss":0,"event_name":"Dead Adventurer","floor":11,"gold_loss":0}],"is_beta":false,"boss_relics":[],"items_purged_floors":[2,10],"is_endless":false,"potions_floor_spawned":[5,11,12,13],"killed_by":"Slime Boss","ascension_level":0}