{"path_per_floor":["M","?","M","M","?","R","$","E","T","R","?","R","M","M","R","B",null,"M","M","?","$","?","?","$","M","T","$","R","M","R","?","R","B",null,"M","?","$","M","M","R","M","M","T","$","?"],"character_chosen":"DEFECT","items_purchased":["Blood Vial","Happy Flower","Defragment","Capacitor"],"gold_per_floor":[115,115,132,147,147,147,2,32,102,102,102,102,118,130,130,232,232,249,266,266,47,47,47,47,67,67,67,67,87,87,87,87,188,188,203,203,22,38,55,55,73,91,91,41,41,41],"floor_reached":46,"campfire_rested":3,"playtime":1718,"item_purchase_floors":[],"current_hp_per_floor":[67,53,40,34,27,47,47,29,29,29,29,29,26,25,45,25,68,48,50,34,34,34,56,56,45,45,45,45,40,40,40,60,32,68,56,56,56,47,33,33,24,18,18,18,18,0],"items_purged":["Strike_B","Decay"],"gold":41,"score":418,"play_id":"62723634-1ee1-4f9c-bd2e-d0e916e8affb","local_time":"20180526102201","is_prod":false,"is_daily":false,"chose_seed":false,"is_ascension_mode":false,"campfire_upgraded":5,"win_rate":0,"timestamp":1527322921,"campfire_choices":[{"floor":6.0,"key":"REST"},{"data":"Zap","floor":10.0,"key":"SMITH"},{"data":"Dualcast","floor":12.0,"key":"SMITH"},{"floor":15.0,"key":"REST"},{"data":"Buffer","floor":28.0,"key":"SMITH"},{"data":"Defragment","floor":30.0,"key":"SMITH"},{"floor":32.0,"key":"REST"},{"data":"Defragment","floor":40.0,"key":"SMITH"}],"path_taken":["M","?","M","?","?","R","?","E","T","R","?","R","M","M","R","BOSS","M","M","?","$","?","?","$","M","T","$","R","M","R","?","R","BOSS","M","?","$","M","M","R","M","M","T","$","?","?"],"build_version":"2018-05-25","seed_source_timestamp":0,"purchased_purges":2,"victory":false,"master_deck":["Strike_B+1","Strike_B","Defend_B","Defend_B","Defend_B","Zap+1","Dualcast+1","Heatsinks+1","Ball Lightning","Buffer+1","Defragment+1","Capacitor","Ball Lightning","Core Surge+1","Defragment+1","Normality","Capacitor"],"max_hp_per_floor":[68,68,68,68,68,68,68,68,68,68,68,68,68,68,68,68,68,68,68,68,68,68,68,68,68,68,68,68,68,68,68,68,68,68,68,68,68,68,68,68,68,68,68,68,68,68],"relics":["Cracked Core","Ice Cream","Vajra","Blood Vial","Emotion Chip","Bottled Tornado","Cursed Key","Nilry\u0027s Codex","Happy Flower","Ornamental Fan","Molten Egg 2","Nuclear Battery","Sundial"],"card_choices":[{"not_picked":["Redo","Coolheaded"],"picked":"Heatsinks","floor":1.0},{"not_picked":["Coolheaded","Axe Kick","Compile Driver"],"picked":"SKIP","floor":3.0},{"not_picked":["Stack","Steam","Axe Kick"],"picked":"SKIP","floor":4.0},{"not_picked":["Steam Power","Capacitor"],"picked":"Ball Lightning","floor":8.0},{"not_picked":["Axe Kick","Tempest","Capacitor"],"picked":"SKIP","floor":13.0},{"not_picked":["Steam","Sunder","Darkness"],"picked":"SKIP","floor":14.0},{"not_picked":["Multi-Cast","Reboot"],"picked":"Buffer","floor":16.0},{"not_picked":["Chaos","Turbo"],"picked":"Defragment","floor":18.0},{"not_picked":["Coolheaded+1","Glacier","Go for the Eyes"],"picked":"SKIP","floor":19.0},{"not_picked":["Heatsinks","Hologram"],"picked":"Capacitor","floor":25.0},{"not_picked":["BootSequence","Chaos"],"picked":"Ball Lightning","floor":29.0},{"not_picked":["Thunder Strike+1","Reboot"],"picked":"Core Surge+1","floor":33.0},{"not_picked":["Rebound+1","Streamline+1","Cold Snap+1"],"picked":"SKIP","floor":35.0},{"not_picked":["Go for the Eyes+1","Redo+1","Skim+1"],"picked":"SKIP","floor":38.0},{"not_picked":["Go for the Eyes+1","Redo+1","Skim+1"],"picked":"SKIP","floor":38.0},{"not_picked":["Sweeping Beam+1","Steam Power","Stack"],"picked":"SKIP","floor":39.0},{"not_picked":["Rebound+1","Leap","Compile Driver+1"],"picked":"SKIP","floor":41.0},{"not_picked":["Force Field","Auto Shields","Hologram+1"],"picked":"SKIP","floor":42.0}],"player_experience":470985,"potions_floor_usage":[46],"damage_taken":[{"damage":1.0,"enemies":"Cultist","floor":1.0,"turns":3.0},{"damage":13.0,"enemies":"Jaw Worm","floor":3.0,"turns":3.0},{"damage":6.0,"enemies":"2 Louse","floor":4.0,"turns":2.0},{"damage":20.0,"enemies":"3 Sentries","floor":8.0,"turns":8.0},{"damage":5.0,"enemies":"Looter","floor":13.0,"turns":2.0},{"damage":3.0,"enemies":"Red Slaver","floor":14.0,"turns":2.0},{"damage":22.0,"enemies":"The Guardian","floor":16.0,"turns":8.0},{"damage":20.0,"enemies":"2 Thieves","floor":18.0,"turns":3.0},{"damage":0.0,"enemies":"Spheric Guardian","floor":19.0,"turns":3.0},{"damage":13.0,"enemies":"Centurion and Healer","floor":25.0,"turns":5.0},{"damage":7.0,"enemies":"Snake Plant","floor":29.0,"turns":3.0},{"damage":30.0,"enemies":"Collector","floor":33.0,"turns":7.0},{"damage":12.0,"enemies":"Orb Walker","floor":35.0,"turns":3.0},{"damage":11.0,"enemies":"Flame Bruiser 1 Orb","floor":38.0,"turns":4.0},{"damage":16.0,"enemies":"3 Darklings","floor":39.0,"turns":4.0},{"damage":11.0,"enemies":"Flame Bruiser 2 Orb","floor":41.0,"turns":3.0},{"damage":8.0,"enemies":"Maw","floor":42.0,"turns":6.0},{"damage":38,"enemies":"Spire Growth","floor":46,"turns":4}],"relics_obtained":[{"floor":8.0,"key":"Emotion Chip"},{"floor":9.0,"key":"Bottled Tornado"},{"floor":20.0,"key":"Nilry\u0027s Codex"},{"floor":26.0,"key":"Ornamental Fan"},{"floor":43.0,"key":"Sundial"}],"event_choices":[{"event_name":"Shining Light","player_choice":"Entered Light","floor":2.0,"damage_taken":0.0},{"event_name":"Scrap Ooze","player_choice":"success","floor":5.0,"damage_taken":7.0},{"event_name":"Bonfire Elementals","player_choice":"BASIC","floor":11.0,"damage_taken":0.0},{"event_name":"Cursed Tome","player_choice":"Obtained Book","floor":20.0,"damage_taken":0.0},{"event_name":"Ghosts","player_choice":"Ignored","floor":22.0,"damage_taken":0.0},{"event_name":"The Library","player_choice":"Heal","floor":23.0,"damage_taken":0.0},{"event_name":"The Mausoleum","player_choice":"Yes","floor":31.0,"damage_taken":0.0},{"event_name":"The Woman in Blue","player_choice":"Bought 0 Potions","floor":36.0,"damage_taken":0.0}],"boss_relics":[],"items_purged_floors":[],"potions_floor_spawned":[4,14,16,25,42],"seed_played":"-1850328719286478586","killed_by":"Spire Growth","ascension_level":0,"potions_obtained":[{"floor":4.0,"key":"GamblersBrew"},{"floor":14.0,"key":"Poison Potion"},{"floor":16.0,"key":"Poison Potion"},{"floor":25.0,"key":"SteroidPotion"},{"floor":42.0,"key":"Swift Potion"}],"is_trial":false}