{"gold_per_floor":[110,185,185,200,125,160,179,206,282,302,315,315,16,31,31,135,135,120,136,136,136],"floor_reached":21,"playtime":2329,"items_purged":["Strike_B"],"score":246,"play_id":"4b71d521-c5ee-4533-bd61-d5bd2ae79cf0","local_time":"20190115194639","is_ascension_mode":true,"campfire_choices":[{"floor":12,"key":"REST"},{"data":"Creative AI","floor":15,"key":"SMITH"}],"neow_cost":"NONE","seed_source_timestamp":398932283646310,"circlet_count":0,"master_deck":["Strike_B","Strike_B","Strike_B","Defend_B","Defend_B","Defend_B","Defend_B","Zap","Fusion","Gash","Creative AI+1","Coolheaded","Recycle+1"],"relics":["Cracked Core","Bird Faced Urn","Ancient Tea Set","Odd Mushroom","FossilizedHelix","Inserter","Nloth\u0027s Gift"],"potions_floor_usage":[8,8,10,19,19],"damage_taken":[{"damage":0,"enemies":"Small Slimes","floor":1,"turns":1},{"damage":0,"enemies":"Cultist","floor":4,"turns":1},{"damage":0,"enemies":"3 Sentries","floor":6,"turns":1},{"damage":7,"enemies":"Jaw Worm","floor":7,"turns":3},{"damage":28,"enemies":"Lagavulin","floor":8,"turns":8},{"damage":39,"enemies":"The Mushroom Lair","floor":10,"turns":6},{"damage":30,"enemies":"Exordium Wildlife","floor":11,"turns":11},{"damage":4,"enemies":"Red Slaver","floor":14,"turns":3},{"damage":27,"enemies":"The Guardian","floor":16,"turns":16},{"damage":46,"enemies":"2 Thieves","floor":18,"turns":5},{"damage":34,"enemies":"Shell Parasite","floor":19,"turns":8},{"damage":31,"enemies":"Snecko","floor":21,"turns":4}],"seed_played":"-7178036271643420492","potions_obtained":[{"floor":4,"key":"SpeedPotion"},{"floor":6,"key":"FocusPotion"},{"floor":7,"key":"Regen Potion"},{"floor":11,"key":"FearPotion"},{"floor":14,"key":"SteroidPotion"}],"is_trial":false,"path_per_floor":["M","?","?","M","$","E","M","E","T","?","M","R","$","M","R","B",null,"M","M","?","M"],"character_chosen":"DEFECT","items_purchased":["FossilizedHelix"],"campfire_rested":1,"item_purchase_floors":[13],"current_hp_per_floor":[75,64,64,64,64,64,57,43,43,12,4,26,26,26,26,35,75,39,19,19,0],"gold":136,"neow_bonus":"THREE_ENEMY_KILL","is_prod":false,"is_daily":false,"chose_seed":false,"campfire_upgraded":1,"win_rate":0,"timestamp":1547606799,"path_taken":["M","?","?","M","$","E","?","E","T","?","M","R","$","M","R","BOSS","M","M","?","?"],"build_version":"2019-01-10","purchased_purges":1,"victory":false,"max_hp_per_floor":[75,75,75,75,75,75,75,75,75,75,75,75,75,75,75,75,75,75,75,75,75],"card_choices":[{"not_picked":["Barrage","Ball Lightning"],"picked":"Fusion","floor":1},{"not_picked":["Hologram","Streamline"],"picked":"Gash","floor":4},{"not_picked":["Stack","Undo","Beam Cell"],"picked":"SKIP","floor":6},{"not_picked":["Double Energy","Sweeping Beam","Defragment"],"picked":"SKIP","floor":7},{"not_picked":["Reinforced Body","Self Repair"],"picked":"Creative AI","floor":8},{"not_picked":["Streamline","Go for the Eyes"],"picked":"Coolheaded","floor":10},{"not_picked":["Turbo","Steam Power","Chill"],"picked":"SKIP","floor":11},{"not_picked":["Sunder","Hello World","Rip and Tear"],"picked":"SKIP","floor":14},{"not_picked":["Chaos","Beam Cell"],"picked":"Recycle+1","floor":18},{"not_picked":["Sweeping Beam","Coolheaded","Turbo"],"picked":"SKIP","floor":19}],"player_experience":292694,"relics_obtained":[{"floor":6,"key":"Bird Faced Urn"},{"floor":8,"key":"Ancient Tea Set"},{"floor":10,"key":"Odd Mushroom"}],"event_choices":[{"damage_healed":0,"gold_gain":75,"player_choice":"Gather Gold","damage_taken":11,"max_hp_gain":0,"max_hp_loss":0,"event_name":"World of Goop","floor":2,"gold_loss":0},{"cards_removed":["Dualcast"],"damage_healed":0,"gold_gain":0,"player_choice":"Offered Basic","damage_taken":0,"max_hp_gain":0,"max_hp_loss":0,"event_name":"Bonfire Elementals","floor":3,"gold_loss":0},{"damage_healed":0,"gold_gain":0,"player_choice":"Fought Mushrooms","damage_taken":0,"max_hp_gain":0,"max_hp_loss":0,"event_name":"Mushrooms","floor":10,"gold_loss":0},{"damage_healed":0,"gold_gain":0,"player_choice":"Traded Relic","damage_taken":0,"relics_obtained":["Nloth\u0027s Gift"],"max_hp_gain":0,"max_hp_loss":0,"event_name":"N\u0027loth","floor":20,"relics_lost":["NeowsBlessing"],"gold_loss":0}],"is_beta":false,"boss_relics":[{"not_picked":["Empty Cage","Runic Pyramid"],"picked":"Inserter"}],"items_purged_floors":[5],"is_endless":false,"potions_floor_spawned":[4,6,7,11,14],"killed_by":"Snecko","ascension_level":3}