{"gold_per_floor":[116,291,316,336,117,117,128,462,462,462,526,526,526,540,540,540],"floor_reached":16,"playtime":476,"items_purged":["Doubt"],"score":146,"play_id":"5eb7affc-95ba-4c6d-8885-321df9b03c8a","local_time":"20190428145028","is_ascension_mode":true,"campfire_choices":[{"data":"Gash","floor":6.0,"key":"SMITH"},{"floor":10.0,"key":"REST"},{"floor":12.0,"key":"REST"},{"floor":15.0,"key":"REST"}],"neow_cost":"PERCENT_DAMAGE","seed_source_timestamp":0,"circlet_count":0,"master_deck":["Strike_B","Defend_B","Defend_B","Defend_B","Defend_B","Zap","Dualcast","Gash+1","Gash","Beam Cell","Go for the Eyes"],"special_seed":0,"relics":["Cracked Core","Potion Belt","Bag of Preparation","Old Coin","The Courier","Tiny Chest"],"potions_floor_usage":[16,16,16],"damage_taken":[{"damage":4.0,"enemies":"Jaw Worm","floor":1.0,"turns":3.0},{"damage":1.0,"enemies":"Small Slimes","floor":4.0,"turns":6.0},{"damage":1.0,"enemies":"Cultist","floor":7.0,"turns":3.0},{"damage":31.0,"enemies":"Gremlin Nob","floor":8.0,"turns":4.0},{"damage":25.0,"enemies":"Lagavulin","floor":11.0,"turns":6.0},{"damage":0.0,"enemies":"Exordium Thugs","floor":14.0,"turns":3.0},{"damage":50,"enemies":"Slime Boss","floor":16,"turns":7}],"seed_played":"4554928560313283315","potions_obtained":[{"floor":4.0,"key":"SpeedPotion"},{"floor":7.0,"key":"Energy Potion"},{"floor":8.0,"key":"Fire Potion"},{"floor":11.0,"key":"Energy Potion"}],"is_trial":false,"path_per_floor":["M","?","T","M","$","R","M","E","T","R","E","R","?","M","R","B"],"character_chosen":"DEFECT","items_purchased":["Bag of Preparation"],"campfire_rested":3,"item_purchase_floors":[5],"current_hp_per_floor":[46,46,46,45,45,45,44,13,13,35,10,32,25,25,47,0],"gold":540,"neow_bonus":"REMOVE_TWO","is_prod":false,"is_daily":false,"chose_seed":false,"campfire_upgraded":1,"win_rate":0,"timestamp":1556455828,"path_taken":["M","?","?","M","$","R","M","E","T","R","E","R","?","M","R","BOSS"],"build_version":"2019-04-23","purchased_purges":1,"victory":false,"max_hp_per_floor":[75,75,75,75,75,75,75,75,75,75,75,75,75,75,75,75],"card_choices":[{"not_picked":["Cold Snap","Genetic Algorithm","Sweeping Beam"],"picked":"SKIP","floor":1.0},{"not_picked":["Glacier","FTL"],"picked":"Gash","floor":4.0},{"not_picked":["Redo","Loop"],"picked":"Gash","floor":7.0},{"not_picked":["White Noise","Stack"],"picked":"Beam Cell","floor":8.0},{"not_picked":["Melter","Storm","Genetic Algorithm"],"picked":"SKIP","floor":11.0},{"not_picked":["Defragment","Compile Driver"],"picked":"Go for the Eyes","floor":14.0}],"player_experience":523162,"relics_obtained":[{"floor":3.0,"key":"Potion Belt"},{"floor":8.0,"key":"Old Coin"},{"floor":9.0,"key":"The Courier"},{"floor":11.0,"key":"Tiny Chest"}],"event_choices":[{"damage_healed":0.0,"max_hp_gain":0.0,"max_hp_loss":0.0,"gold_gain":175.0,"event_name":"Liars Game","player_choice":"AGREE","floor":2.0,"gold_loss":0.0,"damage_taken":0.0,"cards_obtained":["Doubt"]},{"cards_removed":["Strike_B"],"damage_healed":0.0,"max_hp_gain":0.0,"max_hp_loss":0.0,"gold_gain":0.0,"event_name":"Golden Wing","player_choice":"Card Removal","floor":13.0,"gold_loss":0.0,"damage_taken":7.0}],"is_beta":true,"boss_relics":[],"items_purged_floors":[5],"is_endless":false,"potions_floor_spawned":[4,7,8,11],"killed_by":"Slime Boss","ascension_level":7}