{"gold_per_floor":[110,127,144,144,69,69,69,69,69,69,69,99,112,127,127,226,276,291,142,142,7,26,26,56,68,68,85,85,111,111,140,140,140],"floor_reached":33,"playtime":1654,"items_purged":["Regret"],"score":322,"play_id":"1df1ec38-606a-4fc4-8fe2-8d21e9921bb0","local_time":"20190810233004","is_ascension_mode":true,"campfire_choices":[{"data":"Uppercut","floor":6,"key":"SMITH"},{"floor":8,"key":"REST"},{"data":"Clothesline","floor":10,"key":"SMITH"},{"data":"Body Slam","floor":15,"key":"SMITH"},{"floor":23,"key":"REST"},{"floor":28,"key":"REST"},{"floor":32,"key":"REST"}],"neow_cost":"NONE","seed_source_timestamp":82488653111982,"circlet_count":0,"master_deck":["Strike_R","Strike_R","Strike_R","Strike_R","Strike_R","Defend_R","Defend_R","Defend_R","Defend_R","Bash+1","Uppercut+1","Clothesline+1","Body Slam+1","Shockwave+1","Exhume","Flame Barrier","Inflame","Whirlwind","True Grit+1","Shrug It Off","Demon Form","Pummel","Dual Wield","Pummel","Spot Weakness","Spot Weakness","Limit Break"],"relics":["Burning Blood","Red Skull","Champion Belt","Bronze Scales","Vajra","Tiny House","Mercury Hourglass","Ginger","Oddly Smooth Stone","Gremlin Horn"],"potions_floor_usage":[14,14,24,24,24,25,33,33],"damage_taken":[{"damage":7,"enemies":"Jaw Worm","floor":1,"turns":5},{"damage":6,"enemies":"Small Slimes","floor":2,"turns":4},{"damage":2,"enemies":"2 Louse","floor":3,"turns":2},{"damage":0,"enemies":"Large Slime","floor":13,"turns":4},{"damage":0,"enemies":"Gremlin Gang","floor":14,"turns":1},{"damage":60,"enemies":"The Guardian","floor":16,"turns":12},{"damage":7,"enemies":"3 Byrds","floor":18,"turns":3},{"damage":36,"enemies":"2 Thieves","floor":22,"turns":5},{"damage":18,"enemies":"Book of Stabbing","floor":24,"turns":5},{"damage":19,"enemies":"Centurion and Healer","floor":25,"turns":8},{"damage":26,"enemies":"Snecko","floor":27,"turns":5},{"damage":33,"enemies":"Slavers","floor":29,"turns":5},{"damage":25,"enemies":"Book of Stabbing","floor":31,"turns":5},{"damage":42,"enemies":"Collector","floor":33,"turns":8}],"seed_played":"5535493011101316182","potions_obtained":[{"floor":1,"key":"Explosive Potion"},{"floor":13,"key":"Explosive Potion"},{"floor":16,"key":"FearPotion"},{"floor":17,"key":"Strength Potion"},{"floor":22,"key":"Strength Potion"},{"floor":24,"key":"Dexterity Potion"},{"floor":29,"key":"GamblersBrew"},{"floor":31,"key":"SneckoOil"}],"is_trial":false,"path_per_floor":["M","M","M","?","$","R","?","R","T","R","?","?","M","M","R","B",null,"M","$","?","$","M","R","E","M","T","M","R","E","?","E","R","B"],"character_chosen":"IRONCLAD","items_purchased":["Whirlwind","True Grit","Shrug It Off","Demon Form"],"campfire_rested":4,"item_purchase_floors":[19,19,19,21],"current_hp_per_floor":[79,79,80,80,80,80,80,80,80,80,68,68,74,80,80,26,85,84,84,84,84,54,79,67,54,54,34,59,32,32,13,38,0],"gold":140,"neow_bonus":"RANDOM_COMMON_RELIC","is_prod":false,"is_daily":false,"chose_seed":false,"campfire_upgraded":3,"win_rate":0,"timestamp":1565494204,"path_taken":["M","M","M","?","$","R","?","R","T","R","?","?","M","M","R","BOSS","M","$","?","$","M","R","E","?","T","M","R","E","?","E","R","BOSS"],"build_version":"2019-07-17","purchased_purges":1,"victory":false,"max_hp_per_floor":[80,80,80,80,80,80,80,80,80,80,80,80,80,80,80,80,85,85,85,85,85,85,85,85,85,85,85,85,85,85,85,85,85],"card_choices":[{"not_picked":["Rupture","Thunderclap"],"picked":"Uppercut","floor":1},{"not_picked":["Warcry","Sword Boomerang","Heavy Blade"],"picked":"SKIP","floor":2},{"not_picked":["Hemokinesis","Twin Strike"],"picked":"Clothesline","floor":3},{"not_picked":["Power Through","Sword Boomerang"],"picked":"Body Slam","floor":13},{"not_picked":["Clothesline","Rupture"],"picked":"Shockwave","floor":14},{"not_picked":["Juggernaut","Barricade"],"picked":"Exhume","floor":16},{"not_picked":["Clash","Body Slam"],"picked":"Flame Barrier","floor":17},{"not_picked":["Fire Breathing","Sword Boomerang+1"],"picked":"Inflame","floor":18},{"not_picked":["Iron Wave","Perfected Strike"],"picked":"Pummel","floor":22},{"not_picked":["Iron Wave","Body Slam"],"picked":"Dual Wield","floor":24},{"not_picked":["Sword Boomerang","Dropkick"],"picked":"Pummel","floor":25},{"not_picked":["Whirlwind","Second Wind"],"picked":"Spot Weakness","floor":27},{"not_picked":["Sever Soul","Headbutt"],"picked":"Spot Weakness","floor":29},{"not_picked":["Rage","Searing Blow"],"picked":"Limit Break","floor":31}],"player_experience":88545,"relics_obtained":[{"floor":9,"key":"Bronze Scales"},{"floor":24,"key":"Mercury Hourglass"},{"floor":26,"key":"Ginger"},{"floor":29,"key":"Oddly Smooth Stone"},{"floor":31,"key":"Gremlin Horn"}],"event_choices":[{"damage_healed":0,"gold_gain":0,"player_choice":"Box","damage_taken":0,"relics_obtained":["Champion Belt"],"max_hp_gain":0,"max_hp_loss":0,"event_name":"Big Fish","floor":4,"gold_loss":0,"cards_obtained":["Regret"]},{"damage_healed":0,"gold_gain":0,"player_choice":"Grow","damage_taken":0,"max_hp_gain":0,"max_hp_loss":0,"event_name":"Living Wall","floor":7,"gold_loss":0,"cards_upgraded":["Bash"]},{"damage_healed":0,"gold_gain":0,"player_choice":"Success","damage_taken":12,"relics_obtained":["Vajra"],"max_hp_gain":0,"max_hp_loss":0,"event_name":"Scrap Ooze","floor":11,"gold_loss":0},{"damage_healed":0,"gold_gain":30,"player_choice":"Searched \u00272\u0027 times","damage_taken":0,"max_hp_gain":0,"max_hp_loss":0,"event_name":"Dead Adventurer","floor":12,"gold_loss":0},{"damage_healed":0,"gold_gain":0,"player_choice":"Upgraded","damage_taken":0,"max_hp_gain":0,"max_hp_loss":0,"event_name":"Upgrade Shrine","floor":20,"gold_loss":0,"cards_upgraded":["True Grit"]},{"damage_healed":0,"gold_gain":0,"player_choice":"Ignored","damage_taken":0,"max_hp_gain":0,"max_hp_loss":0,"event_name":"N\u0027loth","floor":30,"gold_loss":0}],"is_beta":false,"boss_relics":[{"not_picked":["Busted Crown","Calling Bell"],"picked":"Tiny House"}],"items_purged_floors":[5],"is_endless":false,"potions_floor_spawned":[1,13,16,22,24,29,31],"killed_by":"Collector","ascension_level":2}