{"gold_per_floor":[211,228,245,258,61,94,94,128,174,97,97,122,122,140,140,239,239,251,267,35,47,47,47,81,81,81,81,81,8,8,8,8,8],"floor_reached":33,"playtime":1751,"items_purged":["Regret"],"score":271,"play_id":"3b740980-4bc6-4706-87aa-0d1440fa4ae9","local_time":"20190705200518","is_ascension_mode":false,"campfire_choices":[{"floor":7,"key":"REST"},{"data":"Searing Blow+2","floor":13,"key":"SMITH"},{"floor":15,"key":"REST"},{"floor":23,"key":"REST"},{"floor":25,"key":"REST"},{"data":"Searing Blow+3","floor":27,"key":"SMITH"},{"data":"Carnage","floor":32,"key":"SMITH"}],"neow_cost":"NONE","seed_source_timestamp":729119406492121,"circlet_count":0,"master_deck":["Strike_R","Strike_R","Strike_R","Strike_R","Defend_R","Defend_R","Defend_R","Defend_R","Bash","Carnage+1","Heavy Blade","Rampage","Battle Trance","Pommel Strike","Searing Blow+4","Dropkick+1","Twin Strike+1","Demon Form","Writhe","Shame","Disarm+1","Clash+1","Cleave+1","Inflame","Feed+1","Shockwave","Fire Breathing"],"relics":["Burning Blood","TheAbacus","Ancient Tea Set","Molten Egg 2","Strawberry","Odd Mushroom","Calling Bell","Juzu Bracelet","Sundial","Thread and Needle","Bag of Preparation","Potion Belt","Bird Faced Urn"],"potions_floor_usage":[6,12,24,24],"damage_taken":[{"damage":0,"enemies":"Small Slimes","floor":1,"turns":3},{"damage":11,"enemies":"Jaw Worm","floor":2,"turns":3},{"damage":1,"enemies":"Cultist","floor":3,"turns":3},{"damage":10,"enemies":"2 Fungi Beasts","floor":4,"turns":3},{"damage":37,"enemies":"Lagavulin","floor":6,"turns":6},{"damage":7,"enemies":"Gremlin Nob","floor":8,"turns":4},{"damage":22,"enemies":"The Mushroom Lair","floor":12,"turns":4},{"damage":8,"enemies":"Red Slaver","floor":14,"turns":2},{"damage":62,"enemies":"The Guardian","floor":16,"turns":10},{"damage":6,"enemies":"Chosen","floor":18,"turns":4},{"damage":29,"enemies":"Spheric Guardian","floor":19,"turns":5},{"damage":21,"enemies":"Snake Plant","floor":21,"turns":5},{"damage":47,"enemies":"Slavers","floor":24,"turns":6},{"damage":84,"enemies":"Collector","floor":33,"turns":7}],"seed_played":"4189546114753542871","potions_obtained":[{"floor":1,"key":"Block Potion"},{"floor":2,"key":"BloodPotion"},{"floor":3,"key":"EssenceOfSteel"},{"floor":4,"key":"Block Potion"},{"floor":18,"key":"Block Potion"}],"is_trial":false,"path_per_floor":["M","M","M","M","$","E","R","E","T","$","?","?","R","M","R","B",null,"M","M","$","M","?","R","E","R","T","R","?","$","?","$","R","B"],"character_chosen":"IRONCLAD","items_purchased":["TheAbacus","Dropkick+1","Bag of Preparation","Shockwave"],"campfire_rested":4,"item_purchase_floors":[5,10,20,29],"current_hp_per_floor":[80,75,80,76,76,65,80,79,86,86,86,70,70,68,87,31,87,87,64,64,49,49,75,34,60,60,60,60,60,60,60,60,0],"gold":8,"neow_bonus":"HUNDRED_GOLD","is_prod":false,"is_daily":false,"chose_seed":false,"campfire_upgraded":3,"win_rate":0.0,"timestamp":1562353518,"path_taken":["M","M","M","M","$","E","R","E","T","$","?","?","R","M","R","BOSS","M","M","$","M","?","R","E","R","T","R","?","$","?","?","R","BOSS"],"build_version":"2019-07-01","purchased_purges":1,"victory":false,"max_hp_per_floor":[80,80,80,80,80,80,80,80,87,87,87,87,87,87,87,87,87,87,87,87,87,87,87,87,87,87,87,87,87,87,87,87,87],"card_choices":[{"not_picked":["Metallicize","Perfected Strike"],"picked":"Carnage","floor":1},{"not_picked":["Iron Wave","Wild Strike"],"picked":"Heavy Blade","floor":2},{"not_picked":["Blood for Blood","Combust"],"picked":"Rampage","floor":3},{"not_picked":["Shrug It Off","Dual Wield"],"picked":"Battle Trance","floor":4},{"not_picked":["Thunderclap","True Grit"],"picked":"Pommel Strike","floor":6},{"not_picked":["Twin Strike","Flex"],"picked":"Searing Blow","floor":8},{"not_picked":["Brutality","Armaments"],"picked":"Twin Strike+1","floor":14},{"not_picked":["Barricade","Berserk"],"picked":"Demon Form","floor":16},{"not_picked":["Burning Pact","Perfected Strike+1"],"picked":"Disarm+1","floor":18},{"not_picked":["Iron Wave+1","Hemokinesis+1"],"picked":"Clash+1","floor":19},{"not_picked":["Pommel Strike+1","Heavy Blade+1"],"picked":"Cleave+1","floor":21},{"not_picked":["Disarm","Power Through"],"picked":"Feed+1","floor":24}],"player_experience":22574,"relics_obtained":[{"floor":6,"key":"Ancient Tea Set"},{"floor":8,"key":"Molten Egg 2"},{"floor":9,"key":"Strawberry"},{"floor":12,"key":"Odd Mushroom"},{"floor":17,"key":"Juzu Bracelet"},{"floor":17,"key":"Sundial"},{"floor":17,"key":"Thread and Needle"},{"floor":24,"key":"Potion Belt"},{"floor":26,"key":"Bird Faced Urn"}],"event_choices":[{"damage_healed":0,"gold_gain":0,"player_choice":"Grow","damage_taken":0,"max_hp_gain":0,"max_hp_loss":0,"event_name":"Living Wall","floor":11,"gold_loss":0,"cards_upgraded":["Searing Blow"]},{"damage_healed":0,"gold_gain":0,"player_choice":"Fought Mushrooms","damage_taken":0,"max_hp_gain":0,"max_hp_loss":0,"event_name":"Mushrooms","floor":12,"gold_loss":0},{"damage_healed":0,"gold_gain":0,"player_choice":"Read","damage_taken":0,"max_hp_gain":0,"max_hp_loss":0,"event_name":"The Library","floor":22,"gold_loss":0,"cards_obtained":["Inflame"]},{"damage_healed":0,"gold_gain":0,"player_choice":"Ignored","damage_taken":0,"max_hp_gain":0,"max_hp_loss":0,"event_name":"Vampires","floor":28,"gold_loss":0},{"damage_healed":0,"gold_gain":0,"cards_transformed":["Strike_R"],"player_choice":"Transformed","damage_taken":0,"max_hp_gain":0,"max_hp_loss":0,"event_name":"Transmorgrifier","floor":30,"gold_loss":0,"cards_obtained":["Fire Breathing"]}],"is_beta":false,"boss_relics":[{"not_picked":["Eternal Feather","Snecko Eye"],"picked":"Calling Bell"}],"items_purged_floors":[20],"is_endless":false,"potions_floor_spawned":[1,2,3,4,18],"killed_by":"Collector","ascension_level":0}