{"gold_per_floor":[14,31,41,41,52,87,87,115,195,195,195],"floor_reached":11,"playtime":632,"items_purged":[],"score":95,"play_id":"91ec7d57-8d7e-4e54-b26e-87f5375934f4","local_time":"20181223014136","is_ascension_mode":true,"campfire_choices":[{"data":"Limit Break","floor":7,"key":"SMITH"},{"data":"Flex","floor":10,"key":"SMITH"}],"neow_cost":"NO_GOLD","seed_source_timestamp":105997824759964,"circlet_count":0,"master_deck":["Strike_R","Strike_R","Strike_R","Strike_R","Strike_R","Defend_R","Defend_R","Defend_R","Defend_R","Bash","Limit Break+1","Demon Form","Impervious","Flex+1","Whirlwind"],"relics":["Burning Blood","Kunai","Magic Flower"],"potions_floor_usage":[6,11],"damage_taken":[{"damage":0,"enemies":"Small Slimes","floor":1,"turns":3},{"damage":6,"enemies":"Cultist","floor":2,"turns":3},{"damage":0,"enemies":"2 Louse","floor":3,"turns":3},{"damage":28,"enemies":"Lots of Slimes","floor":5,"turns":6},{"damage":25,"enemies":"Gremlin Nob","floor":6,"turns":6},{"damage":10,"enemies":"Lagavulin","floor":8,"turns":6},{"damage":60,"enemies":"Gremlin Nob","floor":11,"turns":5}],"seed_played":"2968463781912955037","potions_obtained":[{"floor":1,"key":"EssenceOfSteel"},{"floor":6,"key":"Explosive Potion"},{"floor":8,"key":"Weak Potion"}],"is_trial":false,"path_per_floor":["M","M","M","?","M","E","R","E","T","R","E"],"character_chosen":"IRONCLAD","items_purchased":[],"campfire_rested":0,"item_purchase_floors":[],"current_hp_per_floor":[80,80,80,80,58,39,39,35,35,35,0],"gold":195,"neow_bonus":"THREE_RARE_CARDS","is_prod":false,"is_daily":false,"chose_seed":false,"campfire_upgraded":2,"win_rate":0,"timestamp":1545554496,"path_taken":["M","M","M","?","?","E","R","E","T","R","E"],"build_version":"2018-12-20","purchased_purges":0,"victory":false,"max_hp_per_floor":[80,80,80,80,80,80,80,80,80,80,80],"card_choices":[{"not_picked":["Offering","Feed"],"picked":"Limit Break","floor":0},{"not_picked":["Pummel","Wild Strike","Clash"],"picked":"SKIP","floor":1},{"not_picked":["Corruption","Heavy Blade"],"picked":"Demon Form","floor":2},{"not_picked":["Body Slam","Clash","Iron Wave"],"picked":"SKIP","floor":3},{"not_picked":["Infernal Blade","Corruption","Havoc"],"picked":"SKIP","floor":5},{"not_picked":["Wild Strike","Inflame"],"picked":"Flex","floor":6},{"not_picked":["Perfected Strike","Anger"],"picked":"Whirlwind","floor":8}],"player_experience":178464,"relics_obtained":[{"floor":6,"key":"Kunai"},{"floor":8,"key":"Magic Flower"}],"event_choices":[{"damage_healed":0,"gold_gain":0,"player_choice":"1 cards matched","damage_taken":0,"max_hp_gain":0,"max_hp_loss":0,"event_name":"Match and Keep!","floor":4,"gold_loss":0,"cards_obtained":["Impervious"]}],"is_beta":false,"boss_relics":[],"items_purged_floors":[],"is_endless":false,"potions_floor_spawned":[1,6,8],"killed_by":"Gremlin Nob","ascension_level":3}