{"gold_per_floor":[359,534,534,204,222,241,241,266,266,24,38,38],"floor_reached":12,"playtime":560,"items_purged":["Doubt"],"score":84,"play_id":"dd45c0ff-b107-4dcc-8197-005040f58684","local_time":"20190104230214","is_ascension_mode":true,"campfire_choices":[],"neow_cost":"PERCENT_DAMAGE","seed_source_timestamp":12118555087479,"circlet_count":0,"master_deck":["Strike_R","Strike_R","Strike_R","Strike_R+1","Strike_R","Defend_R","Defend_R","Defend_R","Defend_R","Bash","Searing Blow+1","Armaments","Havoc","Havoc"],"relics":["Burning Blood","Golden Idol","Frozen Eye","Kunai","Sundial"],"potions_floor_usage":[11,11],"damage_taken":[{"damage":6,"enemies":"Cultist","floor":1,"turns":3},{"damage":0,"enemies":"Small Slimes","floor":5,"turns":4},{"damage":1,"enemies":"2 Louse","floor":6,"turns":3},{"damage":6,"enemies":"2 Fungi Beasts","floor":8,"turns":4},{"damage":11,"enemies":"Exordium Thugs","floor":11,"turns":4},{"damage":29,"enemies":"Gremlin Nob","floor":12,"turns":3}],"seed_played":"6547738188551758902","potions_obtained":[{"floor":5,"key":"SkillPotion"},{"floor":8,"key":"Block Potion"}],"is_trial":false,"path_per_floor":["M","?","?","$","M","M","?","M","T","$","M","E"],"character_chosen":"IRONCLAD","items_purchased":["Armaments","Frozen Eye","Sundial"],"campfire_rested":0,"item_purchase_floors":[4,4,10],"current_hp_per_floor":[56,56,36,36,42,47,31,31,31,31,26,0],"gold":38,"neow_bonus":"TWO_FIFTY_GOLD","is_prod":false,"is_daily":false,"chose_seed":false,"campfire_upgraded":0,"win_rate":0,"timestamp":1546668134,"path_taken":["M","?","?","$","M","M","?","M","T","$","M","E"],"build_version":"2019-01-03v4","purchased_purges":1,"victory":false,"max_hp_per_floor":[80,80,80,80,80,80,80,80,80,80,80,80],"card_choices":[{"not_picked":["Perfected Strike","Warcry"],"picked":"Searing Blow","floor":1},{"not_picked":["Heavy Blade","Iron Wave","Shrug It Off"],"picked":"SKIP","floor":5},{"not_picked":["Shrug It Off","Rupture","Sever Soul"],"picked":"SKIP","floor":6},{"not_picked":["Wild Strike","Pommel Strike"],"picked":"Havoc","floor":8},{"not_picked":["Burning Pact","Clothesline"],"picked":"Havoc","floor":11}],"player_experience":247804,"relics_obtained":[{"floor":9,"key":"Kunai"}],"event_choices":[{"damage_healed":0,"gold_gain":175,"player_choice":"AGREE","damage_taken":0,"max_hp_gain":0,"max_hp_loss":0,"event_name":"Liars Game","floor":2,"gold_loss":0,"cards_obtained":["Doubt"]},{"damage_healed":0,"gold_gain":0,"player_choice":"Take Damage","damage_taken":20,"relics_obtained":["Golden Idol"],"max_hp_gain":0,"max_hp_loss":0,"event_name":"Golden Idol","floor":3,"gold_loss":0},{"damage_healed":0,"gold_gain":0,"player_choice":"Entered Light","damage_taken":16,"max_hp_gain":0,"max_hp_loss":0,"event_name":"Shining Light","floor":7,"gold_loss":0,"cards_upgraded":["Searing Blow","Strike_R"]}],"is_beta":false,"boss_relics":[],"items_purged_floors":[4],"is_endless":false,"potions_floor_spawned":[5,8],"killed_by":"Gremlin Nob","ascension_level":4}