{"gold_per_floor":[109,119,138,138,159,200,200,239,266,266,282,43,74,88,88,88],"floor_reached":16,"playtime":1220,"items_purged":["Strike_R"],"score":128,"play_id":"1c30448c-e27b-495f-abf5-38026c7ef151","local_time":"20190812205830","is_ascension_mode":true,"campfire_choices":[{"floor":7,"key":"RECALL"},{"data":"Whirlwind","floor":15,"key":"SMITH"}],"neow_cost":"NONE","seed_source_timestamp":135728926770964,"circlet_count":0,"master_deck":["Strike_R","Strike_R","Strike_R+1","Defend_R","Defend_R","Defend_R","Defend_R","Bash","Thunderclap","Evolve","Cleave","Heavy Blade","Twin Strike+1","Whirlwind+1","Double Tap"],"special_seed":0,"relics":["Burning Blood","Golden Idol","Paper Frog","Smiling Mask","Whetstone","Potion Belt"],"potions_floor_usage":[6,11,13],"damage_taken":[{"damage":7.0,"enemies":"2 Louse","floor":1.0,"turns":3.0},{"damage":9.0,"enemies":"Jaw Worm","floor":2.0,"turns":6.0},{"damage":5.0,"enemies":"Cultist","floor":3.0,"turns":4.0},{"damage":5.0,"enemies":"2 Fungi Beasts","floor":5.0,"turns":4.0},{"damage":35,"enemies":"Lagavulin","floor":6,"turns":10},{"damage":16,"enemies":"Gremlin Nob","floor":8,"turns":3},{"damage":0,"enemies":"Exordium Thugs","floor":11,"turns":2},{"damage":22,"enemies":"3 Sentries","floor":13,"turns":4},{"damage":18,"enemies":"Large Slime","floor":14,"turns":4},{"damage":39,"enemies":"The Guardian","floor":16,"turns":4}],"seed_played":"8848165190098242582","potions_obtained":[{"floor":2.0,"key":"Explosive Potion"},{"floor":3.0,"key":"FearPotion"},{"floor":5.0,"key":"Weak Potion"},{"floor":6,"key":"Explosive Potion"}],"is_trial":false,"path_per_floor":["M","M","M","?","M","E","R","E","T","?","M","$","E","M","R","B"],"character_chosen":"IRONCLAD","items_purchased":["Whirlwind","Whetstone"],"campfire_rested":0,"item_purchase_floors":[12,12],"current_hp_per_floor":[79,76,77,74,74,45,45,35,35,59,65,65,49,37,37,0],"gold":88,"neow_bonus":"TRANSFORM_CARD","is_prod":false,"is_daily":false,"chose_seed":false,"campfire_upgraded":1,"win_rate":0,"timestamp":1565661510,"path_taken":["M","M","M","?","M","E","R","E","T","?","M","$","E","M","R","BOSS"],"build_version":"2019-07-17","purchased_purges":1,"victory":false,"max_hp_per_floor":[80,80,80,74,74,74,74,74,74,74,74,74,74,74,74,74],"card_choices":[{"not_picked":["Flex","Anger","Flame Barrier"],"picked":"SKIP","floor":1.0},{"not_picked":["Evolve","Armaments","Clash"],"picked":"SKIP","floor":2.0},{"not_picked":["Intimidate","Corruption"],"picked":"Evolve","floor":3.0},{"not_picked":["Twin Strike","Clothesline"],"picked":"Cleave","floor":5.0},{"not_picked":["Evolve","Dark Embrace"],"picked":"Heavy Blade","floor":6},{"not_picked":["Warcry","Immolate"],"picked":"Twin Strike","floor":8},{"not_picked":["Heavy Blade","Flex","Reckless Charge"],"picked":"SKIP","floor":11},{"not_picked":["Sentinel","Anger","Body Slam"],"picked":"SKIP","floor":13},{"not_picked":["Seeing Red","Inflame"],"picked":"Double Tap","floor":14}],"player_experience":87172,"relics_obtained":[{"floor":6,"key":"Paper Frog"},{"floor":8,"key":"Smiling Mask"},{"floor":13,"key":"Potion Belt"}],"event_choices":[{"damage_healed":0.0,"max_hp_gain":0.0,"max_hp_loss":6.0,"gold_gain":0.0,"event_name":"Golden Idol","player_choice":"Lose Max HP","floor":4.0,"gold_loss":0.0,"damage_taken":0.0,"relics_obtained":["Golden Idol"]},{"damage_healed":24,"gold_gain":0,"player_choice":"Banana","damage_taken":0,"max_hp_gain":0,"max_hp_loss":0,"event_name":"Big Fish","floor":10,"gold_loss":0}],"is_beta":false,"boss_relics":[],"items_purged_floors":[12],"is_endless":false,"potions_floor_spawned":[2,3,5,6],"killed_by":"The Guardian","ascension_level":1}