{"gold_per_floor":[111,111,111,125,135,170,170,196,220,220,237,28,54,74,74,74],"floor_reached":16,"playtime":765,"items_purged":[],"score":192,"play_id":"c90ffd5c-e33b-4b63-8142-875c3344b8b8","local_time":"20190505144255","is_ascension_mode":true,"campfire_choices":[{"data":"Armaments","floor":10,"key":"SMITH"},{"floor":15,"key":"REST"}],"neow_cost":"NONE","seed_source_timestamp":461709475633426,"circlet_count":0,"master_deck":["AscendersBane","Strike_R","Strike_R","Strike_R","Strike_R","Defend_R","Defend_R","Defend_R","Defend_R","Bash","Dropkick","Clothesline","Pommel Strike","Cleave","Armaments+1","Pommel Strike","Dropkick"],"relics":["Burning Blood","NeowsBlessing","Charon\u0027s Ashes","Letter Opener","Happy Flower","Bag of Preparation","PrismaticShard","Juzu Bracelet"],"potions_floor_usage":[6,8,14],"damage_taken":[{"damage":0,"enemies":"Small Slimes","floor":1,"turns":1},{"damage":0,"enemies":"Cultist","floor":4,"turns":1},{"damage":0,"enemies":"Jaw Worm","floor":5,"turns":1},{"damage":30,"enemies":"Lagavulin","floor":6,"turns":6},{"damage":26,"enemies":"Gremlin Nob","floor":8,"turns":4},{"damage":3,"enemies":"2 Fungi Beasts","floor":11,"turns":4},{"damage":32,"enemies":"3 Sentries","floor":13,"turns":5},{"damage":0,"enemies":"Gremlin Gang","floor":14,"turns":6},{"damage":45,"enemies":"Hexaghost","floor":16,"turns":11}],"seed_played":"-5644481973398114575","potions_obtained":[{"floor":4,"key":"Energy Potion"},{"floor":6,"key":"Weak Potion"},{"floor":8,"key":"SkillPotion"}],"is_trial":false,"path_per_floor":["M","?","?","M","M","E","T","E","T","R","M","$","E","M","R","B"],"character_chosen":"IRONCLAD","items_purchased":["PrismaticShard"],"campfire_rested":1,"item_purchase_floors":[12],"current_hp_per_floor":[78,71,71,77,80,56,56,36,36,36,39,39,13,19,43,0],"gold":74,"neow_bonus":"THREE_ENEMY_KILL","is_prod":false,"is_daily":false,"chose_seed":false,"campfire_upgraded":1,"win_rate":0,"timestamp":1557092575,"path_taken":["M","?","?","?","M","E","?","E","T","R","M","$","E","M","R","BOSS"],"build_version":"2019-01-23","purchased_purges":0,"victory":false,"max_hp_per_floor":[80,80,80,80,80,80,80,80,80,80,80,80,80,80,80,80],"card_choices":[{"not_picked":["Body Slam","Sentinel"],"picked":"Dropkick","floor":1},{"not_picked":["Anger","Wild Strike"],"picked":"Pommel Strike","floor":4},{"not_picked":["Flex","Carnage"],"picked":"Cleave","floor":5},{"not_picked":["Rage","Wild Strike"],"picked":"Armaments","floor":6},{"not_picked":["Heavy Blade","Clash"],"picked":"Pommel Strike","floor":8},{"not_picked":["Havoc","Intimidate"],"picked":"Dropkick","floor":11},{"not_picked":["Riddle With Holes","Catalyst","Reflex"],"picked":"SKIP","floor":13},{"not_picked":["Anger","A Thousand Cuts","Turbo"],"picked":"SKIP","floor":14}],"player_experience":672536,"relics_obtained":[{"floor":6,"key":"Charon\u0027s Ashes"},{"floor":7,"key":"Letter Opener"},{"floor":8,"key":"Happy Flower"},{"floor":9,"key":"Bag of Preparation"},{"floor":13,"key":"Juzu Bracelet"}],"event_choices":[{"cards_removed":["Strike_R"],"damage_healed":0,"gold_gain":0,"player_choice":"Card Removal","damage_taken":7,"max_hp_gain":0,"max_hp_loss":0,"event_name":"Golden Wing","floor":2,"gold_loss":0},{"damage_healed":0,"gold_gain":0,"player_choice":"1 cards matched","damage_taken":0,"max_hp_gain":0,"max_hp_loss":0,"event_name":"Match and Keep!","floor":3,"gold_loss":0,"cards_obtained":["Clothesline"]}],"is_beta":false,"boss_relics":[],"items_purged_floors":[],"is_endless":false,"potions_floor_spawned":[4,6,8],"killed_by":"Hexaghost","ascension_level":12}