{"gold_per_floor":[17,35,51,64,75,75,100,100,126,126,126,126,153,165,165,260,260,271,271,290,205,205,205,236,254,303,340,352,9,9,9,9,112,112,122,142,67,80,97,97,131,131,179,179,189,199,199,247,247,247],"floor_reached":51,"playtime":2687,"items_purged":["Rupture"],"score":894,"play_id":"a796b1a1-5f47-451d-85f2-316045747ed3","local_time":"20190222231218","is_ascension_mode":true,"campfire_choices":[{"data":"Searing Blow","floor":6,"key":"SMITH"},{"data":"Searing Blow+1","floor":8,"key":"SMITH"},{"data":"Searing Blow+2","floor":12,"key":"SMITH"},{"data":"Searing Blow+3","floor":15,"key":"SMITH"},{"floor":23,"key":"REST"},{"data":"Searing Blow+4","floor":28,"key":"SMITH"},{"data":"Whirlwind","floor":30,"key":"SMITH"},{"floor":32,"key":"REST"},{"data":"Searing Blow+5","floor":40,"key":"SMITH"},{"data":"Searing Blow+6","floor":42,"key":"SMITH"},{"floor":49,"key":"REST"}],"neow_cost":"NO_GOLD","seed_source_timestamp":180105170348487,"circlet_count":0,"master_deck":["Bash","Juggernaut","Shrug It Off","Rampage","True Grit","Searing Blow+7","Body Slam","Reaper","Offering","Pommel Strike","Armaments","Body Slam","Berserk","Flame Barrier","Whirlwind+1","Rage+1","Impervious","Pommel Strike+1","Impervious","Dual Wield+1","True Grit+1","Madness","Madness"],"relics":["Burning Blood","Happy Flower","Red Skull","Pandora\u0027s Box","Regal Pillow","Bag of Preparation","MawBank","Omamori","Chemical X","Vajra","Necronomicon","Mark of Pain","Dodecahedron","Boot","Oddly Smooth Stone"],"potions_floor_usage":[7,7,24,24,41,50],"damage_taken":[{"damage":12,"enemies":"Jaw Worm","floor":1,"turns":4},{"damage":6,"enemies":"Small Slimes","floor":2,"turns":4},{"damage":11,"enemies":"2 Louse","floor":3,"turns":3},{"damage":6,"enemies":"Blue Slaver","floor":4,"turns":4},{"damage":4,"enemies":"Large Slime","floor":5,"turns":7},{"damage":18,"enemies":"Lagavulin","floor":7,"turns":6},{"damage":19,"enemies":"Gremlin Nob","floor":13,"turns":4},{"damage":0,"enemies":"Exordium Wildlife","floor":14,"turns":4},{"damage":58,"enemies":"The Guardian","floor":16,"turns":9},{"damage":31,"enemies":"Spheric Guardian","floor":18,"turns":4},{"damage":21,"enemies":"2 Thieves","floor":20,"turns":4},{"damage":26,"enemies":"Slavers","floor":24,"turns":3},{"damage":16,"enemies":"Cultist and Chosen","floor":25,"turns":4},{"damage":38,"enemies":"Gremlin Leader","floor":27,"turns":6},{"damage":53,"enemies":"Automaton","floor":33,"turns":6},{"damage":6,"enemies":"3 Darklings","floor":35,"turns":3},{"damage":3,"enemies":"3 Shapes","floor":36,"turns":3},{"damage":0,"enemies":"Spire Growth","floor":38,"turns":2},{"damage":13,"enemies":"Maw","floor":39,"turns":5},{"damage":43,"enemies":"Nemesis","floor":41,"turns":5},{"damage":6,"enemies":"Writhing Mass","floor":45,"turns":2},{"damage":7,"enemies":"Sphere and 2 Shapes","floor":46,"turns":2},{"damage":60,"enemies":"Donu and Deca","floor":50,"turns":4}],"seed_played":"5209363048570684617","potions_obtained":[{"floor":2,"key":"AttackPotion"},{"floor":4,"key":"Weak Potion"},{"floor":5,"key":"SteroidPotion"},{"floor":7,"key":"Explosive Potion"},{"floor":13,"key":"LiquidBronze"},{"floor":16,"key":"Explosive Potion"},{"floor":20,"key":"AttackPotion"},{"floor":27,"key":"SneckoOil"},{"floor":33,"key":"GamblersBrew"},{"floor":36,"key":"Dexterity Potion"},{"floor":41,"key":"PowerPotion"}],"is_trial":false,"path_per_floor":["M","M","M","M","M","R","E","R","T","?","?","R","E","M","R","B",null,"M","?","M","?","?","R","E","M","T","E","R","$","R","?","R","B",null,"M","M","$","M","M","R","E","R","T","?","M","M","?","T","R","B",null],"character_chosen":"IRONCLAD","items_purchased":["Chemical X","Vajra"],"campfire_rested":3,"item_purchase_floors":[29,29],"current_hp_per_floor":[74,74,69,69,71,71,59,59,59,59,80,80,67,73,73,21,65,40,40,25,25,10,50,43,47,47,43,43,43,43,27,67,20,69,85,85,85,85,78,78,41,41,41,41,41,40,29,29,69,15],"gold":247,"neow_bonus":"THREE_RARE_CARDS","is_prod":false,"is_daily":false,"chose_seed":false,"campfire_upgraded":8,"win_rate":0,"timestamp":1550902338,"path_taken":["M","M","M","M","M","R","E","R","T","?","?","R","E","M","R","BOSS","M","?","M","?","?","R","E","?","T","E","R","?","R","?","R","BOSS","M","M","$","M","M","R","E","R","T","?","M","?","?","?","R","BOSS"],"build_version":"2019-01-23","purchased_purges":1,"victory":true,"max_hp_per_floor":[80,80,80,80,80,80,80,80,80,80,80,80,80,80,80,80,80,80,80,80,80,85,85,85,85,85,85,85,85,85,85,85,85,85,85,85,85,85,85,85,85,85,85,85,85,85,85,85,85,85],"card_choices":[{"not_picked":["Immolate","Bludgeon"],"picked":"Juggernaut","floor":0},{"not_picked":["Pommel Strike","Anger"],"picked":"Shrug It Off","floor":1},{"not_picked":["Flame Barrier","Hemokinesis"],"picked":"Rampage","floor":2},{"not_picked":["Power Through","Pummel","Rampage"],"picked":"SKIP","floor":3},{"not_picked":["Perfected Strike","Headbutt"],"picked":"True Grit","floor":4},{"not_picked":["Dual Wield","Thunderclap"],"picked":"Searing Blow","floor":5},{"not_picked":["Feel No Pain","Twin Strike"],"picked":"Body Slam","floor":7},{"not_picked":["Rampage","Searing Blow","Feel No Pain"],"picked":"SKIP","floor":13},{"not_picked":["Wild Strike","Bludgeon","Pommel Strike"],"picked":"SKIP","floor":14},{"not_picked":["Immolate","Impervious"],"picked":"Reaper","floor":16},{"not_picked":["Intimidate+1","Sword Boomerang","Clothesline"],"picked":"SKIP","floor":18},{"not_picked":["Wild Strike","Body Slam"],"picked":"Rage+1","floor":20},{"not_picked":["Anger","Wild Strike"],"picked":"Impervious","floor":24},{"not_picked":["Anger","Body Slam+1"],"picked":"Pommel Strike+1","floor":25},{"not_picked":["Pommel Strike","Shrug It Off","Whirlwind"],"picked":"SKIP","floor":27},{"not_picked":["Barricade","Juggernaut"],"picked":"Impervious","floor":33},{"not_picked":["Ghostly Armor+1","Warcry","Sword Boomerang"],"picked":"SKIP","floor":35},{"not_picked":["Evolve","Heavy Blade","Clothesline+1"],"picked":"SKIP","floor":36},{"not_picked":["Headbutt+1","Twin Strike+1","Clash+1"],"picked":"SKIP","floor":38},{"not_picked":["Iron Wave","Twin Strike+1","Headbutt"],"picked":"SKIP","floor":39},{"not_picked":["Inflame+1","Warcry","Body Slam"],"picked":"SKIP","floor":41},{"not_picked":["Spot Weakness","True Grit+1"],"picked":"Dual Wield+1","floor":45},{"not_picked":["Rage+1","Clothesline+1"],"picked":"True Grit+1","floor":46}],"player_experience":413844,"relics_obtained":[{"floor":7,"key":"Happy Flower"},{"floor":13,"key":"Red Skull"},{"floor":24,"key":"Bag of Preparation"},{"floor":26,"key":"MawBank"},{"floor":27,"key":"Omamori"},{"floor":31,"key":"Necronomicon"},{"floor":41,"key":"Dodecahedron"},{"floor":43,"key":"Boot"},{"floor":48,"key":"Oddly Smooth Stone"}],"event_choices":[{"damage_healed":0,"gold_gain":0,"player_choice":"Ignored","damage_taken":0,"max_hp_gain":0,"max_hp_loss":0,"event_name":"Liars Game","floor":10,"gold_loss":0},{"damage_healed":26,"gold_gain":0,"player_choice":"Banana","damage_taken":0,"max_hp_gain":0,"max_hp_loss":0,"event_name":"Big Fish","floor":11,"gold_loss":0},{"cards_removed":["Limit Break"],"damage_healed":0,"gold_gain":0,"player_choice":"Elegance","damage_taken":0,"max_hp_gain":0,"max_hp_loss":0,"event_name":"Back to Basics","floor":19,"gold_loss":0},{"damage_healed":0,"gold_gain":0,"player_choice":"Obtained Relic","damage_taken":0,"relics_obtained":["Regal Pillow"],"max_hp_gain":0,"max_hp_loss":0,"event_name":"Addict","floor":21,"gold_loss":85},{"damage_healed":0,"gold_gain":0,"player_choice":"Shed Blood","damage_taken":20,"max_hp_gain":5,"max_hp_loss":0,"event_name":"Forgotten Altar","floor":22,"gold_loss":0},{"damage_healed":0,"gold_gain":0,"player_choice":"Obtained Book","damage_taken":16,"max_hp_gain":0,"max_hp_loss":0,"event_name":"Cursed Tome","floor":31,"gold_loss":0},{"damage_healed":0,"gold_gain":0,"player_choice":"Ignored","damage_taken":0,"max_hp_gain":0,"max_hp_loss":0,"event_name":"SecretPortal","floor":44,"gold_loss":0},{"damage_healed":0,"gold_gain":0,"player_choice":"Embrace Madness","damage_taken":11,"max_hp_gain":0,"max_hp_loss":0,"event_name":"Winding Halls","floor":47,"gold_loss":0,"cards_obtained":["Madness","Madness"]}],"is_beta":false,"boss_relics":[{"not_picked":["Velvet Choker","Runic Pyramid"],"picked":"Pandora\u0027s Box"},{"not_picked":["Eternal Feather","Runic Dome"],"picked":"Mark of Pain"}],"items_purged_floors":[37],"is_endless":false,"potions_floor_spawned":[2,4,5,7,13,16,20,27,33,36,38,41,46],"ascension_level":5}