{"gold_per_floor":[112,131,151,53,69,69,69,94,94,122,12,27,27,56,56,158,158,176,176,27,39,55,55],"floor_reached":23,"playtime":1518,"items_purged":["Strike_B","Strike_B"],"score":262,"play_id":"57855e1a-5b77-4637-8f66-3ac4de34e4a0","local_time":"20190317121032","is_ascension_mode":true,"campfire_choices":[{"floor":6,"key":"REST"},{"floor":13,"key":"REST"},{"floor":15,"key":"RECALL"}],"neow_cost":"NONE","seed_source_timestamp":306262312552352,"circlet_count":0,"master_deck":["Strike_B","Strike_B","Defend_B","Defend_B","Defend_B","Defend_B","Zap","Dualcast","Coolheaded","Tempest","Coolheaded","Flash of Steel","Streamline","Core Surge","Compile Driver","Conserve Battery","Loop","Loop","Creative AI","Glacier+1","Consume","Redo","Steam"],"relics":["Black Star","Pen Nib","Symbiotic Virus","MawBank","Gremlin Horn","Pantograph","Velvet Choker"],"potions_floor_usage":[8,16,16,21,22,23],"damage_taken":[{"damage":9,"enemies":"Small Slimes","floor":1,"turns":4},{"damage":3,"enemies":"Cultist","floor":2,"turns":4},{"damage":2,"enemies":"Jaw Worm","floor":3,"turns":4},{"damage":31,"enemies":"3 Louse","floor":5,"turns":3},{"damage":28,"enemies":"Gremlin Nob","floor":8,"turns":4},{"damage":7,"enemies":"Red Slaver","floor":10,"turns":3},{"damage":5,"enemies":"2 Fungi Beasts","floor":12,"turns":3},{"damage":16,"enemies":"Lagavulin","floor":14,"turns":5},{"damage":39,"enemies":"The Guardian","floor":16,"turns":7},{"damage":17,"enemies":"Shell Parasite","floor":18,"turns":5},{"damage":33,"enemies":"3 Byrds","floor":21,"turns":5},{"damage":20,"enemies":"Snake Plant","floor":22,"turns":4},{"damage":7,"enemies":"Slavers","floor":23,"turns":1}],"seed_played":"11279576435768582","potions_obtained":[{"floor":7,"key":"Swift Potion"},{"floor":7,"key":"Regen Potion"},{"floor":7,"key":"Ancient Potion"},{"floor":8,"key":"EssenceOfSteel"},{"floor":10,"key":"PowerPotion"},{"floor":14,"key":"SneckoOil"},{"floor":18,"key":"SkillPotion"},{"floor":21,"key":"Explosive Potion"}],"is_trial":false,"path_per_floor":["M","M","M","$","M","R","?","E","T","M","$","M","R","E","R","B",null,"M","?","$","M","M","E"],"character_chosen":"DEFECT","items_purchased":["Flash of Steel","Conserve Battery","Redo"],"campfire_rested":2,"item_purchase_floors":[4,11,20],"current_hp_per_floor":[66,63,61,61,30,52,52,33,33,26,26,21,43,27,27,13,75,58,58,58,25,5,0],"gold":55,"neow_bonus":"BOSS_RELIC","is_prod":false,"is_daily":false,"chose_seed":false,"campfire_upgraded":0,"win_rate":0,"timestamp":1552846232,"path_taken":["M","M","M","$","M","R","?","E","T","M","?","M","R","E","R","BOSS","M","?","$","M","M","E"],"build_version":"2019-01-23","purchased_purges":2,"victory":false,"max_hp_per_floor":[75,75,75,75,75,75,75,75,75,75,75,75,75,75,75,75,75,75,75,75,75,75,75],"card_choices":[{"not_picked":["Turbo","Beam Cell"],"picked":"Coolheaded","floor":1},{"not_picked":["Sweeping Beam","Leap"],"picked":"Tempest","floor":2},{"not_picked":["Streamline","Sweeping Beam"],"picked":"Coolheaded","floor":3},{"not_picked":["Rebound","Sweeping Beam"],"picked":"Streamline","floor":5},{"not_picked":["Genetic Algorithm","Double Energy"],"picked":"Core Surge","floor":8},{"not_picked":["Sweeping Beam","Compile Driver","Streamline"],"picked":"SKIP","floor":10},{"not_picked":["Sweeping Beam","Streamline"],"picked":"Compile Driver","floor":10},{"not_picked":["Fusion","Sweeping Beam"],"picked":"Loop","floor":12},{"not_picked":["Redo","White Noise"],"picked":"Loop","floor":14},{"not_picked":["Fission","Electrodynamics"],"picked":"Creative AI","floor":16},{"not_picked":["Consume","Loop+1"],"picked":"Glacier+1","floor":18},{"not_picked":["Ball Lightning+1","Darkness+1","Cold Snap+1"],"picked":"SKIP","floor":21},{"not_picked":["Rebound","Heatsinks"],"picked":"Steam","floor":22}],"player_experience":494221,"relics_obtained":[{"floor":8,"key":"Pen Nib"},{"floor":8,"key":"Symbiotic Virus"},{"floor":9,"key":"MawBank"},{"floor":14,"key":"Gremlin Horn"},{"floor":14,"key":"Pantograph"}],"event_choices":[{"damage_healed":0,"gold_gain":0,"player_choice":"Got Potions","damage_taken":0,"max_hp_gain":0,"max_hp_loss":0,"event_name":"Lab","floor":7,"gold_loss":0},{"damage_healed":0,"gold_gain":0,"player_choice":"Read","damage_taken":0,"max_hp_gain":0,"max_hp_loss":0,"event_name":"The Library","floor":19,"gold_loss":0,"cards_obtained":["Consume"]}],"is_beta":false,"boss_relics":[{"not_picked":["Calling Bell","White Beast Statue"],"picked":"Velvet Choker"}],"items_purged_floors":[11,20],"is_endless":false,"potions_floor_spawned":[8,10,12,14,18,21],"killed_by":"Slavers","ascension_level":3}