{"gold_per_floor":[116,116,127,302,313,313,343,343,370,410,442,482,239,314,314,416,416,430,442,442,456,456,456,17,17,17,36,54,88,88,88,88,184,184,203,0,13,13,113,144,160,191,191,191,221,67,67],"floor_reached":47,"playtime":3141,"items_purged":["Doubt","Defend_R"],"score":706,"play_id":"ebe55801-8992-4fa9-bb76-b340fcb0553b","local_time":"20190709192925","is_ascension_mode":true,"campfire_choices":[{"floor":6,"key":"REST"},{"floor":8,"key":"REST"},{"floor":15,"key":"REST"},{"floor":23,"key":"REST"},{"data":"Demon Form","floor":25,"key":"SMITH"},{"floor":32,"key":"REST"},{"floor":44,"key":"REST"}],"neow_cost":"NONE","seed_source_timestamp":836737285518174,"circlet_count":0,"master_deck":["Strike_R","Strike_R","Strike_R","Strike_R+1","Strike_R","Defend_R+1","Defend_R","Defend_R+1","Bash","Demon Form+1","Inflame","Cleave","True Grit","Twin Strike+1","Shrug It Off","Clothesline","Impervious","Rampage","Offering","Battle Trance+1","Heavy Blade","Heavy Blade+1","Metallicize","Regret","Armaments+1","Inflame","Fire Breathing+1","Demon Form","Iron Wave+1","Writhe","Metallicize","Body Slam+1","Dual Wield+1","Carnage+1","Clumsy","Corruption+1"],"relics":["Burning Blood","Centennial Puzzle","Pen Nib","MawBank","War Paint","PreservedInsect","Strawberry","Cursed Key","Mummified Hand","Paper Frog","Darkstone Periapt","Potion Belt","Sozu","Red Mask","Incense Burner","Pear","Question Card","Whetstone","Ornamental Fan","Bag of Preparation"],"potions_floor_usage":[7,16,31,33,33],"damage_taken":[{"damage":11,"enemies":"Jaw Worm","floor":1,"turns":4},{"damage":7,"enemies":"2 Louse","floor":3,"turns":4},{"damage":16,"enemies":"Small Slimes","floor":5,"turns":4},{"damage":35,"enemies":"3 Sentries","floor":7,"turns":6},{"damage":20,"enemies":"Gremlin Nob","floor":10,"turns":4},{"damage":0,"enemies":"2 Fungi Beasts","floor":11,"turns":5},{"damage":18,"enemies":"Lagavulin","floor":12,"turns":7},{"damage":31,"enemies":"Hexaghost","floor":16,"turns":11},{"damage":4,"enemies":"Chosen","floor":18,"turns":4},{"damage":3,"enemies":"Spheric Guardian","floor":19,"turns":4},{"damage":31,"enemies":"Shelled Parasite and Fungi","floor":21,"turns":5},{"damage":11,"enemies":"3 Cultists","floor":27,"turns":4},{"damage":6,"enemies":"Centurion and Healer","floor":28,"turns":5},{"damage":30,"enemies":"Book of Stabbing","floor":29,"turns":4},{"damage":17,"enemies":"Colosseum Slavers","floor":31,"turns":3},{"damage":31,"enemies":"Automaton","floor":33,"turns":7},{"damage":0,"enemies":"3 Shapes","floor":35,"turns":3},{"damage":29,"enemies":"3 Darklings","floor":37,"turns":5},{"damage":8,"enemies":"Mind Bloom Boss Battle","floor":39,"turns":4},{"damage":24,"enemies":"Nemesis","floor":40,"turns":5},{"damage":55,"enemies":"Sphere and 2 Shapes","floor":41,"turns":5},{"damage":4,"enemies":"Reptomancer","floor":42,"turns":4},{"damage":15,"enemies":"Giant Head","floor":45,"turns":4},{"damage":77,"enemies":"Reptomancer","floor":47,"turns":2}],"seed_played":"-5298298596292628850","potions_obtained":[{"floor":1,"key":"Regen Potion"},{"floor":7,"key":"Poison Potion"},{"floor":11,"key":"Poison Potion"},{"floor":19,"key":"EssenceOfSteel"},{"floor":21,"key":"Weak Potion"}],"is_trial":false,"path_per_floor":["M","?","M","?","M","R","E","R","T","E","M","E","$","?","R","B",null,"M","M","?","M","?","R","$","R","T","M","M","E","$","?","R","B",null,"M","?","M","?","?","E","M","E","T","R","E","$","E"],"character_chosen":"IRONCLAD","items_purchased":["Strawberry","Rampage","Paper Frog","Metallicize","Bag of Preparation"],"campfire_rested":6,"item_purchase_floors":[13,13,24,24,46],"current_hp_per_floor":[75,63,62,62,52,76,61,80,80,66,72,60,67,56,82,57,87,87,87,87,62,62,87,87,87,87,82,82,58,58,47,73,48,87,87,87,64,92,90,82,33,35,41,73,64,64,0],"gold":67,"neow_bonus":"ONE_RANDOM_RARE_CARD","is_prod":false,"is_daily":false,"chose_seed":false,"campfire_upgraded":1,"win_rate":0,"timestamp":1562696965,"path_taken":["M","?","M","?","M","R","E","R","T","E","M","E","$","?","R","BOSS","M","M","?","M","?","R","$","R","T","M","M","E","$","?","R","BOSS","M","?","M","?","?","E","M","E","T","R","E","$","E"],"build_version":"2019-07-05","purchased_purges":2,"victory":false,"max_hp_per_floor":[80,80,80,80,80,80,80,80,80,80,80,80,87,87,87,87,87,87,87,87,87,87,87,87,87,87,87,87,87,87,87,87,87,87,87,87,87,93,93,103,103,103,109,109,109,109,109],"card_choices":[{"not_picked":["Flame Barrier","Hemokinesis"],"picked":"Inflame","floor":1},{"not_picked":["Twin Strike","Perfected Strike"],"picked":"Cleave","floor":3},{"not_picked":["Clash","Feel No Pain"],"picked":"True Grit","floor":5},{"not_picked":["Havoc","Perfected Strike"],"picked":"Twin Strike","floor":7},{"not_picked":["Perfected Strike","Power Through"],"picked":"Shrug It Off","floor":10},{"not_picked":["Hemokinesis","Reckless Charge"],"picked":"Clothesline","floor":11},{"not_picked":["Rage","Warcry"],"picked":"Impervious","floor":12},{"not_picked":["Brutality","Immolate"],"picked":"Offering","floor":16},{"not_picked":["Iron Wave","Evolve"],"picked":"Battle Trance+1","floor":18},{"not_picked":["Searing Blow+1","Rampage"],"picked":"Heavy Blade","floor":19},{"not_picked":["Clash","Headbutt"],"picked":"Heavy Blade+1","floor":21},{"not_picked":["Flame Barrier+1","Headbutt"],"picked":"Armaments+1","floor":27},{"not_picked":["Havoc","Berserk"],"picked":"Inflame","floor":28},{"not_picked":["Cleave","Perfected Strike"],"picked":"Fire Breathing+1","floor":29},{"not_picked":["Berserk","Feed"],"picked":"Demon Form","floor":33},{"not_picked":["Body Slam","Fire Breathing+1"],"picked":"Iron Wave+1","floor":35},{"not_picked":["Warcry+1","Perfected Strike","Intimidate"],"picked":"SKIP","floor":37},{"not_picked":["Dropkick","Havoc"],"picked":"Metallicize","floor":39},{"not_picked":["Perfected Strike+1","Feed"],"picked":"Body Slam+1","floor":40},{"not_picked":["Armaments","Heavy Blade"],"picked":"Dual Wield+1","floor":41},{"not_picked":["Shrug It Off","Clothesline+1"],"picked":"Carnage+1","floor":42},{"not_picked":["Rampage","Sentinel","Flex"],"picked":"Corruption+1","floor":45}],"player_experience":78989,"relics_obtained":[{"floor":7,"key":"Pen Nib"},{"floor":9,"key":"MawBank"},{"floor":10,"key":"War Paint"},{"floor":12,"key":"PreservedInsect"},{"floor":26,"key":"Darkstone Periapt"},{"floor":29,"key":"Potion Belt"},{"floor":39,"key":"Incense Burner"},{"floor":40,"key":"Pear"},{"floor":42,"key":"Question Card"},{"floor":43,"key":"Whetstone"},{"floor":45,"key":"Ornamental Fan"}],"event_choices":[{"damage_healed":0,"gold_gain":0,"player_choice":"Success","damage_taken":12,"relics_obtained":["Centennial Puzzle"],"max_hp_gain":0,"max_hp_loss":0,"event_name":"Scrap Ooze","floor":2,"gold_loss":0},{"damage_healed":0,"gold_gain":175,"player_choice":"AGREE","damage_taken":0,"max_hp_gain":0,"max_hp_loss":0,"event_name":"Liars Game","floor":4,"gold_loss":0,"cards_obtained":["Doubt"]},{"damage_healed":0,"gold_gain":75,"player_choice":"Gather Gold","damage_taken":11,"max_hp_gain":0,"max_hp_loss":0,"event_name":"World of Goop","floor":14,"gold_loss":0},{"damage_healed":0,"gold_gain":0,"player_choice":"Ignored","damage_taken":0,"max_hp_gain":0,"max_hp_loss":0,"event_name":"Ghosts","floor":20,"gold_loss":0},{"damage_healed":0,"gold_gain":0,"player_choice":"Opened","damage_taken":0,"relics_obtained":["Mummified Hand"],"max_hp_gain":0,"max_hp_loss":0,"event_name":"The Mausoleum","floor":22,"gold_loss":0},{"damage_healed":0,"gold_gain":0,"player_choice":"Fight","damage_taken":0,"max_hp_gain":0,"max_hp_loss":0,"event_name":"Colosseum","floor":31,"gold_loss":0},{"damage_healed":0,"gold_gain":0,"player_choice":"Fled From Nobs","damage_taken":0,"max_hp_gain":0,"max_hp_loss":0,"event_name":"Colosseum","floor":31,"gold_loss":0},{"damage_healed":0,"gold_gain":0,"player_choice":"Paid","damage_taken":0,"relics_obtained":["Red Mask"],"max_hp_gain":0,"max_hp_loss":0,"event_name":"Tomb of Lord Red Mask","floor":36,"gold_loss":203},{"damage_healed":22,"gold_gain":0,"player_choice":"Writhe","damage_taken":0,"max_hp_gain":0,"max_hp_loss":0,"event_name":"Winding Halls","floor":38,"gold_loss":0,"cards_obtained":["Writhe"]},{"damage_healed":0,"gold_gain":0,"player_choice":"Fight","damage_taken":0,"max_hp_gain":0,"max_hp_loss":0,"event_name":"MindBloom","floor":39,"gold_loss":0}],"is_beta":false,"boss_relics":[{"not_picked":["Coffee Dripper","Busted Crown"],"picked":"Cursed Key"},{"not_picked":["Empty Cage","Velvet Choker"],"picked":"Sozu"}],"items_purged_floors":[13,24],"is_endless":false,"potions_floor_spawned":[1,7,11,19,21,27,31,37,41,42],"killed_by":"Reptomancer","ascension_level":2}