{"gold_per_floor":[11,27,2,13,30,30,30,105,186,186,215,215,19,33,33,33],"floor_reached":16,"playtime":521,"items_purged":[],"score":100,"play_id":"d70b6240-31f7-4329-8e4f-c032006a1194","local_time":"20190127140202","is_ascension_mode":false,"campfire_choices":[{"data":"Searing Blow","floor":6,"key":"SMITH"},{"data":"Armaments","floor":10,"key":"SMITH"},{"data":"Searing Blow+1","floor":15,"key":"SMITH"}],"neow_cost":"NO_GOLD","seed_source_timestamp":135495861862206,"circlet_count":0,"master_deck":["Strike_R","Strike_R","Strike_R","Strike_R","Strike_R","Defend_R","Defend_R","Defend_R","Defend_R+1","Bash","Bludgeon","Searing Blow+2","Rage","Armaments+1","Seeing Red+1","Regret"],"relics":["Burning Blood","Singing Bowl","War Paint","Bronze Scales","Membership Card"],"potions_floor_usage":[4,16],"damage_taken":[{"damage":6,"enemies":"Jaw Worm","floor":1,"turns":2},{"damage":9,"enemies":"2 Louse","floor":2,"turns":3},{"damage":0,"enemies":"Cultist","floor":4,"turns":2},{"damage":10,"enemies":"2 Fungi Beasts","floor":5,"turns":4},{"damage":35,"enemies":"3 Sentries","floor":11,"turns":9},{"damage":14,"enemies":"Exordium Wildlife","floor":14,"turns":4},{"damage":37,"enemies":"Slime Boss","floor":16,"turns":6}],"seed_played":"-3920170563743674932","potions_obtained":[{"floor":4,"key":"Fruit Juice"},{"floor":11,"key":"EssenceOfSteel"}],"is_trial":false,"path_per_floor":["M","M","$","M","M","R","?","?","T","R","E","?","$","M","R","B"],"character_chosen":"IRONCLAD","items_purchased":["Armaments","Membership Card"],"campfire_rested":0,"item_purchase_floors":[3,13],"current_hp_per_floor":[80,77,77,85,81,81,81,70,70,70,43,43,43,37,37,0],"gold":33,"neow_bonus":"THREE_RARE_CARDS","is_prod":false,"is_daily":false,"chose_seed":false,"campfire_upgraded":3,"win_rate":0,"timestamp":1548622922,"path_taken":["M","M","$","M","M","R","?","?","T","R","E","?","$","?","R","BOSS"],"build_version":"2019-01-23","purchased_purges":0,"victory":false,"max_hp_per_floor":[80,80,80,85,85,85,85,85,85,85,87,87,87,89,89,89],"card_choices":[{"not_picked":["Fiend Fire","Exhume"],"picked":"Bludgeon","floor":0},{"not_picked":["Wild Strike","Shrug It Off"],"picked":"Searing Blow","floor":1},{"not_picked":["Twin Strike","Shockwave"],"picked":"Rage","floor":2},{"not_picked":["Twin Strike","Headbutt","Heavy Blade"],"picked":"SKIP","floor":4},{"not_picked":["Disarm","Dual Wield"],"picked":"Seeing Red","floor":5},{"not_picked":["Seeing Red","Uppercut","Corruption"],"picked":"Singing Bowl","floor":11},{"not_picked":["Rupture","Ghostly Armor","Sentinel"],"picked":"Singing Bowl","floor":14}],"player_experience":328395,"relics_obtained":[{"floor":9,"key":"Singing Bowl"},{"floor":11,"key":"War Paint"}],"event_choices":[{"damage_healed":0,"gold_gain":0,"player_choice":"Leave","damage_taken":0,"max_hp_gain":0,"max_hp_loss":0,"event_name":"The Cleric","floor":7,"gold_loss":0},{"damage_healed":0,"gold_gain":75,"player_choice":"Gather Gold","damage_taken":11,"max_hp_gain":0,"max_hp_loss":0,"event_name":"World of Goop","floor":8,"gold_loss":0},{"damage_healed":0,"gold_gain":0,"player_choice":"Box","damage_taken":0,"relics_obtained":["Bronze Scales"],"max_hp_gain":0,"max_hp_loss":0,"event_name":"Big Fish","floor":12,"gold_loss":0,"cards_obtained":["Regret"]}],"is_beta":false,"boss_relics":[],"items_purged_floors":[],"is_endless":false,"potions_floor_spawned":[4,11],"killed_by":"Slime Boss","ascension_level":0}