{"gold_per_floor":[210,224,70,70,84,119,138,156,229,260,274,259],"floor_reached":12,"playtime":538,"items_purged":["Strike_B"],"score":92,"play_id":"be675d7c-9c8a-4567-819f-f8b2922ad9cb","local_time":"20181231011154","is_ascension_mode":false,"campfire_choices":[],"neow_cost":"NONE","seed_source_timestamp":56537354010917,"circlet_count":0,"master_deck":["Strike_B","Strike_B","Strike_B","Defend_B","Defend_B","Defend_B","Defend_B","Zap","Dualcast","Creative AI+1","Coolheaded","Storm","Coolheaded"],"relics":["Cracked Core","Mercury Hourglass","Unceasing Top"],"potions_floor_usage":[10,10,11,12],"damage_taken":[{"damage":1,"enemies":"Cultist","floor":1,"turns":4},{"damage":3,"enemies":"Jaw Worm","floor":2,"turns":3},{"damage":0,"enemies":"Small Slimes","floor":5,"turns":3},{"damage":9,"enemies":"3 Sentries","floor":6,"turns":4},{"damage":14,"enemies":"2 Fungi Beasts","floor":7,"turns":3},{"damage":19,"enemies":"Blue Slaver","floor":8,"turns":4},{"damage":28,"enemies":"Gremlin Nob","floor":10,"turns":4},{"damage":0,"enemies":"Exordium Wildlife","floor":11,"turns":4},{"damage":8,"enemies":"Exordium Thugs","floor":12,"turns":1}],"seed_played":"5612076554394675938","potions_obtained":[{"floor":1,"key":"Fire Potion"},{"floor":7,"key":"PowerPotion"},{"floor":10,"key":"EssenceOfSteel"},{"floor":11,"key":"Fire Potion"}],"is_trial":false,"path_per_floor":["M","M","$","?","M","E","M","M","T","E","M","M"],"character_chosen":"DEFECT","items_purchased":["Creative AI"],"campfire_rested":0,"item_purchase_floors":[3],"current_hp_per_floor":[74,71,71,71,71,62,48,29,29,1,1,0],"gold":259,"neow_bonus":"HUNDRED_GOLD","is_prod":false,"is_daily":false,"chose_seed":false,"campfire_upgraded":0,"win_rate":0,"timestamp":1546243914,"path_taken":["M","M","$","?","M","E","M","?","T","E","M","M"],"build_version":"2018-12-20","purchased_purges":1,"victory":false,"max_hp_per_floor":[75,75,75,75,75,75,75,75,75,75,75,75],"card_choices":[{"not_picked":["White Noise","Leap","Turbo"],"picked":"SKIP","floor":1},{"not_picked":["Turbo","Compile Driver","White Noise"],"picked":"SKIP","floor":2},{"not_picked":["Go for the Eyes","Barrage"],"picked":"Coolheaded","floor":5},{"not_picked":["Steam","Blizzard"],"picked":"Storm","floor":6},{"not_picked":["Barrage","Leap"],"picked":"Coolheaded","floor":7},{"not_picked":["Compile Driver","Stack","Coolheaded"],"picked":"SKIP","floor":8},{"not_picked":["Creative AI","Cold Snap","Auto Shields"],"picked":"SKIP","floor":10},{"not_picked":["Rebound","Steam Power","Scrape"],"picked":"SKIP","floor":11}],"player_experience":223720,"relics_obtained":[{"floor":6,"key":"Mercury Hourglass"},{"floor":10,"key":"Unceasing Top"}],"event_choices":[{"damage_healed":0,"gold_gain":0,"player_choice":"Forge","damage_taken":0,"max_hp_gain":0,"max_hp_loss":0,"event_name":"Accursed Blacksmith","floor":4,"gold_loss":0,"cards_upgraded":["Creative AI"]}],"is_beta":false,"boss_relics":[],"items_purged_floors":[3],"is_endless":false,"potions_floor_spawned":[1,7,10,11],"killed_by":"Exordium Thugs","ascension_level":0}