{"gold_per_floor":[115,130,130,154,5,5,29,29,29,53,84,84,84,103,103,103],"floor_reached":16,"playtime":807,"items_purged":["Strike_R"],"score":117,"play_id":"4d8f8f9f-df85-44b8-9ad4-52234d62c4e6","local_time":"20181221132751","is_ascension_mode":true,"campfire_choices":[{"data":"Searing Blow","floor":6,"key":"SMITH"},{"data":"Searing Blow+1","floor":8,"key":"SMITH"},{"data":"True Grit","floor":13,"key":"SMITH"},{"floor":15,"key":"REST"}],"neow_cost":"TEN_PERCENT_HP_LOSS","seed_source_timestamp":187207954278313,"circlet_count":0,"master_deck":["Strike_R","Strike_R","Strike_R","Defend_R","Defend_R","Defend_R","Defend_R","Bash","True Grit+1","Searing Blow+2","Inflame"],"relics":["Burning Blood","Magic Flower","Golden Idol","Gremlin Horn","Pantograph"],"potions_floor_usage":[11,14],"damage_taken":[{"damage":2,"enemies":"Jaw Worm","floor":1,"turns":3},{"damage":0,"enemies":"2 Louse","floor":2,"turns":3},{"damage":6,"enemies":"Cultist","floor":4,"turns":3},{"damage":17,"enemies":"Blue Slaver","floor":7,"turns":4},{"damage":3,"enemies":"3 Louse","floor":10,"turns":3},{"damage":38,"enemies":"3 Sentries","floor":11,"turns":8},{"damage":11,"enemies":"Exordium Thugs","floor":14,"turns":5},{"damage":76,"enemies":"Slime Boss","floor":16,"turns":10}],"seed_played":"8920665979978242966","potions_obtained":[{"floor":2,"key":"PowerPotion"},{"floor":11,"key":"FearPotion"}],"is_trial":false,"path_per_floor":["M","M","?","M","$","R","M","R","T","M","E","?","R","M","R","B"],"character_chosen":"IRONCLAD","items_purchased":["Inflame"],"campfire_rested":1,"item_purchase_floors":[5],"current_hp_per_floor":[72,72,54,57,57,57,49,49,49,55,26,19,19,17,38,0],"gold":103,"neow_bonus":"ONE_RARE_RELIC","is_prod":false,"is_daily":false,"chose_seed":false,"campfire_upgraded":3,"win_rate":0,"timestamp":1545424071,"path_taken":["M","M","?","M","$","R","M","R","T","M","E","?","R","?","R","BOSS"],"build_version":"2018-12-20","purchased_purges":1,"victory":false,"max_hp_per_floor":[72,72,72,72,72,72,72,72,72,72,72,72,72,72,72,72],"card_choices":[{"not_picked":["Flex","Heavy Blade"],"picked":"True Grit","floor":1},{"not_picked":["Pommel Strike","Havoc"],"picked":"Searing Blow","floor":2},{"not_picked":["Headbutt","Body Slam","Iron Wave"],"picked":"SKIP","floor":4},{"not_picked":["Brutality","Anger","Searing Blow"],"picked":"SKIP","floor":7},{"not_picked":["Clothesline","Shrug It Off","Rage"],"picked":"SKIP","floor":10},{"not_picked":["Intimidate","Combust","Brutality"],"picked":"SKIP","floor":11},{"not_picked":["Headbutt","Fire Breathing","Second Wind"],"picked":"SKIP","floor":14}],"player_experience":175127,"relics_obtained":[{"floor":9,"key":"Gremlin Horn"},{"floor":11,"key":"Pantograph"}],"event_choices":[{"damage_healed":0,"gold_gain":0,"player_choice":"Take Damage","damage_taken":18,"relics_obtained":["Golden Idol"],"max_hp_gain":0,"max_hp_loss":0,"event_name":"Golden Idol","floor":3,"gold_loss":0},{"cards_removed":["Strike_R"],"damage_healed":0,"gold_gain":0,"player_choice":"Card Removal","damage_taken":7,"max_hp_gain":0,"max_hp_loss":0,"event_name":"Golden Wing","floor":12,"gold_loss":0}],"is_beta":false,"boss_relics":[],"items_purged_floors":[5],"is_endless":false,"potions_floor_spawned":[2,11],"killed_by":"Slime Boss","ascension_level":3}