{"path_per_floor":["M","$","M","?","M","E","M","M","T","R","?","R","M","M","R","B",null,"M","?","$","M","?","?","M","R","T","R","?","M","M"],"character_chosen":"DEFECT","items_purchased":["Symbiotic Virus","Capacitor","Barrage","Omamori","Ball Lightning","Capacitor"],"gold_per_floor":[369,11,28,28,51,89,102,117,117,117,117,117,142,166,166,289,289,305,305,123,146,146,71,89,89,89,89,89,110,126,126],"floor_reached":31,"campfire_rested":4,"playtime":1014,"current_hp_per_floor":[68,68,66,49,37,20,14,14,14,34,27,27,22,22,42,16,55,26,48,48,34,34,34,2,22,22,42,42,14,2,0],"items_purged":[],"gold":126,"score":336,"play_id":"2a7d0d68-98ee-44b9-8c26-cd52485b9667","local_time":"20180513183529","is_prod":false,"is_daily":false,"chose_seed":false,"is_ascension_mode":true,"campfire_upgraded":1,"timestamp":1526229329,"path_taken":["M","$","M","?","M","E","M","M","T","R","?","R","?","M","R","BOSS","M","?","$","?","?","?","M","R","T","R","?","?","M","M"],"build_version":"2018-05-12v2","seed_source_timestamp":0,"purchased_purges":0,"victory":false,"master_deck":["Strike_B+1","Strike_B+1","Strike_B+1","Defend_B+1","Defend_B+1","Defend_B+1","Defend_B+1","Zap+1","Dualcast","Ball Lightning+1","Capacitor","Barrage","Ball Lightning+1","Seek","Capacitor","Barrage+1","Capacitor","Seek","Rebound+1","Ball Lightning+1","Capacitor","Storm","Skim+1","Fission","Chaos"],"max_hp_per_floor":[68,68,68,68,68,68,68,68,68,68,68,68,68,68,68,68,68,68,68,68,68,68,68,68,68,68,68,68,68,68,68],"relics":["Cracked Core","Symbiotic Virus","Golden Idol","Molten Egg 2","The Courier","Dodecahedron","Velvet Choker","Omamori","Whetstone"],"card_choices":[{"not_picked":["Turbo","Streamline"],"picked":"Ball Lightning","floor":1.0},{"not_picked":["Sweeping Beam","Hologram"],"picked":"Ball Lightning","floor":3.0},{"not_picked":["Hologram","Sweeping Beam","Steam"],"picked":"SKIP","floor":5},{"not_picked":["FTL","Streamline","Chill"],"picked":"SKIP","floor":6},{"not_picked":["Doom and Gloom+1","Hello World"],"picked":"Seek","floor":7},{"not_picked":["Conserve Battery","Chaos"],"picked":"Capacitor","floor":8},{"not_picked":["Reinforced Body","Double Energy"],"picked":"Barrage+1","floor":13},{"not_picked":["Barrage+1","FTL+1"],"picked":"Capacitor","floor":14},{"not_picked":["Buffer","Meteor Strike+1"],"picked":"Seek","floor":16},{"not_picked":["Auto Shields+1","Glacier"],"picked":"Rebound+1","floor":18},{"not_picked":["Rebound+1","Melter+1"],"picked":"Storm","floor":21},{"not_picked":["Coolheaded","Hello World"],"picked":"Skim+1","floor":24},{"not_picked":["Sweeping Beam+1","Hologram+1"],"picked":"Chaos","floor":29},{"not_picked":["Beam Cell+1","Rebound+1","Auto Shields+1"],"picked":"SKIP","floor":30}],"player_experience":446718,"potions_floor_usage":[6,13,30,31,31],"damage_taken":[{"damage":0.0,"enemies":"2 Louse","floor":1.0,"turns":2.0},{"damage":2.0,"enemies":"Jaw Worm","floor":3.0,"turns":3.0},{"damage":12.0,"enemies":"Small Slimes","floor":5.0,"turns":2.0},{"damage":17,"enemies":"Lagavulin","floor":6,"turns":6},{"damage":6,"enemies":"Looter","floor":7,"turns":2},{"damage":0,"enemies":"2 Fungi Beasts","floor":8,"turns":2},{"damage":5,"enemies":"Gremlin Gang","floor":13,"turns":2},{"damage":0,"enemies":"Large Slime","floor":14,"turns":2},{"damage":26,"enemies":"The Guardian","floor":16,"turns":8},{"damage":29,"enemies":"2 Thieves","floor":18,"turns":3},{"damage":14,"enemies":"3 Byrds","floor":21,"turns":5},{"damage":32,"enemies":"Snake Plant","floor":24,"turns":3},{"damage":28,"enemies":"Snecko","floor":29,"turns":5},{"damage":12,"enemies":"3 Cultists","floor":30,"turns":4},{"damage":17,"enemies":"Centurion and Healer","floor":31,"turns":3}],"event_choices":[{"event_name":"Golden Idol","player_choice":"Take Damage","floor":4.0,"damage_taken":0.0},{"event_name":"Scrap Ooze","player_choice":"success","floor":11,"damage_taken":7},{"event_name":"The Library","player_choice":"Heal","floor":19,"damage_taken":0},{"event_name":"Back to Basics","player_choice":"Simplicity","floor":22,"damage_taken":0},{"event_name":"Beggar","player_choice":"Gave Gold","floor":23,"damage_taken":0},{"event_name":"Match and Keep!","player_choice":"1 cards matched","floor":28,"damage_taken":0}],"boss_relics":[{"not_picked":["White Beast Statue","Orrery"],"picked":"Velvet Choker"}],"potions_floor_spawned":[3,6,8,21,29],"seed_played":"-4968949963931029487","killed_by":"Centurion and Healer","ascension_level":6,"is_trial":false}