{"gold_per_floor":[20,20,41,41,41,72,97,140,221,237,251,272,57,87,87,217,217,238,138,138,57,80,80,119,119,171,86,86],"floor_reached":28,"playtime":1710,"items_purged":["Strike_R","Strike_R"],"score":256,"play_id":"9aeaaad5-6417-48da-bc92-1ea406d16a27","local_time":"20181210214837","is_ascension_mode":true,"campfire_choices":[{"data":"Bludgeon","floor":15,"key":"SMITH"},{"data":"Dual Wield","floor":23,"key":"SMITH"},{"data":"True Grit","floor":25,"key":"SMITH"}],"neow_cost":"NO_GOLD","seed_source_timestamp":526560756378317,"circlet_count":0,"master_deck":["Strike_R","Strike_R","Strike_R","Defend_R+1","Defend_R","Defend_R","Defend_R","Bash+1","Bludgeon+1","Dual Wield+1","PanicButton","True Grit+1","Berserk","J.A.X.","Entrench"],"relics":["Burning Blood","Torii","Golden Idol","Darkstone Periapt","Bronze Scales","Tiny Chest","Runic Pyramid","Juzu Bracelet","FossilizedHelix","Oddly Smooth Stone","Bag of Preparation"],"potions_floor_usage":[6,6,6,10,16,16,28],"damage_taken":[{"damage":1,"enemies":"Cultist","floor":1,"turns":3},{"damage":2,"enemies":"2 Louse","floor":3,"turns":3},{"damage":21,"enemies":"Gremlin Nob","floor":6,"turns":4},{"damage":1,"enemies":"Jaw Worm","floor":7,"turns":4},{"damage":47,"enemies":"Lagavulin","floor":8,"turns":7},{"damage":3,"enemies":"Lots of Slimes","floor":10,"turns":5},{"damage":0,"enemies":"Blue Slaver","floor":11,"turns":2},{"damage":0,"enemies":"Looter","floor":12,"turns":3},{"damage":14,"enemies":"The Guardian","floor":16,"turns":9},{"damage":0,"enemies":"Chosen","floor":18,"turns":4},{"damage":70,"enemies":"Slavers","floor":24,"turns":7},{"damage":32,"enemies":"Book of Stabbing","floor":28,"turns":6}],"seed_played":"8773157470432721702","potions_obtained":[{"floor":1,"key":"Swift Potion"},{"floor":5,"key":"Regen Potion"},{"floor":5,"key":"EssenceOfSteel"},{"floor":7,"key":"Swift Potion"},{"floor":10,"key":"Dexterity Potion"},{"floor":12,"key":"SteroidPotion"},{"floor":24,"key":"Energy Potion"}],"is_trial":false,"path_per_floor":["M","?","M","?","?","E","M","E","T","M","M","M","$","?","R","B",null,"M","$","?","$","T","R","E","R","T","?","E"],"character_chosen":"IRONCLAD","items_purchased":["PanicButton","True Grit","Entrench"],"campfire_rested":0,"item_purchase_floors":[13,13,21],"current_hp_per_floor":[80,60,64,48,48,45,50,9,9,12,18,24,24,24,24,16,80,80,80,80,80,80,80,16,16,16,16,0],"gold":86,"neow_bonus":"ONE_RARE_RELIC","is_prod":false,"is_daily":false,"chose_seed":false,"campfire_upgraded":3,"win_rate":0,"timestamp":1544503717,"path_taken":["M","?","M","?","?","E","?","E","T","M","M","M","$","?","R","BOSS","M","$","?","$","?","R","E","R","T","?","E"],"build_version":"2018-12-06","purchased_purges":2,"victory":false,"max_hp_per_floor":[80,80,80,80,80,80,80,80,80,80,80,80,80,80,80,80,80,80,80,80,80,80,80,80,80,80,80,80],"card_choices":[{"not_picked":["Carnage","Twin Strike","Clash"],"picked":"SKIP","floor":1},{"not_picked":["Headbutt","Warcry","Burning Pact"],"picked":"SKIP","floor":3},{"not_picked":["Fire Breathing","Armaments","Flame Barrier"],"picked":"SKIP","floor":6},{"not_picked":["Reckless Charge","Sever Soul","Second Wind"],"picked":"SKIP","floor":7},{"not_picked":["Reckless Charge","Sever Soul","Second Wind"],"picked":"SKIP","floor":7},{"not_picked":["Sword Boomerang","Perfected Strike"],"picked":"Bludgeon","floor":8},{"not_picked":["Heavy Blade","Twin Strike","Clash"],"picked":"SKIP","floor":10},{"not_picked":["Headbutt","Iron Wave","Flex"],"picked":"SKIP","floor":11},{"not_picked":["True Grit","Sever Soul"],"picked":"Dual Wield","floor":12},{"not_picked":["Exhume","Fiend Fire"],"picked":"Berserk","floor":16},{"not_picked":["Iron Wave+1","Reckless Charge","Clothesline+1"],"picked":"SKIP","floor":18},{"not_picked":["Reckless Charge+1","Warcry+1","Uppercut"],"picked":"SKIP","floor":24}],"player_experience":66260,"relics_obtained":[{"floor":6,"key":"Darkstone Periapt"},{"floor":8,"key":"Bronze Scales"},{"floor":9,"key":"Tiny Chest"},{"floor":22,"key":"Juzu Bracelet"},{"floor":24,"key":"FossilizedHelix"},{"floor":26,"key":"Oddly Smooth Stone"}],"event_choices":[{"damage_healed":0,"gold_gain":0,"player_choice":"Take Damage","damage_taken":20,"relics_obtained":["Golden Idol"],"max_hp_gain":0,"max_hp_loss":0,"event_name":"Golden Idol","floor":2,"gold_loss":0},{"damage_healed":0,"gold_gain":0,"player_choice":"Entered Light","damage_taken":16,"max_hp_gain":0,"max_hp_loss":0,"event_name":"Shining Light","floor":4,"gold_loss":0,"cards_upgraded":["Bash","Defend_R"]},{"damage_healed":0,"gold_gain":0,"player_choice":"Got Potions","damage_taken":0,"max_hp_gain":0,"max_hp_loss":0,"event_name":"Lab","floor":5,"gold_loss":0},{"damage_healed":0,"gold_gain":30,"player_choice":"Searched \u00271\u0027 times","damage_taken":0,"max_hp_gain":0,"max_hp_loss":0,"event_name":"Dead Adventurer","floor":14,"gold_loss":0},{"damage_healed":0,"gold_gain":0,"player_choice":"Obtain J.A.X.","damage_taken":0,"max_hp_gain":0,"max_hp_loss":0,"event_name":"Drug Dealer","floor":20,"gold_loss":0,"cards_obtained":["J.A.X."]},{"damage_healed":0,"gold_gain":0,"player_choice":"Obtained Relic","damage_taken":0,"relics_obtained":["Bag of Preparation"],"max_hp_gain":0,"max_hp_loss":0,"event_name":"Addict","floor":27,"gold_loss":85}],"is_beta":false,"boss_relics":[{"not_picked":["Runic Cube","Black Blood"],"picked":"Runic Pyramid"}],"items_purged_floors":[13,19],"is_endless":false,"potions_floor_spawned":[1,7,10,12,24],"killed_by":"Book of Stabbing","ascension_level":1}