{"gold_per_floor":[113,113,129,147,158,192,209,233,259,259,259,273,26,39,39,138,138,155,70,81,6,24,24,59,72,120,45,45,58,58,72,72,174,174,189,189,189],"floor_reached":37,"playtime":2138,"items_purged":["Strike_R"],"score":511,"play_id":"cc35a42d-f613-4271-baa0-c5ac61d3b69f","local_time":"20190718183102","is_ascension_mode":true,"campfire_choices":[{"floor":11,"key":"REST"},{"data":"Searing Blow","floor":15,"key":"SMITH"},{"floor":23,"key":"REST"},{"floor":28,"key":"REST"},{"floor":32,"key":"REST"}],"neow_cost":"NONE","seed_source_timestamp":127863549167847,"circlet_count":0,"master_deck":["Strike_R","Strike_R","Strike_R","Defend_R","Defend_R","Defend_R","Bash+1","Searing Blow+1","Armaments+1","Headbutt","Blood for Blood","Battle Trance","Twin Strike","Headbutt","Demon Form","Clothesline","Sword Boomerang","Flame Barrier+1","Sword Boomerang+1","Combust","Limit Break","Metallicize","Juggernaut"],"relics":["Black Blood","Sundial","Pen Nib","Strawberry","Self Forming Clay","Philosopher\u0027s Stone","Orichalcum","Potion Belt","Regal Pillow","Nilry\u0027s Codex"],"potions_floor_usage":[6,12,24,25,25,29],"damage_taken":[{"damage":4,"enemies":"2 Louse","floor":1,"turns":3},{"damage":1,"enemies":"Cultist","floor":3,"turns":3},{"damage":6,"enemies":"Jaw Worm","floor":4,"turns":4},{"damage":14,"enemies":"Blue Slaver","floor":5,"turns":4},{"damage":35,"enemies":"Lagavulin","floor":6,"turns":6},{"damage":23,"enemies":"Large Slime","floor":7,"turns":6},{"damage":0,"enemies":"3 Louse","floor":12,"turns":1},{"damage":6,"enemies":"Exordium Wildlife","floor":14,"turns":3},{"damage":46,"enemies":"The Guardian","floor":16,"turns":8},{"damage":20,"enemies":"3 Byrds","floor":18,"turns":4},{"damage":6,"enemies":"Spheric Guardian","floor":20,"turns":3},{"damage":30,"enemies":"Snake Plant","floor":22,"turns":4},{"damage":38,"enemies":"Book of Stabbing","floor":24,"turns":6},{"damage":23,"enemies":"Shelled Parasite and Fungi","floor":25,"turns":3},{"damage":0,"enemies":"Snecko","floor":29,"turns":3},{"damage":10,"enemies":"Chosen and Byrds","floor":31,"turns":4},{"damage":76,"enemies":"Collector","floor":33,"turns":6},{"damage":36,"enemies":"3 Shapes","floor":35,"turns":6},{"damage":41,"enemies":"3 Darklings","floor":37,"turns":3}],"seed_played":"-6589326690126147154","potions_obtained":[{"floor":1,"key":"SteroidPotion"},{"floor":6,"key":"Dexterity Potion"},{"floor":7,"key":"Explosive Potion"},{"floor":20,"key":"Energy Potion"},{"floor":24,"key":"FearPotion"},{"floor":25,"key":"Block Potion"}],"is_trial":false,"path_per_floor":["M","?","M","M","M","E","M","T","T","?","R","M","$","M","R","B",null,"M","?","M","$","M","R","E","M","T","?","R","M","?","M","R","B",null,"M","?","M"],"character_chosen":"IRONCLAD","items_purchased":["Self Forming Clay"],"campfire_rested":4,"item_purchase_floors":[13],"current_hp_per_floor":[74,74,79,79,71,42,25,25,32,32,58,64,64,64,64,24,71,57,57,57,57,33,59,27,10,10,10,51,57,41,37,78,8,67,41,41,0],"gold":189,"neow_bonus":"REMOVE_CARD","is_prod":false,"is_daily":false,"chose_seed":false,"campfire_upgraded":1,"win_rate":0,"timestamp":1563471062,"path_taken":["M","?","?","M","M","E","M","?","T","?","R","M","$","M","R","BOSS","M","?","M","$","M","R","E","M","T","?","R","M","?","M","R","BOSS","M","?","M"],"build_version":"2019-07-05","purchased_purges":1,"victory":false,"max_hp_per_floor":[80,80,80,80,80,80,80,80,87,87,87,87,87,87,87,87,87,87,87,87,87,87,87,87,87,87,87,87,87,87,87,87,87,87,87,87,87],"card_choices":[{"not_picked":["Second Wind","Body Slam","Thunderclap"],"picked":"SKIP","floor":1},{"not_picked":["Fire Breathing","Clash"],"picked":"Searing Blow","floor":3},{"not_picked":["Searing Blow","Reckless Charge"],"picked":"Armaments","floor":4},{"not_picked":["Clash","Warcry"],"picked":"Headbutt","floor":5},{"not_picked":["Entrench","Thunderclap"],"picked":"Blood for Blood","floor":6},{"not_picked":["Reckless Charge","Headbutt"],"picked":"Battle Trance","floor":7},{"not_picked":["Heavy Blade","Warcry"],"picked":"Twin Strike","floor":12},{"not_picked":["Armaments","Cleave"],"picked":"Headbutt","floor":14},{"not_picked":["Double Tap","Berserk"],"picked":"Demon Form","floor":16},{"not_picked":["Feel No Pain+1","Thunderclap"],"picked":"Clothesline","floor":18},{"not_picked":["Intimidate","Seeing Red"],"picked":"Sword Boomerang","floor":20},{"not_picked":["Reckless Charge","Heavy Blade"],"picked":"Flame Barrier+1","floor":22},{"not_picked":["Armaments+1","Perfected Strike+1"],"picked":"Sword Boomerang+1","floor":24},{"not_picked":["Body Slam","Warcry"],"picked":"Combust","floor":25},{"not_picked":["Clash","Metallicize"],"picked":"Limit Break","floor":29},{"not_picked":["Fire Breathing+1","Headbutt"],"picked":"Metallicize","floor":31},{"not_picked":["Limit Break","Bludgeon"],"picked":"Juggernaut","floor":33},{"not_picked":["Havoc","Clash+1","Body Slam"],"picked":"SKIP","floor":35}],"player_experience":143858,"relics_obtained":[{"floor":6,"key":"Sundial"},{"floor":8,"key":"Pen Nib"},{"floor":9,"key":"Strawberry"},{"floor":24,"key":"Potion Belt"},{"floor":26,"key":"Regal Pillow"},{"floor":30,"key":"Nilry\u0027s Codex"}],"event_choices":[{"damage_healed":0,"gold_gain":0,"player_choice":"Forge","damage_taken":0,"max_hp_gain":0,"max_hp_loss":0,"event_name":"Accursed Blacksmith","floor":2,"gold_loss":0,"cards_upgraded":["Bash"]},{"damage_healed":0,"gold_gain":0,"player_choice":"Grow","damage_taken":0,"max_hp_gain":0,"max_hp_loss":0,"event_name":"Living Wall","floor":10,"gold_loss":0,"cards_upgraded":["Armaments"]},{"damage_healed":0,"gold_gain":0,"player_choice":"Obtained Relic","damage_taken":0,"relics_obtained":["Orichalcum"],"max_hp_gain":0,"max_hp_loss":0,"event_name":"Addict","floor":19,"gold_loss":85},{"cards_removed":["Strike_R"],"damage_healed":0,"gold_gain":0,"player_choice":"Gave Gold","damage_taken":0,"max_hp_gain":0,"max_hp_loss":0,"event_name":"Beggar","floor":27,"gold_loss":75},{"damage_healed":0,"gold_gain":0,"player_choice":"Obtained Book","damage_taken":16,"max_hp_gain":0,"max_hp_loss":0,"event_name":"Cursed Tome","floor":30,"gold_loss":0},{"damage_healed":0,"gold_gain":0,"player_choice":"Ignored","damage_taken":0,"max_hp_gain":0,"max_hp_loss":0,"event_name":"Mysterious Sphere","floor":36,"gold_loss":0}],"is_beta":false,"boss_relics":[{"not_picked":["Empty Cage","Busted Crown"],"picked":"Philosopher\u0027s Stone"},{"not_picked":["Tiny House","Fusion Hammer"],"picked":"Black Blood"}],"items_purged_floors":[21],"is_endless":false,"potions_floor_spawned":[1,6,7,20,24,25],"killed_by":"3 Darklings","ascension_level":6}