{"gold_per_floor":[118,118,118,131,131,131,166,166,237,255,280,2,23,39,39,39],"floor_reached":16,"playtime":626,"items_purged":["Strike_R"],"score":163,"play_id":"0129d540-bf89-4c60-8453-025f9d06f7ca","local_time":"20190405081234","is_ascension_mode":true,"campfire_choices":[{"floor":6,"key":"REST"},{"data":"Inflame","floor":8,"key":"SMITH"},{"floor":15,"key":"REST"}],"neow_cost":"NONE","seed_source_timestamp":430126402802906,"circlet_count":0,"master_deck":["AscendersBane","Strike_R","Strike_R","Strike_R","Strike_R","Defend_R","Defend_R","Defend_R","Defend_R","Bash","Pommel Strike","Inflame+1","Bash","Rupture","Power Through","Shockwave","Rampage","Flame Barrier","Sword Boomerang"],"relics":["Runic Cube","Paper Frog","Golden Idol","Turnip","Matryoshka","Membership Card"],"potions_floor_usage":[14,14],"damage_taken":[{"damage":3,"enemies":"Small Slimes","floor":1,"turns":3},{"damage":8,"enemies":"Jaw Worm","floor":4,"turns":4},{"damage":18,"enemies":"Gremlin Nob","floor":7,"turns":4},{"damage":6,"enemies":"Cultist","floor":10,"turns":3},{"damage":12,"enemies":"Looter","floor":11,"turns":3},{"damage":24,"enemies":"Exordium Wildlife","floor":13,"turns":5},{"damage":4,"enemies":"Exordium Thugs","floor":14,"turns":3},{"damage":26,"enemies":"Slime Boss","floor":16,"turns":6}],"seed_played":"8631842282629412369","potions_obtained":[{"floor":11,"key":"AttackPotion"},{"floor":13,"key":"Poison Potion"}],"is_trial":false,"path_per_floor":["M","?","?","M","?","R","E","R","T","M","M","$","M","M","R","B"],"character_chosen":"IRONCLAD","items_purchased":["Membership Card","Rampage"],"campfire_rested":2,"item_purchase_floors":[12,12],"current_hp_per_floor":[69,51,51,43,43,65,47,47,47,41,29,29,5,1,23,0],"gold":39,"neow_bonus":"BOSS_RELIC","is_prod":false,"is_daily":false,"chose_seed":false,"campfire_upgraded":1,"win_rate":0,"timestamp":1554477154,"path_taken":["M","?","?","?","?","R","E","R","T","M","M","?","?","M","R","BOSS"],"build_version":"2019-01-23","purchased_purges":1,"victory":false,"max_hp_per_floor":[80,80,80,80,74,74,74,74,74,74,74,74,74,74,74,74],"card_choices":[{"not_picked":["Heavy Blade","Clothesline"],"picked":"Pommel Strike","floor":1},{"not_picked":["Flame Barrier","Cleave"],"picked":"Rupture","floor":4},{"not_picked":["Flex","Juggernaut","Wild Strike"],"picked":"SKIP","floor":7},{"not_picked":["Sentinel","Clash"],"picked":"Power Through","floor":10},{"not_picked":["Flame Barrier","Entrench"],"picked":"Shockwave","floor":11},{"not_picked":["Searing Blow","Iron Wave"],"picked":"Flame Barrier","floor":13},{"not_picked":["Rampage","Havoc"],"picked":"Sword Boomerang","floor":14}],"player_experience":606467,"relics_obtained":[{"floor":7,"key":"Turnip"},{"floor":9,"key":"Matryoshka"}],"event_choices":[{"damage_healed":0,"gold_gain":0,"player_choice":"Success","damage_taken":18,"relics_obtained":["Paper Frog"],"max_hp_gain":0,"max_hp_loss":0,"event_name":"Scrap Ooze","floor":2,"gold_loss":0},{"damage_healed":0,"gold_gain":0,"player_choice":"2 cards matched","damage_taken":0,"max_hp_gain":0,"max_hp_loss":0,"event_name":"Match and Keep!","floor":3,"gold_loss":0,"cards_obtained":["Inflame","Bash"]},{"damage_healed":0,"gold_gain":0,"player_choice":"Lose Max HP","damage_taken":0,"relics_obtained":["Golden Idol"],"max_hp_gain":0,"max_hp_loss":6,"event_name":"Golden Idol","floor":5,"gold_loss":0}],"is_beta":false,"boss_relics":[],"items_purged_floors":[12],"is_endless":false,"potions_floor_spawned":[11,13],"killed_by":"Slime Boss","ascension_level":12}