{"gold_per_floor":[114,189,200,45,45,77,77,107,153,210,210,65,90,109,109,209,209,227,227,227,227,247,247,276,276],"floor_reached":25,"playtime":1211,"items_purged":[],"score":312,"play_id":"7ad61c66-b5c9-425e-959f-97e6f007f12c","local_time":"20181223181916","is_ascension_mode":true,"campfire_choices":[{"data":"Whirlwind","floor":7,"key":"SMITH"},{"data":"Thunderclap","floor":11,"key":"SMITH"},{"data":"Limit Break","floor":15,"key":"SMITH"},{"data":"Exhume","floor":23,"key":"SMITH"}],"neow_cost":"PERCENT_DAMAGE","seed_source_timestamp":165285176609382,"circlet_count":0,"master_deck":["Strike_R","Strike_R","Strike_R","Strike_R","Strike_R","Defend_R","Defend_R","Defend_R","Defend_R","Bash","Whirlwind+1","Thunderclap+1","Battle Trance","Limit Break+1","Seeing Red+1","Exhume+1","Ghostly Armor","Berserk","Flex","J.A.X.","Flex+1","Thunderclap+1"],"relics":["Black Blood","Mango","Red Skull","Juzu Bracelet","Lantern","PreservedInsect","Prayer Wheel","Blood Vial","Vajra"],"potions_floor_usage":[6,6,14,25],"damage_taken":[{"damage":9,"enemies":"Jaw Worm","floor":1,"turns":5},{"damage":11,"enemies":"Small Slimes","floor":3,"turns":3},{"damage":16,"enemies":"Gremlin Nob","floor":6,"turns":3},{"damage":40,"enemies":"Lagavulin","floor":8,"turns":7},{"damage":20,"enemies":"3 Sentries","floor":10,"turns":4},{"damage":0,"enemies":"Gremlin Nob","floor":13,"turns":2},{"damage":14,"enemies":"2 Louse","floor":14,"turns":2},{"damage":13,"enemies":"Slime Boss","floor":16,"turns":7},{"damage":2,"enemies":"3 Byrds","floor":18,"turns":3},{"damage":70,"enemies":"Shell Parasite","floor":22,"turns":5},{"damage":30,"enemies":"Gremlin Leader","floor":24,"turns":5},{"damage":36,"enemies":"Shelled Parasite and Fungi","floor":25,"turns":2}],"seed_played":"-725077052202866442","potions_obtained":[{"floor":1,"key":"Fire Potion"},{"floor":3,"key":"Strength Potion"},{"floor":6,"key":"Ancient Potion"},{"floor":13,"key":"GamblersBrew"},{"floor":24,"key":"Regen Potion"}],"is_trial":false,"path_per_floor":["M","?","M","$","?","E","R","E","T","?","R","$","E","M","R","B",null,"M","?","?","?","M","R","E","M"],"character_chosen":"IRONCLAD","items_purchased":["Red Skull","Limit Break"],"campfire_rested":0,"item_purchase_floors":[4,12],"current_hp_per_floor":[67,56,51,51,82,72,72,38,38,24,24,24,30,22,22,15,94,94,94,94,94,34,34,16,0],"gold":276,"neow_bonus":"ONE_RARE_RELIC","is_prod":false,"is_daily":false,"chose_seed":false,"campfire_upgraded":4,"win_rate":0,"timestamp":1545614356,"path_taken":["M","?","M","$","?","E","R","E","T","?","R","$","E","M","R","BOSS","M","?","?","?","M","R","E","M"],"build_version":"2018-12-20","purchased_purges":0,"victory":false,"max_hp_per_floor":[94,94,94,94,94,94,94,94,94,94,94,94,94,94,94,94,94,94,94,94,94,94,94,94,94],"card_choices":[{"not_picked":["Seeing Red","Clothesline","Headbutt"],"picked":"SKIP","floor":1},{"not_picked":["Warcry","Iron Wave"],"picked":"Whirlwind","floor":3},{"not_picked":["Twin Strike","Carnage"],"picked":"Thunderclap","floor":6},{"not_picked":["Thunderclap","Shockwave"],"picked":"Battle Trance","floor":8},{"not_picked":["Pommel Strike","Body Slam"],"picked":"Seeing Red","floor":13},{"not_picked":["Pommel Strike","Hemokinesis"],"picked":"Exhume","floor":14},{"not_picked":["Cleave","Whirlwind"],"picked":"Ghostly Armor","floor":14},{"not_picked":["Limit Break","Juggernaut"],"picked":"Berserk","floor":16},{"not_picked":["Battle Trance","Evolve"],"picked":"Flex","floor":18},{"not_picked":["Corruption","Clothesline","Havoc"],"picked":"SKIP","floor":18},{"not_picked":["Second Wind+1","Seeing Red"],"picked":"Flex+1","floor":22},{"not_picked":["Seeing Red","Twin Strike"],"picked":"Thunderclap+1","floor":22},{"not_picked":["Infernal Blade+1","Anger","Headbutt"],"picked":"SKIP","floor":24}],"player_experience":187145,"relics_obtained":[{"floor":6,"key":"Juzu Bracelet"},{"floor":8,"key":"Lantern"},{"floor":10,"key":"PreservedInsect"},{"floor":13,"key":"Prayer Wheel"},{"floor":24,"key":"Vajra"}],"event_choices":[{"damage_healed":0,"gold_gain":75,"player_choice":"Gather Gold","damage_taken":11,"max_hp_gain":0,"max_hp_loss":0,"event_name":"World of Goop","floor":2,"gold_loss":0},{"damage_healed":31,"gold_gain":0,"player_choice":"Banana","damage_taken":0,"max_hp_gain":0,"max_hp_loss":0,"event_name":"Big Fish","floor":5,"gold_loss":0},{"damage_healed":0,"gold_gain":0,"player_choice":"Searched \u00271\u0027 times","damage_taken":0,"max_hp_gain":0,"max_hp_loss":0,"event_name":"Dead Adventurer","floor":10,"gold_loss":0},{"damage_healed":0,"gold_gain":0,"player_choice":"Obtain J.A.X.","damage_taken":0,"max_hp_gain":0,"max_hp_loss":0,"event_name":"Drug Dealer","floor":19,"gold_loss":0,"cards_obtained":["J.A.X."]},{"damage_healed":0,"gold_gain":0,"player_choice":"Gave Potion","damage_taken":0,"relics_obtained":["Blood Vial"],"max_hp_gain":0,"max_hp_loss":0,"event_name":"WeMeetAgain","floor":20,"gold_loss":0},{"damage_healed":0,"gold_gain":0,"player_choice":"Upgraded","damage_taken":0,"max_hp_gain":0,"max_hp_loss":0,"event_name":"Upgrade Shrine","floor":21,"gold_loss":0,"cards_upgraded":["Seeing Red"]}],"is_beta":false,"boss_relics":[{"not_picked":["Fusion Hammer","Empty Cage"],"picked":"Black Blood"}],"items_purged_floors":[],"is_endless":false,"potions_floor_spawned":[1,3,6,13,24],"killed_by":"Shelled Parasite and Fungi","ascension_level":4}