{"gold_per_floor":[118,129,54,54,71,100,100,166,213,32,32,62,80,80,80,175,175,195,210,228,83,103,103,78,78,78,93,493,147,147,160,160,160],"floor_reached":33,"playtime":1504,"items_purged":["Defend_R","Strike_R","Strike_R"],"score":245,"play_id":"99757b00-60c4-4758-a963-3f015dba7c91","local_time":"20181231004227","is_ascension_mode":false,"campfire_choices":[{"data":"Shrug It Off","floor":7,"key":"SMITH"},{"data":"Inflame","floor":11,"key":"SMITH"},{"data":"Entrench","floor":15,"key":"SMITH"},{"data":"Bash","floor":23,"key":"SMITH"},{"data":"True Grit","floor":25,"key":"SMITH"},{"data":"Cleave","floor":30,"key":"SMITH"},{"data":"Defend_R","floor":32,"key":"SMITH"}],"neow_cost":"NONE","seed_source_timestamp":53802768425506,"circlet_count":0,"master_deck":["Strike_R","Defend_R","Defend_R","Defend_R+1","Bash+1","Shrug It Off+1","Thunderclap+1","Cleave+1","Inflame+1","Entrench+1","True Grit+1","Cleave+1","Berserk"],"relics":["Burning Blood","Whetstone","Orichalcum","Odd Mushroom","Empty Cage","Lantern","Matryoshka","Old Coin","Singing Bowl","Brimstone"],"potions_floor_usage":[16,16,28,33,33],"damage_taken":[{"damage":10,"enemies":"Jaw Worm","floor":1,"turns":4},{"damage":5,"enemies":"2 Louse","floor":2,"turns":3},{"damage":0,"enemies":"Small Slimes","floor":5,"turns":3},{"damage":36,"enemies":"3 Sentries","floor":6,"turns":6},{"damage":15,"enemies":"The Mushroom Lair","floor":12,"turns":3},{"damage":4,"enemies":"Exordium Thugs","floor":13,"turns":3},{"damage":26,"enemies":"Hexaghost","floor":16,"turns":11},{"damage":11,"enemies":"3 Byrds","floor":18,"turns":4},{"damage":14,"enemies":"Spheric Guardian","floor":19,"turns":5},{"damage":10,"enemies":"Centurion and Healer","floor":20,"turns":7},{"damage":10,"enemies":"3 Cultists","floor":22,"turns":4},{"damage":15,"enemies":"Snake Plant","floor":27,"turns":4},{"damage":16,"enemies":"Colosseum Slavers","floor":28,"turns":4},{"damage":22,"enemies":"Colosseum Nobs","floor":28,"turns":4},{"damage":3,"enemies":"Snecko","floor":31,"turns":4},{"damage":48,"enemies":"Champ","floor":33,"turns":10}],"seed_played":"8345412955706425100","potions_obtained":[{"floor":2,"key":"Dexterity Potion"},{"floor":6,"key":"Ancient Potion"},{"floor":13,"key":"Dexterity Potion"},{"floor":27,"key":"PowerPotion"},{"floor":28,"key":"Dexterity Potion"},{"floor":31,"key":"LiquidBronze"}],"is_trial":false,"path_per_floor":["M","M","$","?","M","E","R","?","T","$","R","?","M","?","R","B",null,"M","M","M","$","M","R","$","R","T","M","?","$","R","M","R","B"],"character_chosen":"IRONCLAD","items_purchased":["Inflame","Lantern","True Grit","Brimstone","Cleave"],"campfire_rested":0,"item_purchase_floors":[10,21,24,29,29],"current_hp_per_floor":[84,85,85,85,88,58,58,58,58,58,58,49,51,51,51,31,88,83,75,71,71,67,67,67,67,67,58,34,34,34,37,37,0],"gold":160,"neow_bonus":"TEN_PERCENT_HP_BONUS","is_prod":false,"is_daily":false,"chose_seed":false,"campfire_upgraded":7,"win_rate":0,"timestamp":1546242147,"path_taken":["M","M","$","?","M","E","R","?","T","$","R","?","?","?","R","BOSS","M","M","M","$","M","R","$","R","T","?","?","$","R","M","R","BOSS"],"build_version":"2018-12-20","purchased_purges":3,"victory":false,"max_hp_per_floor":[88,88,88,88,88,88,88,88,88,88,88,88,88,88,88,88,88,88,88,88,88,88,88,88,88,88,88,90,90,90,90,90,90],"card_choices":[{"not_picked":["Iron Wave","Cleave"],"picked":"Shrug It Off","floor":1},{"not_picked":["Rupture","Clothesline"],"picked":"Thunderclap","floor":2},{"not_picked":["Wild Strike","Intimidate"],"picked":"Cleave","floor":5},{"not_picked":["Sword Boomerang","Pommel Strike","Hemokinesis"],"picked":"SKIP","floor":6},{"not_picked":["Perfected Strike","Clash"],"picked":"Entrench","floor":12},{"not_picked":["Combust","Rupture","Inflame"],"picked":"SKIP","floor":13},{"not_picked":["Sword Boomerang","Clothesline","Pommel Strike"],"picked":"SKIP","floor":18},{"not_picked":["Infernal Blade","Hemokinesis","Thunderclap+1"],"picked":"SKIP","floor":19},{"not_picked":["Reckless Charge","Bloodletting+1","Flex"],"picked":"SKIP","floor":20},{"not_picked":["Rupture","Flex+1","Armaments"],"picked":"SKIP","floor":22},{"not_picked":["Sentinel+1","Havoc+1","Metallicize"],"picked":"SKIP","floor":27},{"not_picked":["Body Slam","Twin Strike","Perfected Strike+1"],"picked":"Singing Bowl","floor":28},{"not_picked":["Thunderclap","Twin Strike"],"picked":"Berserk","floor":31}],"player_experience":221012,"relics_obtained":[{"floor":6,"key":"Whetstone"},{"floor":9,"key":"Orichalcum"},{"floor":12,"key":"Odd Mushroom"},{"floor":26,"key":"Matryoshka"},{"floor":28,"key":"Old Coin"},{"floor":28,"key":"Singing Bowl"}],"event_choices":[{"damage_healed":0,"gold_gain":0,"player_choice":"Ignored","damage_taken":0,"max_hp_gain":0,"max_hp_loss":0,"event_name":"Liars Game","floor":4,"gold_loss":0},{"damage_healed":0,"gold_gain":66,"player_choice":"Gained Gold","damage_taken":0,"max_hp_gain":0,"max_hp_loss":0,"event_name":"Golden Wing","floor":8,"gold_loss":0},{"damage_healed":0,"gold_gain":0,"player_choice":"Fought Mushrooms","damage_taken":0,"max_hp_gain":0,"max_hp_loss":0,"event_name":"Mushrooms","floor":12,"gold_loss":0},{"damage_healed":0,"gold_gain":0,"player_choice":"Bought 0 Potions","damage_taken":0,"max_hp_gain":0,"max_hp_loss":0,"event_name":"The Woman in Blue","floor":14,"gold_loss":0},{"damage_healed":0,"gold_gain":0,"player_choice":"Fight","damage_taken":0,"max_hp_gain":0,"max_hp_loss":0,"event_name":"Colosseum","floor":28,"gold_loss":0},{"damage_healed":0,"gold_gain":0,"player_choice":"Fought Nobs","damage_taken":0,"max_hp_gain":0,"max_hp_loss":0,"event_name":"Colosseum","floor":28,"gold_loss":0}],"is_beta":false,"boss_relics":[{"not_picked":["Ectoplasm","Runic Dome"],"picked":"Empty Cage"}],"items_purged_floors":[3,10,29],"is_endless":false,"potions_floor_spawned":[2,6,13,27,28,28,31],"killed_by":"Champ","ascension_level":0}