{"gold_per_floor":[111,36,36,36,48,48,82,82,137,137,157,157,171,183,183,282,332,348,358,0,11,21,21,21,21,44,71,90,90,100,100,100,100],"floor_reached":33,"playtime":1088,"items_purged":["Strike_R","Strike_R"],"score":305,"play_id":"9c7dc0a6-ab91-4c42-804b-535e37c184d8","local_time":"20181221070608","is_ascension_mode":true,"campfire_choices":[{"data":"Uppercut","floor":6,"key":"SMITH"},{"data":"Dropkick","floor":8,"key":"SMITH"},{"data":"Defend_R","floor":10,"key":"SMITH"},{"data":"Spot Weakness","floor":12,"key":"SMITH"},{"data":"Strike_R","floor":15,"key":"SMITH"},{"data":"Defend_R","floor":23,"key":"SMITH"},{"floor":32,"key":"REST"}],"neow_cost":"NONE","seed_source_timestamp":164022227506511,"circlet_count":0,"master_deck":["Defend_R+1","Defend_R+1","Defend_R","Defend_R+1","Bash+1","Uppercut+1","Dropkick+1","Spot Weakness+1","RitualDagger","Bite","Bite","Bite","Bite","Bite"],"relics":["Busted Crown","Orichalcum","Tiny Chest","Tiny House","Paper Frog","MutagenicStrength","Juzu Bracelet","Ancient Tea Set","FossilizedHelix"],"potions_floor_usage":[7,14,16,16,21,22,22,27],"damage_taken":[{"damage":3,"enemies":"Jaw Worm","floor":1,"turns":3},{"damage":0,"enemies":"2 Louse","floor":5,"turns":2},{"damage":10,"enemies":"Gremlin Nob","floor":7,"turns":3},{"damage":0,"enemies":"Small Slimes","floor":11,"turns":2},{"damage":6,"enemies":"Exordium Wildlife","floor":13,"turns":3},{"damage":0,"enemies":"Large Slime","floor":14,"turns":4},{"damage":6,"enemies":"The Guardian","floor":16,"turns":4},{"damage":2,"enemies":"Chosen","floor":18,"turns":3},{"damage":16,"enemies":"Spheric Guardian","floor":19,"turns":4},{"damage":18,"enemies":"Shelled Parasite and Fungi","floor":21,"turns":4},{"damage":4,"enemies":"Centurion and Healer","floor":22,"turns":4},{"damage":6,"enemies":"Book of Stabbing","floor":27,"turns":3},{"damage":18,"enemies":"Snecko","floor":28,"turns":5},{"damage":24,"enemies":"Snake Plant","floor":30,"turns":4},{"damage":55,"enemies":"Automaton","floor":33,"turns":6}],"seed_played":"263166110629823866","potions_obtained":[{"floor":5,"key":"Swift Potion"},{"floor":11,"key":"AttackPotion"},{"floor":13,"key":"Regen Potion"},{"floor":14,"key":"Strength Potion"},{"floor":17,"key":"Ancient Potion"},{"floor":19,"key":"Regen Potion"},{"floor":21,"key":"Fire Potion"},{"floor":22,"key":"Weak Potion"}],"is_trial":false,"path_per_floor":["M","$","?","?","M","R","E","R","T","R","M","R","M","M","R","B",null,"M","M","$","M","M","R","?","?","T","E","M","?","M","T","R","B"],"character_chosen":"IRONCLAD","items_purchased":["Paper Frog"],"campfire_rested":1,"item_purchase_floors":[20],"current_hp_per_floor":[77,77,70,54,54,54,44,44,44,44,44,44,38,50,50,44,85,83,67,67,61,57,57,57,51,51,45,27,27,17,17,34,0],"gold":100,"neow_bonus":"BOSS_RELIC","is_prod":false,"is_daily":false,"chose_seed":false,"campfire_upgraded":6,"win_rate":0,"timestamp":1545401168,"path_taken":["M","$","?","?","M","R","E","R","T","R","M","R","M","M","R","BOSS","M","M","$","M","M","R","?","?","T","E","M","?","M","?","R","BOSS"],"build_version":"2018-12-20","purchased_purges":2,"victory":false,"max_hp_per_floor":[80,80,80,80,80,80,80,80,80,80,80,80,80,80,80,80,85,85,85,85,85,85,85,85,85,85,85,85,59,59,59,59,59],"card_choices":[{"not_picked":["Body Slam"],"picked":"SKIP","floor":1},{"not_picked":[],"picked":"Uppercut","floor":5},{"not_picked":[],"picked":"Dropkick","floor":7},{"not_picked":[],"picked":"Spot Weakness","floor":11},{"not_picked":["Wild Strike"],"picked":"SKIP","floor":13},{"not_picked":["Clash"],"picked":"SKIP","floor":14},{"not_picked":["Intimidate+1"],"picked":"SKIP","floor":18},{"not_picked":["Blood for Blood"],"picked":"SKIP","floor":19},{"not_picked":["Armaments"],"picked":"SKIP","floor":21},{"not_picked":["Anger"],"picked":"SKIP","floor":22},{"not_picked":["Evolve"],"picked":"SKIP","floor":27},{"not_picked":["Havoc"],"picked":"SKIP","floor":28}],"player_experience":154489,"relics_obtained":[{"floor":7,"key":"Orichalcum"},{"floor":9,"key":"Tiny Chest"},{"floor":26,"key":"Juzu Bracelet"},{"floor":27,"key":"Ancient Tea Set"},{"floor":31,"key":"FossilizedHelix"}],"event_choices":[{"cards_removed":["Strike_R"],"damage_healed":0,"gold_gain":0,"player_choice":"Card Removal","damage_taken":7,"max_hp_gain":0,"max_hp_loss":0,"event_name":"Golden Wing","floor":3,"gold_loss":0},{"damage_healed":0,"gold_gain":0,"player_choice":"Entered Light","damage_taken":16,"max_hp_gain":0,"max_hp_loss":0,"event_name":"Shining Light","floor":4,"gold_loss":0,"cards_upgraded":["Bash","Defend_R"]},{"damage_healed":0,"gold_gain":0,"player_choice":"Inject Mutagens","damage_taken":0,"relics_obtained":["MutagenicStrength"],"max_hp_gain":0,"max_hp_loss":0,"event_name":"Drug Dealer","floor":24,"gold_loss":0},{"damage_healed":0,"gold_gain":0,"player_choice":"Joined the Cult","damage_taken":6,"max_hp_gain":0,"max_hp_loss":0,"event_name":"Nest","floor":25,"gold_loss":0,"cards_obtained":["RitualDagger"]},{"damage_healed":0,"gold_gain":0,"player_choice":"Became a vampire","damage_taken":0,"max_hp_gain":0,"max_hp_loss":26,"event_name":"Vampires","floor":29,"gold_loss":0,"cards_obtained":["Bite","Bite","Bite","Bite","Bite"]}],"is_beta":false,"boss_relics":[{"not_picked":["Cursed Key","Runic Cube"],"picked":"Tiny House"}],"items_purged_floors":[2,20],"is_endless":false,"potions_floor_spawned":[5,11,13,14,19,21,22],"killed_by":"Automaton","ascension_level":1}