{"gold_per_floor":[118,128,128,151,101,101,117,158,184,225,246,277,277,300,300,429,429,444,444,444,462,487,487,528,528,528,443,443,443,477,514,526,666,678,703,740,752,1097,576,606,625,625,704,704,704,204,220,44,44,44],"floor_reached":51,"playtime":1842,"items_purged":["Defend_B","Doubt","Dualcast"],"score":1120,"play_id":"091da2ad-4091-47a9-ab6d-bf392affdf36","local_time":"20190803113011","is_ascension_mode":true,"campfire_choices":[{"data":"Streamline","floor":6.0,"key":"SMITH"},{"floor":13.0,"key":"REST"},{"floor":15.0,"key":"REST"},{"data":"RitualDagger","floor":23.0,"key":"SMITH"},{"data":"Go for the Eyes","floor":25.0,"key":"SMITH"},{"data":"Core Surge","floor":28.0,"key":"SMITH"},{"floor":32.0,"key":"REST"},{"data":"Seek","floor":42,"key":"SMITH"},{"floor":44,"key":"REST"},{"data":"Scrape","floor":49,"key":"SMITH"}],"neow_cost":"NONE","seed_source_timestamp":0,"circlet_count":0,"master_deck":["Defend_B","Defend_B","Defend_B","Zap","Gash","Beam Cell","Streamline+1","Core Surge+1","Go for the Eyes+1","Gash","Beam Cell","RitualDagger+1","Gash","Seek+1","Streamline+1","Scrape+1","Gash"],"special_seed":0,"relics":["Cracked Core","Bag of Preparation","Pen Nib","Happy Flower","Emotion Chip","Centennial Puzzle","Empty Cage","Red Mask","Gambling Chip","FossilizedHelix","MawBank","Cursed Key","Turnip","Art of War","Bronze Scales","Mercury Hourglass","Strawberry","Lee\u0027s Waffle"],"potions_floor_usage":[50,50,50],"damage_taken":[{"damage":0.0,"enemies":"Small Slimes","floor":1.0,"turns":4.0},{"damage":7.0,"enemies":"Jaw Worm","floor":2.0,"turns":3.0},{"damage":1.0,"enemies":"Cultist","floor":4.0,"turns":3.0},{"damage":0.0,"enemies":"Exordium Wildlife","floor":7.0,"turns":2.0},{"damage":25.0,"enemies":"3 Sentries","floor":8.0,"turns":7.0},{"damage":15.0,"enemies":"Lagavulin","floor":10.0,"turns":7.0},{"damage":0.0,"enemies":"Large Slime","floor":11.0,"turns":3.0},{"damage":0.0,"enemies":"Gremlin Nob","floor":12.0,"turns":2.0},{"damage":12.0,"enemies":"Slime Boss","floor":16.0,"turns":6.0},{"damage":11.0,"enemies":"2 Thieves","floor":18.0,"turns":2.0},{"damage":0.0,"enemies":"Spheric Guardian","floor":21.0,"turns":1.0},{"damage":12.0,"enemies":"Centurion and Healer","floor":22.0,"turns":3.0},{"damage":4.0,"enemies":"Masked Bandits","floor":24.0,"turns":3.0},{"damage":12.0,"enemies":"Slavers","floor":30.0,"turns":4.0},{"damage":6.0,"enemies":"Cultist and Chosen","floor":31.0,"turns":3.0},{"damage":64.0,"enemies":"Automaton","floor":33.0,"turns":8.0},{"damage":0.0,"enemies":"Orb Walker","floor":35.0,"turns":1.0},{"damage":8.0,"enemies":"3 Darklings","floor":36.0,"turns":4.0},{"damage":6,"enemies":"Reptomancer","floor":40,"turns":2},{"damage":0,"enemies":"Sphere and 2 Shapes","floor":41,"turns":3},{"damage":0,"enemies":"Writhing Mass","floor":47,"turns":2},{"damage":83,"enemies":"Donu and Deca","floor":50,"turns":6}],"seed_played":"3407509512422991026","potions_obtained":[{"floor":7.0,"key":"Energy Potion"},{"floor":8.0,"key":"Ancient Potion"},{"floor":10.0,"key":"AttackPotion"},{"floor":21.0,"key":"AttackPotion"},{"floor":24.0,"key":"Strength Potion"},{"floor":45,"key":"PowerPotion"}],"is_trial":false,"path_per_floor":["M","M","?","M","?","R","M","E","T","E","M","E","R","T","R","B",null,"M","?","?","M","M","R","?","R","T","?","R","?","E","M","R","B",null,"M","M","?","?","$","E","M","R","T","R","?","$","M","$","R","B",null],"character_chosen":"DEFECT","items_purchased":["Turnip","Art of War","Scrape","Strawberry","Lee\u0027s Waffle","Gash"],"campfire_rested":4,"item_purchase_floors":[39,39,46,46,46,48],"current_hp_per_floor":[68,61,43,42,42,42,42,17,17,2,2,2,24,24,46,34,65,54,48,85,85,73,73,69,69,69,69,69,69,57,51,76,12,67,67,59,59,59,59,53,53,53,53,78,78,99,99,99,99,16],"gold":44,"neow_bonus":"REMOVE_CARD","is_prod":false,"is_daily":false,"chose_seed":false,"campfire_upgraded":6,"win_rate":0,"timestamp":1564824611,"path_taken":["M","M","?","M","?","R","M","E","T","E","?","E","R","?","R","BOSS","M","?","?","M","?","R","?","R","T","?","R","?","E","M","R","BOSS","M","M","?","?","$","E","M","R","T","R","?","$","M","$","R","BOSS"],"build_version":"2019-07-18","purchased_purges":3,"victory":true,"max_hp_per_floor":[75,75,75,75,75,75,75,75,75,75,75,75,75,75,75,75,75,75,75,85,85,85,85,85,85,85,85,85,85,85,85,85,85,85,85,85,85,85,85,85,85,85,85,85,85,99,99,99,99,99],"card_choices":[{"not_picked":["Steam","BootSequence"],"picked":"Gash","floor":1.0},{"not_picked":["Reprogram","Genetic Algorithm"],"picked":"Beam Cell","floor":2.0},{"not_picked":["Rip and Tear","Genetic Algorithm"],"picked":"Streamline","floor":4.0},{"not_picked":["Rebound","Leap"],"picked":"Core Surge","floor":7.0},{"not_picked":["BootSequence","Hologram"],"picked":"Go for the Eyes","floor":8.0},{"not_picked":["Streamline","Recycle"],"picked":"Gash","floor":10.0},{"not_picked":["Ball Lightning","Conserve Battery","Leap"],"picked":"SKIP","floor":11.0},{"not_picked":["Hologram","Barrage","Buffer"],"picked":"SKIP","floor":12.0},{"not_picked":["Hyperbeam","Buffer"],"picked":"Seek","floor":16.0},{"not_picked":["Stack","Fusion+1"],"picked":"Beam Cell","floor":18.0},{"not_picked":["Recycle","Barrage"],"picked":"Gash","floor":21.0},{"not_picked":["Fission","Heatsinks","Beam Cell"],"picked":"SKIP","floor":22.0},{"not_picked":["Steam","Leap","Reinforced Body"],"picked":"SKIP","floor":30.0},{"not_picked":["Defragment","Heatsinks","Consume"],"picked":"SKIP","floor":31.0},{"not_picked":["Meteor Strike","Amplify"],"picked":"Seek","floor":33.0},{"not_picked":["Force Field+1","Genetic Algorithm+1","Go for the Eyes+1"],"picked":"SKIP","floor":35.0},{"not_picked":["Beam Cell+1","Defragment+1","White Noise"],"picked":"SKIP","floor":36.0},{"not_picked":["Turbo+1","Barrage"],"picked":"Streamline+1","floor":40},{"not_picked":["Stack+1","Lockon+1","Hello World+1"],"picked":"SKIP","floor":41},{"not_picked":["Electrodynamics","Hologram+1","Go for the Eyes"],"picked":"SKIP","floor":47}],"player_experience":562198,"relics_obtained":[{"floor":8.0,"key":"Bag of Preparation"},{"floor":9.0,"key":"Pen Nib"},{"floor":10.0,"key":"Happy Flower"},{"floor":12.0,"key":"Emotion Chip"},{"floor":14.0,"key":"Centennial Puzzle"},{"floor":24.0,"key":"Red Mask"},{"floor":26.0,"key":"Gambling Chip"},{"floor":30.0,"key":"MawBank"},{"floor":40,"key":"Bronze Scales"},{"floor":43,"key":"Mercury Hourglass"}],"event_choices":[{"damage_healed":0.0,"max_hp_gain":0.0,"max_hp_loss":0.0,"gold_gain":0.0,"event_name":"Golden Idol","player_choice":"Take Damage","floor":3.0,"gold_loss":0.0,"damage_taken":18.0,"relics_obtained":["Golden Idol"]},{"cards_removed":["Strike_B"],"damage_healed":0.0,"max_hp_gain":0.0,"max_hp_loss":0.0,"gold_gain":0.0,"event_name":"The Cleric","player_choice":"Card Removal","floor":5.0,"gold_loss":50.0,"damage_taken":0.0},{"damage_healed":0.0,"max_hp_gain":0.0,"max_hp_loss":0.0,"gold_gain":0.0,"event_name":"Nest","player_choice":"Joined the Cult","floor":19.0,"gold_loss":0.0,"damage_taken":6.0,"cards_obtained":["RitualDagger"]},{"cards_removed":["Seek"],"damage_healed":27.0,"max_hp_gain":10.0,"max_hp_loss":0.0,"gold_gain":0.0,"event_name":"Bonfire Elementals","player_choice":"Offered Rare","floor":20.0,"gold_loss":0.0,"damage_taken":0.0},{"damage_healed":0.0,"max_hp_gain":0.0,"max_hp_loss":0.0,"gold_gain":0.0,"event_name":"Masked Bandits","player_choice":"Fought Bandits","floor":24.0,"gold_loss":0.0,"damage_taken":0.0},{"damage_healed":0.0,"max_hp_gain":0.0,"max_hp_loss":0.0,"gold_gain":0.0,"event_name":"Addict","player_choice":"Obtained Relic","floor":27.0,"gold_loss":85.0,"damage_taken":0.0,"relics_obtained":["FossilizedHelix"]},{"damage_healed":0.0,"max_hp_gain":0.0,"max_hp_loss":0.0,"gold_gain":0.0,"event_name":"Vampires","player_choice":"Ignored","floor":29.0,"gold_loss":0.0,"damage_taken":0.0},{"damage_healed":0.0,"max_hp_gain":0.0,"max_hp_loss":0.0,"gold_gain":0.0,"event_name":"Tomb of Lord Red Mask","player_choice":"Ignored","floor":37.0,"gold_loss":0.0,"damage_taken":0.0},{"damage_healed":0.0,"max_hp_gain":0.0,"max_hp_loss":0.0,"gold_gain":333.0,"event_name":"The Moai Head","player_choice":"Gave Idol","floor":38.0,"relics_lost":["Golden Idol"],"gold_loss":0.0,"damage_taken":0.0},{"damage_healed":0,"gold_gain":0,"player_choice":"Got Potions","damage_taken":0,"max_hp_gain":0,"max_hp_loss":0,"event_name":"Lab","floor":45,"gold_loss":0}],"is_beta":true,"boss_relics":[{"not_picked":["FrozenCore","Eternal Feather"],"picked":"Empty Cage"},{"not_picked":["Busted Crown","Velvet Choker"],"picked":"Cursed Key"}],"items_purged_floors":[39,46,48],"is_endless":false,"potions_floor_spawned":[7,8,10,21,24,33,36,47],"ascension_level":8}