{"gold_per_floor":[112,112,112,124,124,157,157,185,236,161,174,203,260,260,260,260],"floor_reached":16,"playtime":732,"items_purged":["Strike_R"],"score":176,"play_id":"53834d39-4735-4575-a25d-0a3846bc80d5","local_time":"20190201204128","is_ascension_mode":true,"campfire_choices":[{"data":"Bash","floor":7,"key":"SMITH"},{"floor":15,"key":"REST"}],"neow_cost":"NONE","seed_source_timestamp":406178673354240,"circlet_count":0,"master_deck":["Strike_R","Strike_R","Strike_R","Defend_R","Defend_R","Defend_R","Bash+1","Pommel Strike","True Grit+1","Dropkick","Dual Wield"],"relics":["Burning Blood","NeowsBlessing","Bag of Preparation","Thread and Needle","Blood Vial","Singing Bowl","Bronze Scales","Omamori"],"potions_floor_usage":[8,12,16],"damage_taken":[{"damage":0,"enemies":"Small Slimes","floor":1,"turns":1},{"damage":0,"enemies":"Jaw Worm","floor":4,"turns":1},{"damage":0,"enemies":"Gremlin Nob","floor":6,"turns":1},{"damage":26,"enemies":"Lagavulin","floor":8,"turns":5},{"damage":0,"enemies":"Cultist","floor":11,"turns":3},{"damage":13,"enemies":"3 Sentries","floor":12,"turns":9},{"damage":43,"enemies":"3 Sentries","floor":13,"turns":11},{"damage":63,"enemies":"Slime Boss","floor":16,"turns":8}],"seed_played":"1986344559688094708","potions_obtained":[{"floor":6,"key":"SteroidPotion"},{"floor":11,"key":"Fire Potion"},{"floor":13,"key":"BloodPotion"}],"is_trial":false,"path_per_floor":["M","?","?","M","?","E","R","E","T","$","M","E","?","?","R","B"],"character_chosen":"IRONCLAD","items_purchased":[],"campfire_rested":1,"item_purchase_floors":[],"current_hp_per_floor":[80,80,80,80,80,80,80,60,60,60,68,65,30,27,51,0],"gold":260,"neow_bonus":"THREE_ENEMY_KILL","is_prod":false,"is_daily":false,"chose_seed":false,"campfire_upgraded":1,"win_rate":0,"timestamp":1549078888,"path_taken":["M","?","?","?","?","E","R","E","T","$","?","E","?","?","R","BOSS"],"build_version":"2019-01-23","purchased_purges":1,"victory":false,"max_hp_per_floor":[80,80,80,80,80,80,80,80,80,80,80,82,82,82,82,82],"card_choices":[{"not_picked":["Dual Wield","Warcry"],"picked":"Pommel Strike","floor":1},{"not_picked":["Headbutt","Heavy Blade"],"picked":"True Grit","floor":4},{"not_picked":["Warcry","Shrug It Off"],"picked":"Dropkick","floor":6},{"not_picked":["Impervious","Intimidate","Warcry"],"picked":"SKIP","floor":8},{"not_picked":["Impervious","Intimidate","Warcry"],"picked":"SKIP","floor":8},{"not_picked":["Headbutt","Spot Weakness","Shockwave"],"picked":"SKIP","floor":11},{"not_picked":["Perfected Strike","Burning Pact","Pommel Strike"],"picked":"Singing Bowl","floor":12},{"not_picked":["Perfected Strike","Cleave"],"picked":"Dual Wield","floor":13}],"player_experience":356079,"relics_obtained":[{"floor":6,"key":"Bag of Preparation"},{"floor":8,"key":"Thread and Needle"},{"floor":9,"key":"Blood Vial"},{"floor":12,"key":"Singing Bowl"},{"floor":13,"key":"Bronze Scales"}],"event_choices":[{"cards_removed":["Defend_R"],"damage_healed":0,"gold_gain":0,"player_choice":"Forget","damage_taken":0,"max_hp_gain":0,"max_hp_loss":0,"event_name":"Living Wall","floor":2,"gold_loss":0},{"cards_removed":["Strike_R"],"damage_healed":0,"gold_gain":0,"player_choice":"Purged","damage_taken":0,"max_hp_gain":0,"max_hp_loss":0,"event_name":"Purifier","floor":3,"gold_loss":0},{"damage_healed":0,"gold_gain":0,"player_choice":"Upgraded","damage_taken":0,"max_hp_gain":0,"max_hp_loss":0,"event_name":"Upgrade Shrine","floor":5,"gold_loss":0,"cards_upgraded":["True Grit"]},{"damage_healed":0,"gold_gain":0,"player_choice":"Searched \u00272\u0027 times","damage_taken":0,"max_hp_gain":0,"max_hp_loss":0,"event_name":"Dead Adventurer","floor":13,"gold_loss":0},{"damage_healed":0,"gold_gain":0,"player_choice":"Success","damage_taken":3,"relics_obtained":["Omamori"],"max_hp_gain":0,"max_hp_loss":0,"event_name":"Scrap Ooze","floor":14,"gold_loss":0}],"is_beta":false,"boss_relics":[],"items_purged_floors":[10],"is_endless":false,"potions_floor_spawned":[6,11,13],"killed_by":"Slime Boss","ascension_level":5}