{"gold_per_floor":[110,13,13,24,24,24,24,24,94,112,122,140,2,0,0,0],"floor_reached":16,"playtime":684,"items_purged":["Strike_R","Strike_R"],"score":90,"play_id":"40a76573-2e49-4062-8fba-f371a48b016e","local_time":"20190205225550","is_ascension_mode":false,"campfire_choices":[{"data":"Armaments","floor":6,"key":"SMITH"},{"data":"Barricade","floor":8,"key":"SMITH"},{"data":"Bash","floor":15,"key":"SMITH"}],"neow_cost":"PERCENT_DAMAGE","seed_source_timestamp":759908046262865,"circlet_count":0,"master_deck":["Strike_R","Strike_R+1","Strike_R","Defend_R","Defend_R","Defend_R+1","Defend_R","Bash+1","Barricade+1","Armaments+1","Second Wind","Entrench","Power Through"],"relics":["Burning Blood","Bronze Scales"],"potions_floor_usage":[16],"damage_taken":[{"damage":6,"enemies":"Jaw Worm","floor":1,"turns":3},{"damage":0,"enemies":"2 Louse","floor":4,"turns":4},{"damage":5,"enemies":"Small Slimes","floor":10,"turns":4},{"damage":19,"enemies":"Gremlin Gang","floor":11,"turns":5},{"damage":6,"enemies":"Red Slaver","floor":12,"turns":6},{"damage":0,"enemies":"Looter","floor":14,"turns":4},{"damage":43,"enemies":"Hexaghost","floor":16,"turns":12}],"seed_played":"6252176849012113268","potions_obtained":[{"floor":1,"key":"Regen Potion"},{"floor":11,"key":"AttackPotion"}],"is_trial":false,"path_per_floor":["M","$","?","M","?","R","?","R","T","M","M","M","$","M","R","B"],"character_chosen":"IRONCLAD","items_purchased":["Armaments","Power Through"],"campfire_rested":0,"item_purchase_floors":[2,13],"current_hp_per_floor":[56,56,56,62,46,46,46,46,46,47,34,34,34,40,40,0],"gold":0,"neow_bonus":"THREE_RARE_CARDS","is_prod":false,"is_daily":false,"chose_seed":false,"campfire_upgraded":3,"win_rate":0,"timestamp":1549432550,"path_taken":["M","$","?","M","?","R","?","R","T","M","M","?","?","M","R","BOSS"],"build_version":"2019-01-23","purchased_purges":2,"victory":false,"max_hp_per_floor":[80,80,80,80,80,80,80,80,80,80,80,80,80,80,80,80],"card_choices":[{"not_picked":["Dark Embrace","Offering"],"picked":"Barricade","floor":0},{"not_picked":["Sentinel","Flex","Hemokinesis"],"picked":"SKIP","floor":1},{"not_picked":["Reckless Charge","Sentinel"],"picked":"Second Wind","floor":4},{"not_picked":["True Grit","Headbutt","Dropkick"],"picked":"SKIP","floor":10},{"not_picked":["Headbutt","Shockwave","Pummel"],"picked":"SKIP","floor":11},{"not_picked":["Uppercut","Anger"],"picked":"Entrench","floor":12},{"not_picked":["Clash","Carnage","Clothesline"],"picked":"SKIP","floor":14}],"player_experience":372512,"relics_obtained":[],"event_choices":[{"damage_healed":0,"gold_gain":0,"player_choice":"Ignored","damage_taken":0,"max_hp_gain":0,"max_hp_loss":0,"event_name":"Liars Game","floor":3,"gold_loss":0},{"damage_healed":0,"gold_gain":0,"player_choice":"Entered Light","damage_taken":16,"max_hp_gain":0,"max_hp_loss":0,"event_name":"Shining Light","floor":5,"gold_loss":0,"cards_upgraded":["Strike_R","Defend_R"]},{"damage_healed":0,"gold_gain":0,"player_choice":"Gave Potion","damage_taken":0,"relics_obtained":["Bronze Scales"],"max_hp_gain":0,"max_hp_loss":0,"event_name":"WeMeetAgain","floor":7,"gold_loss":0}],"is_beta":false,"boss_relics":[],"items_purged_floors":[2,13],"is_endless":false,"potions_floor_spawned":[1,11],"killed_by":"Hexaghost","ascension_level":0}