{"gold_per_floor":[115,115,133,144,160,194,212,212,212,212,247,9,9,24,24,24],"floor_reached":16,"playtime":2041,"items_purged":["Strike_G"],"score":137,"play_id":"4bc93f70-4181-472e-a8d8-3f7f6f0a4303","local_time":"20181211194948","is_ascension_mode":false,"campfire_choices":[{"data":"Deadly Poison","floor":8,"key":"SMITH"},{"floor":15,"key":"REST"}],"neow_cost":"NONE","seed_source_timestamp":605507830808368,"circlet_count":0,"master_deck":["Defend_G","Defend_G","Defend_G","Defend_G","Defend_G","Strike_G","Strike_G","Strike_G","Survivor","Neutralize","Dagger Throw","Deadly Poison+1","A Thousand Cuts","Outmaneuver","Bane","Bane","Caltrops","Bullet Time","Phantasmal Killer"],"relics":["Ring of the Snake","Lantern","Omamori","Letter Opener","Blue Candle","Bronze Scales","GremlinMask"],"potions_floor_usage":[6,11,11,11],"damage_taken":[{"damage":0,"enemies":"Small Slimes","floor":1,"turns":4},{"damage":0,"enemies":"Cultist","floor":3,"turns":4},{"damage":0,"enemies":"2 Louse","floor":4,"turns":2},{"damage":2,"enemies":"2 Fungi Beasts","floor":5,"turns":4},{"damage":24,"enemies":"Lagavulin","floor":6,"turns":9},{"damage":17,"enemies":"Gremlin Gang","floor":7,"turns":4},{"damage":0,"enemies":"Gremlin Nob","floor":11,"turns":3},{"damage":0,"enemies":"Large Slime","floor":14,"turns":4},{"damage":45,"enemies":"The Guardian","floor":16,"turns":8}],"seed_played":"-7467513559223277943","potions_obtained":[{"floor":3,"key":"Block Potion"},{"floor":4,"key":"AttackPotion"},{"floor":5,"key":"Explosive Potion"},{"floor":7,"key":"SteroidPotion"}],"is_trial":false,"path_per_floor":["M","?","M","M","M","E","M","R","T","?","E","$","?","M","R","B"],"character_chosen":"THE_SILENT","items_purchased":["Bullet Time"],"campfire_rested":1,"item_purchase_floors":[12],"current_hp_per_floor":[70,70,70,70,68,44,27,27,27,20,20,20,20,20,41,0],"gold":24,"neow_bonus":"TRANSFORM_CARD","is_prod":false,"is_daily":false,"chose_seed":false,"campfire_upgraded":1,"win_rate":0.0,"timestamp":1544582988,"path_taken":["M","?","?","M","M","E","M","R","T","?","E","$","?","M","R","BOSS"],"build_version":"2018-12-06","purchased_purges":1,"victory":false,"max_hp_per_floor":[70,70,70,70,70,70,70,70,70,70,70,70,70,70,70,70],"card_choices":[{"not_picked":["Predator","Tactician"],"picked":"Dagger Throw","floor":1},{"not_picked":["Dodge and Roll","Slice"],"picked":"Deadly Poison","floor":3},{"not_picked":["Deflect","Dodge and Roll"],"picked":"A Thousand Cuts","floor":4},{"not_picked":["Prepared","Dagger Throw"],"picked":"Outmaneuver","floor":5},{"not_picked":["Terror","Dash"],"picked":"Bane","floor":6},{"not_picked":["Backstab","Escape Plan"],"picked":"Bane","floor":7},{"not_picked":["Slice","Bane"],"picked":"Caltrops","floor":11},{"not_picked":["Deflect","PiercingWail"],"picked":"Phantasmal Killer","floor":14}],"player_experience":72111,"relics_obtained":[{"floor":6,"key":"Omamori"},{"floor":9,"key":"Letter Opener"},{"floor":11,"key":"Bronze Scales"}],"event_choices":[{"cards_removed":["Riddle With Holes"],"damage_healed":0,"gold_gain":0,"player_choice":"Gave Card","damage_taken":0,"relics_obtained":["Lantern"],"max_hp_gain":0,"max_hp_loss":0,"event_name":"WeMeetAgain","floor":2,"gold_loss":0},{"damage_healed":0,"gold_gain":0,"player_choice":"Success","damage_taken":7,"relics_obtained":["Blue Candle"],"max_hp_gain":0,"max_hp_loss":0,"event_name":"Scrap Ooze","floor":10,"gold_loss":0},{"damage_healed":0,"gold_gain":0,"player_choice":"Trade","damage_taken":0,"relics_obtained":["GremlinMask"],"max_hp_gain":0,"max_hp_loss":0,"event_name":"FaceTrader","floor":13,"gold_loss":0}],"is_beta":false,"boss_relics":[],"items_purged_floors":[12],"is_endless":false,"potions_floor_spawned":[3,4,5,7],"killed_by":"The Guardian","ascension_level":0}