{"gold_per_floor":[119,38,38,48,48,48,81,6,54,73,83,83,99,114,114,215,215,232,232,250,11,26,26,26,26,26,26,53,53,53,53,53,53],"floor_reached":33,"playtime":1853,"items_purged":["Strike_G"],"score":366,"play_id":"125e5e1c-c006-4f02-ab8d-d5d819983610","local_time":"20190224122105","is_ascension_mode":true,"campfire_choices":[{"data":"Envenom","floor":6,"key":"SMITH"},{"floor":15,"key":"REST"},{"floor":23,"key":"REST"},{"floor":25,"key":"REST"},{"floor":27,"key":"REST"},{"data":"Cloak And Dagger","floor":30,"key":"SMITH"},{"data":"Cloak And Dagger","floor":32,"key":"SMITH"}],"neow_cost":"TEN_PERCENT_HP_LOSS","seed_source_timestamp":314691615636361,"circlet_count":0,"master_deck":["Defend_G","Defend_G","Defend_G","Defend_G","Survivor","Neutralize","Envenom+1","Noxious Fumes","Noxious Fumes","Noxious Fumes","Escape Plan","Cloak And Dagger+1","Cloak And Dagger+1","Well Laid Plans","Calculated Gamble","Wraith Form v2","Deadly Poison+1","Outmaneuver+1","Cloak And Dagger+1","Bite","Bite","Bite","Bite","Bite","Well Laid Plans+1","Venomology","Ghostly","Ghostly","Ghostly","Ghostly","Ghostly"],"relics":["Ring of the Snake","Astrolabe","Kunai","Enchiridion","Dodecahedron","Lantern","Nloth\u0027s Gift"],"potions_floor_usage":[11,16,33,33,33],"damage_taken":[{"damage":0,"enemies":"Cultist","floor":1,"turns":4},{"damage":4,"enemies":"Jaw Worm","floor":4,"turns":5},{"damage":48,"enemies":"Gremlin Nob","floor":7,"turns":6},{"damage":3,"enemies":"Small Slimes","floor":10,"turns":5},{"damage":4,"enemies":"Exordium Wildlife","floor":11,"turns":5},{"damage":2,"enemies":"Looter","floor":13,"turns":4},{"damage":1,"enemies":"3 Louse","floor":14,"turns":4},{"damage":9,"enemies":"The Guardian","floor":16,"turns":10},{"damage":2,"enemies":"Spheric Guardian","floor":18,"turns":5},{"damage":2,"enemies":"3 Byrds","floor":20,"turns":4},{"damage":33,"enemies":"Snecko","floor":22,"turns":6},{"damage":31,"enemies":"Book of Stabbing","floor":28,"turns":7},{"damage":22,"enemies":"Automaton","floor":33,"turns":6}],"seed_played":"4970793855360687559","potions_obtained":[{"floor":7,"key":"Regen Potion"},{"floor":13,"key":"Dexterity Potion"},{"floor":16,"key":"FearPotion"},{"floor":18,"key":"Explosive Potion"},{"floor":20,"key":"Energy Potion"}],"is_trial":false,"path_per_floor":["M","$","?","M","$","R","E","$","T","M","M","?","M","M","R","B",null,"M","?","M","$","M","R","?","R","T","R","E","?","R","?","R","B"],"character_chosen":"THE_SILENT","items_purchased":["Noxious Fumes","Kunai"],"campfire_rested":4,"item_purchase_floors":[2,21],"current_hp_per_floor":[63,63,63,59,59,59,11,11,11,8,19,19,17,16,34,25,63,61,44,44,44,15,28,12,25,25,38,19,19,19,19,19,0],"gold":53,"neow_bonus":"THREE_RARE_CARDS","is_prod":false,"is_daily":false,"chose_seed":false,"campfire_upgraded":3,"win_rate":0,"timestamp":1551036065,"path_taken":["M","?","?","M","$","R","E","$","T","?","M","?","M","M","R","BOSS","M","?","M","$","M","R","?","R","T","R","E","?","R","?","R","BOSS"],"build_version":"2019-01-23","purchased_purges":1,"victory":false,"max_hp_per_floor":[63,63,63,63,63,63,63,63,63,63,63,63,63,63,63,63,63,63,44,44,44,44,44,44,44,44,44,44,22,22,22,22,22],"card_choices":[{"not_picked":["Malaise","Phantasmal Killer"],"picked":"Envenom","floor":0},{"not_picked":["Flying Knee","Deadly Poison"],"picked":"Noxious Fumes","floor":1},{"not_picked":["Deflect","Sucker Punch"],"picked":"Noxious Fumes","floor":4},{"not_picked":["Choke","Flechettes"],"picked":"Escape Plan","floor":7},{"not_picked":["Dash","Dodge and Roll"],"picked":"Cloak And Dagger","floor":10},{"not_picked":["Distraction","Slice"],"picked":"Cloak And Dagger","floor":11},{"not_picked":["Concentrate","Masterful Stab"],"picked":"Well Laid Plans","floor":13},{"not_picked":["All Out Attack","Sucker Punch"],"picked":"Calculated Gamble","floor":14},{"not_picked":["Unload","Grand Finale"],"picked":"Wraith Form v2","floor":16},{"not_picked":["Eviscerate","Flying Knee","Choke+1"],"picked":"SKIP","floor":18},{"not_picked":["Heel Hook","Flying Knee+1","Slice"],"picked":"SKIP","floor":20},{"not_picked":["Backflip","Dagger Throw"],"picked":"Well Laid Plans+1","floor":22},{"not_picked":["Sucker Punch","Dagger Spray"],"picked":"Venomology","floor":28}],"player_experience":429184,"relics_obtained":[{"floor":7,"key":"Anchor"},{"floor":24,"key":"Enchiridion"},{"floor":26,"key":"Dodecahedron"},{"floor":28,"key":"Lantern"}],"event_choices":[{"cards_removed":["Strike_G"],"damage_healed":0,"gold_gain":0,"player_choice":"Offered Basic","damage_taken":0,"max_hp_gain":0,"max_hp_loss":0,"event_name":"Bonfire Elementals","floor":3,"gold_loss":0},{"cards_removed":["Strike_G"],"damage_healed":0,"gold_gain":0,"player_choice":"Forget","damage_taken":0,"max_hp_gain":0,"max_hp_loss":0,"event_name":"Living Wall","floor":12,"gold_loss":0},{"damage_healed":0,"gold_gain":0,"player_choice":"Became a vampire","damage_taken":0,"max_hp_gain":0,"max_hp_loss":19,"event_name":"Vampires","floor":19,"gold_loss":0,"cards_obtained":["Bite","Bite","Bite","Bite","Bite"]},{"damage_healed":0,"gold_gain":0,"player_choice":"Obtained Book","damage_taken":16,"max_hp_gain":0,"max_hp_loss":0,"event_name":"Cursed Tome","floor":24,"gold_loss":0},{"damage_healed":0,"gold_gain":0,"player_choice":"Became a Ghost","damage_taken":0,"max_hp_gain":0,"max_hp_loss":22,"event_name":"Ghosts","floor":29,"gold_loss":0,"cards_obtained":["Ghostly","Ghostly","Ghostly","Ghostly","Ghostly"]},{"damage_healed":0,"gold_gain":0,"player_choice":"Traded Relic","damage_taken":0,"relics_obtained":["Nloth\u0027s Gift"],"max_hp_gain":0,"max_hp_loss":0,"event_name":"N\u0027loth","floor":31,"relics_lost":["Anchor"],"gold_loss":0}],"is_beta":false,"boss_relics":[{"not_picked":["Ectoplasm","Lizard Tail"],"picked":"Astrolabe"}],"items_purged_floors":[8],"is_endless":false,"potions_floor_spawned":[7,13,16,18,20],"killed_by":"Automaton","ascension_level":4}