{"gold_per_floor":[363,15,15,15,15,40,55,55,55,55,55,72,72,88,88,187,187,202,219,164,263,130,130,130],"floor_reached":24,"playtime":1718,"items_purged":["Defend_R","Strike_R"],"score":192,"play_id":"15368913-5808-4104-b3ec-21e3e66ad675","local_time":"20181209173003","is_ascension_mode":false,"campfire_choices":[{"data":"Dual Wield","floor":10,"key":"SMITH"},{"data":"True Grit","floor":13,"key":"SMITH"},{"data":"Metallicize","floor":15,"key":"SMITH"},{"data":"Feed","floor":23,"key":"SMITH"}],"neow_cost":"TEN_PERCENT_HP_LOSS","seed_source_timestamp":424639068220799,"circlet_count":0,"master_deck":["Strike_R","Strike_R","Strike_R","Strike_R","Defend_R","Defend_R+1","Defend_R","Bash","Iron Wave","Dual Wield+1","Metallicize+1","Second Wind","Twin Strike","Berserk","Headbutt+1","True Grit+1","Feed+1","Rupture","Whirlwind","Metallicize"],"relics":["Burning Blood","Juzu Bracelet","FossilizedHelix","Meat on the Bone","Mark of Pain","Bird Faced Urn"],"potions_floor_usage":[16,16,18,19,19],"damage_taken":[{"damage":3,"enemies":"2 Louse","floor":1,"turns":3},{"damage":37,"enemies":"Lagavulin","floor":6,"turns":10},{"damage":0,"enemies":"Cultist","floor":7,"turns":4},{"damage":0,"enemies":"Small Slimes","floor":12,"turns":3},{"damage":0,"enemies":"Looter","floor":14,"turns":3},{"damage":1,"enemies":"Slime Boss","floor":16,"turns":10},{"damage":62,"enemies":"3 Byrds","floor":18,"turns":9},{"damage":15,"enemies":"Chosen","floor":19,"turns":6},{"damage":48,"enemies":"Book of Stabbing","floor":24,"turns":7}],"seed_played":"-1198294490827935976","potions_obtained":[{"floor":6,"key":"Explosive Potion"},{"floor":7,"key":"SpeedPotion"},{"floor":14,"key":"Ancient Potion"},{"floor":16,"key":"SpeedPotion"},{"floor":18,"key":"BloodPotion"}],"is_trial":false,"path_per_floor":["M","$","?","$","$","E","M","?","T","R","$","M","R","M","R","B",null,"M","M","?","?","$","R","E"],"character_chosen":"IRONCLAD","items_purchased":["Dual Wield","Metallicize","Juzu Bracelet","Metallicize"],"campfire_rested":0,"item_purchase_floors":[2,2,2,22],"current_hp_per_floor":[72,72,72,72,72,41,47,33,33,33,33,51,51,57,57,62,72,31,41,41,41,41,41,0],"gold":130,"neow_bonus":"TWO_FIFTY_GOLD","is_prod":false,"is_daily":false,"chose_seed":false,"campfire_upgraded":4,"win_rate":0.0,"timestamp":1544401803,"path_taken":["M","$","?","?","$","E","M","?","T","R","$","M","R","M","R","BOSS","M","M","?","?","$","R","E"],"build_version":"2018-12-06","purchased_purges":2,"victory":false,"max_hp_per_floor":[72,72,72,72,72,72,72,72,72,72,72,72,72,72,72,72,72,75,75,75,75,75,75,75],"card_choices":[{"not_picked":["Twin Strike","Heavy Blade"],"picked":"Iron Wave","floor":1},{"not_picked":["Body Slam","Seeing Red"],"picked":"Berserk","floor":6},{"not_picked":["Power Through","Clash"],"picked":"Headbutt","floor":7},{"not_picked":["Warcry","Shrug It Off"],"picked":"True Grit","floor":12},{"not_picked":["Iron Wave","Clothesline","Blood for Blood"],"picked":"SKIP","floor":14},{"not_picked":["Fiend Fire","Berserk"],"picked":"Feed","floor":16},{"not_picked":["Clothesline","Shrug It Off"],"picked":"Rupture","floor":18},{"not_picked":["Hemokinesis","Shrug It Off"],"picked":"Whirlwind","floor":19}],"player_experience":38043,"relics_obtained":[{"floor":6,"key":"FossilizedHelix"},{"floor":9,"key":"Meat on the Bone"}],"event_choices":[{"damage_healed":0,"gold_gain":0,"player_choice":"2 cards matched","damage_taken":0,"max_hp_gain":0,"max_hp_loss":0,"event_name":"Match and Keep!","floor":3,"gold_loss":0,"cards_obtained":["Second Wind","Twin Strike"]},{"damage_healed":0,"gold_gain":0,"player_choice":"Entered Light","damage_taken":14,"max_hp_gain":0,"max_hp_loss":0,"event_name":"Shining Light","floor":8,"gold_loss":0,"cards_upgraded":["Headbutt","Defend_R"]},{"damage_healed":0,"gold_gain":0,"player_choice":"Paid Gold","damage_taken":0,"relics_obtained":["Bird Faced Urn"],"max_hp_gain":0,"max_hp_loss":0,"event_name":"WeMeetAgain","floor":20,"gold_loss":55},{"damage_healed":0,"gold_gain":99,"player_choice":"Stole From Cult","damage_taken":0,"max_hp_gain":0,"max_hp_loss":0,"event_name":"Nest","floor":21,"gold_loss":0}],"is_beta":false,"boss_relics":[{"not_picked":["Lizard Tail","Calling Bell"],"picked":"Mark of Pain"}],"items_purged_floors":[2,22],"is_endless":false,"potions_floor_spawned":[6,7,14,16,18],"killed_by":"Book of Stabbing","ascension_level":0}