{"gold_per_floor":[119,44,44,62,32,61,77,95,95,107,107,118,118,193,193,293,293,304,204,144,19,33,33],"floor_reached":23,"playtime":1703,"items_purged":["Injury","Strike_R","Strike_R"],"score":191,"play_id":"b5e0c4e0-fed1-47a9-8fdb-a314b110de81","local_time":"20181210104545","is_ascension_mode":false,"campfire_choices":[{"data":"Demon Form","floor":11,"key":"SMITH"},{"data":"Burning Pact","floor":13,"key":"SMITH"},{"data":"Barricade","floor":15,"key":"SMITH"}],"neow_cost":"CURSE","seed_source_timestamp":486794727991212,"circlet_count":0,"master_deck":["Strike_R","Strike_R","Strike_R","Defend_R","Defend_R","Defend_R","Defend_R","Bash","Demon Form+1","Iron Wave","Iron Wave","Dual Wield","Burning Pact+1","Barricade+1","Juggernaut","Flame Barrier+1","Heavy Blade","Demon Form"],"relics":["Burning Blood","Letter Opener","Paper Frog","Black Star"],"potions_floor_usage":[7,16,16,16],"damage_taken":[{"damage":1,"enemies":"Cultist","floor":1,"turns":3},{"damage":11,"enemies":"Jaw Worm","floor":4,"turns":3},{"damage":21,"enemies":"Lagavulin","floor":6,"turns":7},{"damage":0,"enemies":"Small Slimes","floor":7,"turns":3},{"damage":20,"enemies":"Looter","floor":8,"turns":3},{"damage":19,"enemies":"Gremlin Gang","floor":10,"turns":5},{"damage":14,"enemies":"Blue Slaver","floor":12,"turns":4},{"damage":27,"enemies":"The Guardian","floor":16,"turns":11},{"damage":43,"enemies":"Spheric Guardian","floor":18,"turns":6},{"damage":20,"enemies":"2 Thieves","floor":20,"turns":4},{"damage":25,"enemies":"Centurion and Healer","floor":22,"turns":9},{"damage":20,"enemies":"Book of Stabbing","floor":23,"turns":3}],"seed_played":"-89263825471640065","potions_obtained":[{"floor":1,"key":"BloodPotion"},{"floor":5,"key":"FearPotion"},{"floor":5,"key":"SkillPotion"},{"floor":10,"key":"Block Potion"}],"is_trial":false,"path_per_floor":["M","$","?","M","?","E","M","M","T","M","R","M","R","?","R","B",null,"M","$","M","$","M","E"],"character_chosen":"IRONCLAD","items_purchased":[],"campfire_rested":0,"item_purchase_floors":[],"current_hp_per_floor":[80,80,85,80,80,65,79,65,65,52,52,44,44,33,33,12,85,48,48,34,34,15,0],"gold":33,"neow_bonus":"THREE_RARE_CARDS","is_prod":false,"is_daily":false,"chose_seed":false,"campfire_upgraded":3,"win_rate":0.0,"timestamp":1544463945,"path_taken":["M","$","?","M","?","E","?","M","T","M","R","M","R","?","R","BOSS","M","$","M","$","M","E"],"build_version":"2018-12-06","purchased_purges":3,"victory":false,"max_hp_per_floor":[80,80,85,85,85,85,85,85,85,85,85,85,85,85,85,85,85,85,85,85,85,85,85],"card_choices":[{"not_picked":["Feed","Immolate"],"picked":"Demon Form","floor":0},{"not_picked":["Cleave","Twin Strike"],"picked":"Iron Wave","floor":1},{"not_picked":["Fire Breathing","Clothesline"],"picked":"Iron Wave","floor":4},{"not_picked":["Thunderclap","Body Slam"],"picked":"Dual Wield","floor":6},{"not_picked":["Flex","Flame Barrier","Sword Boomerang"],"picked":"SKIP","floor":7},{"not_picked":["Sword Boomerang","Seeing Red"],"picked":"Burning Pact","floor":8},{"not_picked":["Rage","Clash"],"picked":"Barricade","floor":10},{"not_picked":["Body Slam","Pommel Strike","Twin Strike"],"picked":"SKIP","floor":12},{"not_picked":["Fiend Fire","Immolate"],"picked":"Juggernaut","floor":16},{"not_picked":["Cleave","Rupture"],"picked":"Flame Barrier+1","floor":18},{"not_picked":["Wild Strike","True Grit"],"picked":"Heavy Blade","floor":20},{"not_picked":["Clothesline","Perfected Strike"],"picked":"Demon Form","floor":22}],"player_experience":46770,"relics_obtained":[{"floor":6,"key":"Letter Opener"},{"floor":9,"key":"Paper Frog"}],"event_choices":[{"damage_healed":0,"gold_gain":0,"player_choice":"Donut","damage_taken":0,"max_hp_gain":5,"max_hp_loss":0,"event_name":"Big Fish","floor":3,"gold_loss":0},{"damage_healed":0,"gold_gain":0,"player_choice":"Bought 2 Potions","damage_taken":0,"max_hp_gain":0,"max_hp_loss":0,"event_name":"The Woman in Blue","floor":5,"gold_loss":0},{"damage_healed":0,"gold_gain":75,"player_choice":"Gather Gold","damage_taken":11,"max_hp_gain":0,"max_hp_loss":0,"event_name":"World of Goop","floor":14,"gold_loss":0}],"is_beta":false,"boss_relics":[{"not_picked":["Lizard Tail","Black Blood"],"picked":"Black Star"}],"items_purged_floors":[2,19,21],"is_endless":false,"potions_floor_spawned":[1,10],"killed_by":"Book of Stabbing","ascension_level":0}