{"path_per_floor":["M","?","?","?","M","R","M","E","T","M","M","E"],"character_chosen":"DEFECT","items_purchased":[],"gold_per_floor":[115,65,65,65,90,90,108,146,173,186,211,245,275],"floor_reached":13,"campfire_rested":0,"playtime":8555,"current_hp_per_floor":[67,67,67,49,48,48,48,27,34,30,24,10,0],"items_purged":[],"gold":275,"score":128,"play_id":"95a0fc7c-02e8-45c8-ae5d-1b5e4be61642","local_time":"20180517230013","is_prod":false,"is_daily":false,"chose_seed":false,"is_ascension_mode":true,"campfire_upgraded":1,"timestamp":1526590813,"campfire_choices":[{"data":"Zap","floor":6,"key":"SMITH"}],"path_taken":["M","?","?","?","M","R","M","E","T","M","M","E","?"],"build_version":"2018-05-17","seed_source_timestamp":167971983286160,"purchased_purges":0,"victory":false,"master_deck":["Strike_B","Strike_B","Defend_B","Defend_B","Defend_B","Defend_B","Zap+1","Dualcast","Rip and Tear","Chaos","Axe Kick","Rip and Tear"],"max_hp_per_floor":[75,75,75,75,75,75,75,75,82,82,82,82,82],"relics":["Cracked Core","Boot","Golden Idol","DataDisk","Strawberry","Du-Vu Doll"],"card_choices":[{"not_picked":["Auto Shields","Force Field"],"picked":"Rip and Tear","floor":1},{"not_picked":["Cold Snap","Hologram"],"picked":"Axe Kick","floor":5},{"not_picked":["Tempest","Skim","Sweeping Beam"],"picked":"SKIP","floor":7},{"not_picked":["Turbo","Creative AI","Aggregate"],"picked":"SKIP","floor":8},{"not_picked":["Hello World","Double Energy"],"picked":"Rip and Tear","floor":10},{"not_picked":["Reinforced Body","Skim","Leap"],"picked":"SKIP","floor":11},{"not_picked":["Go for the Eyes","Aggregate","Reinforced Body"],"picked":"SKIP","floor":12}],"player_experience":459666,"potions_floor_usage":[12,13,13],"damage_taken":[{"damage":1,"enemies":"2 Louse","floor":1,"turns":3},{"damage":1,"enemies":"Cultist","floor":5,"turns":3},{"damage":0,"enemies":"Jaw Worm","floor":7,"turns":3},{"damage":21,"enemies":"Gremlin Nob","floor":8,"turns":4},{"damage":4,"enemies":"3 Louse","floor":10,"turns":2},{"damage":6,"enemies":"Looter","floor":11,"turns":2},{"damage":14,"enemies":"Lagavulin","floor":12,"turns":5},{"damage":19,"enemies":"Lagavulin Event","floor":13,"turns":5}],"relics_obtained":[{"floor":8,"key":"DataDisk"},{"floor":9,"key":"Strawberry"},{"floor":12,"key":"Du-Vu Doll"}],"event_choices":[{"event_name":"The Cleric","player_choice":"Card Removal","floor":2,"damage_taken":0},{"event_name":"Transmorgrifier","player_choice":"Transform","floor":3,"damage_taken":0},{"event_name":"Golden Idol","player_choice":"Take Damage","floor":4,"damage_taken":0},{"event_name":"Dead Adventurer","player_choice":"Searched \u00272\u0027 times","floor":13,"damage_taken":0}],"boss_relics":[],"potions_floor_spawned":[1,5,8,11,13],"seed_played":"-226927134187558705","killed_by":"Lagavulin Event","ascension_level":7,"potions_obtained":[{"floor":1,"key":"Block Potion"},{"floor":5,"key":"Energy Potion"},{"floor":8,"key":"Poison Potion"}],"is_trial":false}