{"gold_per_floor":[111,186,199,217,217,250,250,279,279,310,310],"floor_reached":11,"playtime":622,"items_purged":[],"score":123,"play_id":"552a445d-aec0-4803-b565-0a2485c7976c","local_time":"20190724183840","is_ascension_mode":true,"campfire_choices":[{"floor":7,"key":"REST"}],"neow_cost":"NONE","seed_source_timestamp":191520610144115,"circlet_count":0,"master_deck":["Strike_R","Strike_R","Strike_R","Strike_R","Strike_R","Defend_R","Defend_R","Defend_R","Defend_R","Bash","Juggernaut","Cleave","Rage","Armaments","Rupture","Clash"],"relics":["Burning Blood","Omamori","Singing Bowl","Letter Opener","Mummified Hand"],"potions_floor_usage":[6,8,10],"damage_taken":[{"damage":6,"enemies":"2 Louse","floor":1,"turns":4},{"damage":7,"enemies":"Small Slimes","floor":3,"turns":3},{"damage":6,"enemies":"Cultist","floor":4,"turns":4},{"damage":36,"enemies":"Gremlin Nob","floor":6,"turns":5},{"damage":29,"enemies":"3 Sentries","floor":8,"turns":8},{"damage":28,"enemies":"Gremlin Nob","floor":10,"turns":5},{"damage":2,"enemies":"Gremlin Gang","floor":11,"turns":1}],"seed_played":"5679048860506924161","potions_obtained":[{"floor":1,"key":"Strength Potion"},{"floor":6,"key":"EssenceOfSteel"},{"floor":8,"key":"SpeedPotion"},{"floor":10,"key":"Strength Potion"}],"is_trial":false,"path_per_floor":["M","?","M","M","?","E","R","E","T","E","M"],"character_chosen":"IRONCLAD","items_purchased":[],"campfire_rested":1,"item_purchase_floors":[],"current_hp_per_floor":[72,61,60,60,60,30,54,31,31,11,9],"gold":310,"neow_bonus":"ONE_RANDOM_RARE_CARD","is_prod":false,"is_daily":false,"chose_seed":false,"campfire_upgraded":0,"win_rate":0,"timestamp":1563989920,"path_taken":["M","?","M","M","?","E","R","E","T","E","?"],"build_version":"2019-07-05","purchased_purges":0,"victory":false,"max_hp_per_floor":[80,80,80,80,80,80,80,80,80,82,82],"card_choices":[{"not_picked":["Combust","Flex"],"picked":"Cleave","floor":1},{"not_picked":["Cleave","Iron Wave"],"picked":"Rage","floor":3},{"not_picked":["Flex","Corruption"],"picked":"Armaments","floor":4},{"not_picked":["Ghostly Armor","Sentinel"],"picked":"Rupture","floor":6},{"not_picked":["Disarm","Twin Strike"],"picked":"Clash","floor":8},{"not_picked":["Fire Breathing","Havoc","Wild Strike"],"picked":"Singing Bowl","floor":10}],"player_experience":156754,"relics_obtained":[{"floor":6,"key":"Omamori"},{"floor":8,"key":"Singing Bowl"},{"floor":9,"key":"Letter Opener"},{"floor":10,"key":"Mummified Hand"}],"event_choices":[{"damage_healed":0,"gold_gain":75,"player_choice":"Gather Gold","damage_taken":11,"max_hp_gain":0,"max_hp_loss":0,"event_name":"World of Goop","floor":2,"gold_loss":0},{"damage_healed":0,"gold_gain":0,"player_choice":"Bought 0 Potions","damage_taken":0,"max_hp_gain":0,"max_hp_loss":0,"event_name":"The Woman in Blue","floor":5,"gold_loss":0}],"is_beta":false,"boss_relics":[],"items_purged_floors":[],"is_endless":false,"potions_floor_spawned":[1,6,8,10],"killed_by":"Gremlin Gang","ascension_level":7}