{"gold_per_floor":[110,60,9,19,194,194,226,226,250,265,265,291,307,22,22,22],"floor_reached":16,"playtime":632,"items_purged":[],"score":173,"play_id":"3bd5a3bd-fdc0-4df3-adf0-0eac0c386b1c","local_time":"20190407112758","is_ascension_mode":true,"campfire_choices":[{"data":"Armaments","floor":6,"key":"SMITH"},{"data":"True Grit","floor":8,"key":"SMITH"},{"floor":15,"key":"REST"}],"neow_cost":"NONE","seed_source_timestamp":104966576646439,"circlet_count":0,"master_deck":["AscendersBane","Strike_R","Strike_R","Strike_R","Strike_R","Strike_R","Defend_R+1","Defend_R","Defend_R","Bash","True Grit+1","Armaments+1","Entrench","Doubt","Impervious+1","Dropkick","Disarm","Body Slam"],"relics":["Burning Blood","Happy Flower","Pear","Dream Catcher","War Paint","Bronze Scales","Prayer Wheel"],"potions_floor_usage":[],"damage_taken":[{"damage":13,"enemies":"Jaw Worm","floor":1,"turns":5},{"damage":0,"enemies":"Small Slimes","floor":4,"turns":3},{"damage":44,"enemies":"3 Sentries","floor":7,"turns":15},{"damage":0,"enemies":"2 Louse","floor":10,"turns":4},{"damage":41,"enemies":"Lagavulin","floor":12,"turns":10},{"damage":4,"enemies":"Red Slaver","floor":13,"turns":5},{"damage":47,"enemies":"Slime Boss","floor":16,"turns":14}],"seed_played":"-5711060669045712832","potions_obtained":[{"floor":4,"key":"Ancient Potion"},{"floor":7,"key":"SteroidPotion"}],"is_trial":false,"path_per_floor":["M","?","$","M","?","R","E","R","T","M","?","E","M","$","R","B"],"character_chosen":"IRONCLAD","items_purchased":["Armaments","Prayer Wheel"],"campfire_rested":1,"item_purchase_floors":[3,14],"current_hp_per_floor":[65,65,65,71,71,71,43,43,43,49,49,14,16,16,43,0],"gold":22,"neow_bonus":"RANDOM_COMMON_RELIC","is_prod":false,"is_daily":false,"chose_seed":false,"campfire_upgraded":2,"win_rate":0,"timestamp":1554661678,"path_taken":["M","?","$","M","?","R","E","R","T","M","?","E","?","$","R","BOSS"],"build_version":"2019-01-23","purchased_purges":0,"victory":false,"max_hp_per_floor":[80,80,80,80,80,80,90,90,90,90,90,90,90,90,90,90],"card_choices":[{"not_picked":["Blood for Blood","Combust"],"picked":"True Grit","floor":1},{"not_picked":["Sword Boomerang","True Grit"],"picked":"Entrench","floor":4},{"not_picked":["Shrug It Off","Havoc","Warcry"],"picked":"SKIP","floor":7},{"not_picked":["Disarm","Intimidate"],"picked":"Impervious","floor":10},{"not_picked":["True Grit","Entrench"],"picked":"Dropkick","floor":12},{"not_picked":["Corruption","Armaments"],"picked":"Disarm","floor":13},{"not_picked":["Perfected Strike","Bloodletting"],"picked":"Body Slam","floor":15}],"player_experience":627966,"relics_obtained":[{"floor":7,"key":"Pear"},{"floor":9,"key":"Dream Catcher"},{"floor":12,"key":"Bronze Scales"}],"event_choices":[{"cards_removed":["Defend_R"],"damage_healed":0,"gold_gain":0,"player_choice":"Card Removal","damage_taken":0,"max_hp_gain":0,"max_hp_loss":0,"event_name":"The Cleric","floor":2,"gold_loss":50},{"damage_healed":0,"gold_gain":175,"player_choice":"AGREE","damage_taken":0,"max_hp_gain":0,"max_hp_loss":0,"event_name":"Liars Game","floor":5,"gold_loss":0,"cards_obtained":["Doubt"]},{"damage_healed":0,"gold_gain":0,"player_choice":"Gave Potion","damage_taken":0,"relics_obtained":["War Paint"],"max_hp_gain":0,"max_hp_loss":0,"event_name":"WeMeetAgain","floor":11,"gold_loss":0}],"is_beta":false,"boss_relics":[],"items_purged_floors":[],"is_endless":false,"potions_floor_spawned":[4,7],"killed_by":"Slime Boss","ascension_level":12}