{"gold_per_floor":[115,135,21,41,41,41,76,76,157,176,21,38,52,82,82,185,185,197,217,36,52,52,85,85,85,136,152,251,251,271,287,287,287],"floor_reached":33,"playtime":2412,"items_purged":["Defend_R"],"score":417,"play_id":"9063510c-93f2-4088-90a1-3163609532a9","local_time":"20190330005627","is_ascension_mode":true,"campfire_choices":[{"data":"Bash","floor":6,"key":"SMITH"},{"data":"Defend_R","floor":8,"key":"SMITH"},{"data":"Dual Wield","floor":15,"key":"SMITH"},{"data":"Writhe","floor":29,"key":"PURGE"},{"data":"Strike_R","floor":32,"key":"PURGE"}],"neow_cost":"PERCENT_DAMAGE","seed_source_timestamp":87742202310474,"circlet_count":0,"master_deck":["AscendersBane","Strike_R","Strike_R","Strike_R","Strike_R","Defend_R","Defend_R","Defend_R+1","Bash+1","Bloodletting","Dropkick","Burning Pact","Reaper","Dropkick","Rage","Dual Wield+1","Offering","Offering","Shrug It Off","Entrench+1","Evolve","Armaments","Uppercut"],"relics":["Burning Blood","Torii","Anchor","Gremlin Horn","Mercury Hourglass","Tiny Chest","Fusion Hammer","Peace Pipe","MutagenicStrength","Magic Flower","PreservedInsect"],"potions_floor_usage":[7,7,13,16,27],"damage_taken":[{"damage":2,"enemies":"Cultist","floor":1,"turns":4},{"damage":2,"enemies":"2 Louse","floor":2,"turns":4},{"damage":7,"enemies":"Jaw Worm","floor":4,"turns":3},{"damage":26,"enemies":"3 Sentries","floor":7,"turns":11},{"damage":3,"enemies":"Large Slime","floor":10,"turns":5},{"damage":0,"enemies":"3 Louse","floor":12,"turns":2},{"damage":1,"enemies":"Blue Slaver","floor":13,"turns":2},{"damage":49,"enemies":"Slime Boss","floor":16,"turns":9},{"damage":16,"enemies":"Shell Parasite","floor":18,"turns":5},{"damage":6,"enemies":"3 Byrds","floor":19,"turns":4},{"damage":24,"enemies":"Centurion and Healer","floor":21,"turns":5},{"damage":34,"enemies":"Book of Stabbing","floor":23,"turns":5},{"damage":35,"enemies":"Sentry and Sphere","floor":27,"turns":8},{"damage":26,"enemies":"Cultist and Chosen","floor":30,"turns":5},{"damage":15,"enemies":"3 Cultists","floor":31,"turns":4},{"damage":88,"enemies":"Collector","floor":33,"turns":7}],"seed_played":"-2381893655980687838","potions_obtained":[{"floor":1,"key":"EntropicBrew"},{"floor":4,"key":"Ancient Potion"},{"floor":10,"key":"GamblersBrew"},{"floor":12,"key":"Fruit Juice"},{"floor":23,"key":"Explosive Potion"}],"is_trial":false,"path_per_floor":["M","M","$","M","?","R","E","R","T","M","$","M","M","?","R","B",null,"M","M","$","M","?","E","?","?","T","M","?","R","M","M","R","B"],"character_chosen":"IRONCLAD","items_purchased":["Burning Pact","Dropkick","Rage","Offering","Shrug It Off"],"campfire_rested":0,"item_purchase_floors":[3,11,11,20,20],"current_hp_per_floor":[55,59,59,58,58,58,38,38,38,45,45,55,65,40,40,10,66,62,68,68,80,80,58,58,58,58,32,32,32,41,67,67,0],"gold":287,"neow_bonus":"ONE_RARE_RELIC","is_prod":false,"is_daily":false,"chose_seed":false,"campfire_upgraded":3,"win_rate":0,"timestamp":1553932587,"path_taken":["M","M","$","M","?","R","E","R","T","M","$","?","M","?","R","BOSS","M","M","$","M","?","E","?","?","T","M","?","R","?","M","R","BOSS"],"build_version":"2019-01-23","purchased_purges":1,"victory":false,"max_hp_per_floor":[80,80,80,80,80,80,80,80,80,80,80,80,85,85,85,85,85,85,85,85,85,85,85,85,85,85,85,85,85,85,85,85,85],"card_choices":[{"not_picked":["Rupture","Warcry"],"picked":"Bloodletting","floor":1},{"not_picked":["Sword Boomerang","Shrug It Off"],"picked":"Dropkick","floor":2},{"not_picked":["Blood for Blood","Body Slam","Heavy Blade"],"picked":"SKIP","floor":4},{"not_picked":["Thunderclap","Shockwave"],"picked":"Reaper","floor":7},{"not_picked":["Warcry","Body Slam","Thunderclap"],"picked":"SKIP","floor":10},{"not_picked":["Flex","Heavy Blade","Cleave"],"picked":"SKIP","floor":12},{"not_picked":["Flex","Clothesline"],"picked":"Dual Wield","floor":13},{"not_picked":["Impervious","Brutality"],"picked":"Offering","floor":16},{"not_picked":["Searing Blow+1","Anger","Hemokinesis"],"picked":"SKIP","floor":18},{"not_picked":["Cleave","Searing Blow+1","Anger+1"],"picked":"SKIP","floor":19},{"not_picked":["Body Slam","Warcry"],"picked":"Entrench+1","floor":21},{"not_picked":["Shrug It Off+1","Metallicize+1","Flame Barrier+1"],"picked":"SKIP","floor":23},{"not_picked":["Cleave","Carnage"],"picked":"Armaments","floor":27},{"not_picked":["Body Slam","Clash","Clothesline"],"picked":"SKIP","floor":30},{"not_picked":["Anger","Dual Wield"],"picked":"Uppercut","floor":31}],"player_experience":551236,"relics_obtained":[{"floor":7,"key":"Gremlin Horn"},{"floor":9,"key":"Mercury Hourglass"},{"floor":23,"key":"Peace Pipe"},{"floor":26,"key":"PreservedInsect"}],"event_choices":[{"damage_healed":0,"gold_gain":0,"player_choice":"Gave Potion","damage_taken":0,"relics_obtained":["Anchor"],"max_hp_gain":0,"max_hp_loss":0,"event_name":"WeMeetAgain","floor":5,"gold_loss":0},{"damage_healed":0,"gold_gain":0,"player_choice":"Success","damage_taken":25,"relics_obtained":["Tiny Chest"],"max_hp_gain":0,"max_hp_loss":0,"event_name":"Scrap Ooze","floor":14,"gold_loss":0},{"damage_healed":0,"gold_gain":0,"player_choice":"Read","damage_taken":0,"max_hp_gain":0,"max_hp_loss":0,"event_name":"The Library","floor":22,"gold_loss":0,"cards_obtained":["Evolve"]},{"damage_healed":0,"gold_gain":0,"player_choice":"Inject Mutagens","damage_taken":0,"relics_obtained":["MutagenicStrength"],"max_hp_gain":0,"max_hp_loss":0,"event_name":"Drug Dealer","floor":24,"gold_loss":0},{"damage_healed":0,"gold_gain":0,"player_choice":"Opened","damage_taken":0,"relics_obtained":["Magic Flower"],"max_hp_gain":0,"max_hp_loss":0,"event_name":"The Mausoleum","floor":25,"gold_loss":0,"cards_obtained":["Writhe"]},{"damage_healed":0,"gold_gain":99,"player_choice":"Stole From Cult","damage_taken":0,"max_hp_gain":0,"max_hp_loss":0,"event_name":"Nest","floor":28,"gold_loss":0}],"is_beta":false,"boss_relics":[{"not_picked":["Cursed Key","Tiny House"],"picked":"Fusion Hammer"}],"items_purged_floors":[3],"is_endless":false,"potions_floor_spawned":[1,4,10,12,23],"killed_by":"Collector","ascension_level":11}