{"gold_per_floor":[118,43,43,43,118,159,182,198,198,213,213,213,227,242,242,363,363],"floor_reached":17,"playtime":537,"items_purged":["Defend_R"],"score":182,"play_id":"1168c935-7088-42be-b90b-a37cfd28c5eb","local_time":"20190205202419","is_ascension_mode":false,"campfire_choices":[{"data":"Bash","floor":11,"key":"SMITH"},{"floor":15,"key":"REST"}],"neow_cost":"NONE","seed_source_timestamp":750961561680114,"circlet_count":0,"master_deck":["Strike_R","Strike_R+1","Strike_R","Strike_R","Strike_R","Defend_R+1","Defend_R","Defend_R","Bash+1","Pommel Strike","Berserk"],"relics":["Burning Blood","NeowsBlessing","Golden Idol","Pear","Self Forming Clay","Coffee Dripper"],"potions_floor_usage":[16,16],"damage_taken":[{"damage":0,"enemies":"Jaw Worm","floor":1,"turns":1},{"damage":0,"enemies":"Lagavulin","floor":6,"turns":1},{"damage":0,"enemies":"2 Louse","floor":7,"turns":1},{"damage":2,"enemies":"Small Slimes","floor":8,"turns":3},{"damage":10,"enemies":"Looter","floor":10,"turns":3},{"damage":17,"enemies":"Lots of Slimes","floor":13,"turns":6},{"damage":15,"enemies":"Large Slime","floor":14,"turns":6},{"damage":35,"enemies":"Slime Boss","floor":16,"turns":8}],"seed_played":"-5790657593976635243","potions_obtained":[{"floor":8,"key":"PowerPotion"},{"floor":10,"key":"Dexterity Potion"},{"floor":13,"key":"Strength Potion"},{"floor":16,"key":"Strength Potion"}],"is_trial":false,"path_per_floor":["M","$","?","?","?","E","M","M","T","M","R","T","M","M","R","B",null],"character_chosen":"IRONCLAD","items_purchased":[],"campfire_rested":1,"item_purchase_floors":[],"current_hp_per_floor":[80,80,64,44,33,49,55,59,59,55,55,55,44,35,62,33,90],"gold":363,"neow_bonus":"THREE_ENEMY_KILL","is_prod":false,"is_daily":false,"chose_seed":false,"campfire_upgraded":1,"win_rate":0,"timestamp":1549423459,"path_taken":["M","$","?","?","?","E","M","M","T","M","R","?","M","M","R","BOSS"],"build_version":"2019-01-23","purchased_purges":1,"victory":false,"max_hp_per_floor":[80,80,80,80,80,90,90,90,90,90,90,90,90,90,90,90,90],"card_choices":[{"not_picked":["Warcry","Uppercut","Twin Strike"],"picked":"SKIP","floor":1},{"not_picked":["Flex","Reckless Charge","Warcry"],"picked":"SKIP","floor":6},{"not_picked":["Sword Boomerang","Combust","Intimidate"],"picked":"SKIP","floor":7},{"not_picked":["Armaments","Flex","Shrug It Off"],"picked":"SKIP","floor":8},{"not_picked":["Corruption","Rupture","Clash"],"picked":"SKIP","floor":10},{"not_picked":["Bloodletting","Combust","Clothesline"],"picked":"SKIP","floor":13},{"not_picked":["Berserk","Twin Strike"],"picked":"Pommel Strike","floor":14},{"not_picked":["Limit Break","Dark Embrace"],"picked":"Berserk","floor":16}],"player_experience":363657,"relics_obtained":[{"floor":6,"key":"Pear"},{"floor":12,"key":"Self Forming Clay"}],"event_choices":[{"damage_healed":0,"gold_gain":0,"player_choice":"Entered Light","damage_taken":16,"max_hp_gain":0,"max_hp_loss":0,"event_name":"Shining Light","floor":3,"gold_loss":0,"cards_upgraded":["Strike_R","Defend_R"]},{"damage_healed":0,"gold_gain":0,"player_choice":"Take Damage","damage_taken":20,"relics_obtained":["Golden Idol"],"max_hp_gain":0,"max_hp_loss":0,"event_name":"Golden Idol","floor":4,"gold_loss":0},{"damage_healed":0,"gold_gain":75,"player_choice":"Gather Gold","damage_taken":11,"max_hp_gain":0,"max_hp_loss":0,"event_name":"World of Goop","floor":5,"gold_loss":0}],"is_beta":false,"boss_relics":[{"not_picked":["Orrery","Eternal Feather"],"picked":"Coffee Dripper"}],"items_purged_floors":[2],"is_endless":false,"potions_floor_spawned":[8,10,13,16],"ascension_level":0}