{"gold_per_floor":[119,119,219,232,251,284,234,234,234,253,253,57,132,132,132,237,237,250,266,266,67,67,67,102,114,126,138,65,110,132,476,488,601,613,642,754,781,810,822,865,877,914,926,987,1025,1037,1068,1090,1102,1114,1126,1138,11,43,43],"floor_reached":56,"playtime":4869,"items_purged":["Strike_G"],"score":1664,"play_id":"b9b5c207-e000-4578-9e5a-ea6a0b42aeb3","local_time":"20190214213306","is_ascension_mode":true,"campfire_choices":[{"floor":8,"key":"REST"},{"data":"Cloak And Dagger","floor":11,"key":"SMITH"},{"floor":15,"key":"REST"},{"data":"Cloak And Dagger","floor":23,"key":"SMITH"},{"data":"Bullet Time","floor":25,"key":"SMITH"},{"data":"Neutralize","floor":27,"key":"SMITH"},{"data":"Night Terror","floor":32,"key":"SMITH"},{"floor":46,"key":"RECALL"},{"data":"Envenom","floor":49,"key":"SMITH"},{"floor":52,"key":"REST"}],"neow_cost":"TEN_PERCENT_HP_LOSS","seed_source_timestamp":68902785359272,"circlet_count":0,"master_deck":["Defend_G+1","Defend_G","Defend_G","Defend_G","Strike_G","Survivor+1","Neutralize+1","Cloak And Dagger+1","Outmaneuver","Backstab","Cloak And Dagger+1","Cloak And Dagger+1","Night Terror+1","Escape Plan+1","Bullet Time+1","Escape Plan+1","Envenom+1","Calculated Gamble+1","Madness+1","Madness+1","Adrenaline+1","Doppelganger+1","Blade Dance+1","Forethought+1","Mayhem","Well Laid Plans","Blade Dance+1","Armaments+1"],"relics":["Ring of the Snake","Turnip","Ornamental Fan","Shuriken","DollysMirror","Dead Branch","Black Star","MutagenicStrength","OrangePellets","War Paint","MawBank","Snake Skull","Kunai","Toxic Egg 2","Happy Flower","Juzu Bracelet","Regal Pillow","Old Coin","Empty Cage","Question Card","Ancient Tea Set","Du-Vu Doll","Blue Candle","Gambling Chip","Calipers","Orichalcum","Bottled Tornado","PrismaticShard","Pen Nib","Thread and Needle","Blood Vial"],"potions_floor_usage":[6,16,33,45,55,55,55],"damage_taken":[{"damage":0,"enemies":"2 Louse","floor":1,"turns":3},{"damage":1,"enemies":"Cultist","floor":4,"turns":4},{"damage":0,"enemies":"Small Slimes","floor":5,"turns":4},{"damage":55,"enemies":"Gremlin Nob","floor":6,"turns":7},{"damage":2,"enemies":"3 Louse","floor":10,"turns":4},{"damage":0,"enemies":"The Guardian","floor":16,"turns":10},{"damage":7,"enemies":"Spheric Guardian","floor":18,"turns":4},{"damage":0,"enemies":"2 Thieves","floor":19,"turns":4},{"damage":10,"enemies":"Book of Stabbing","floor":24,"turns":5},{"damage":10,"enemies":"Gremlin Leader","floor":29,"turns":7},{"damage":0,"enemies":"Sentry and Sphere","floor":30,"turns":5},{"damage":0,"enemies":"Book of Stabbing","floor":31,"turns":3},{"damage":8,"enemies":"Champ","floor":33,"turns":8},{"damage":0,"enemies":"3 Darklings","floor":35,"turns":6},{"damage":9,"enemies":"3 Shapes","floor":37,"turns":3},{"damage":0,"enemies":"Jaw Worm Horde","floor":38,"turns":4},{"damage":0,"enemies":"Reptomancer","floor":40,"turns":4},{"damage":0,"enemies":"Giant Head","floor":42,"turns":4},{"damage":0,"enemies":"2 Orb Walkers","floor":44,"turns":3},{"damage":0,"enemies":"Nemesis","floor":45,"turns":5},{"damage":0,"enemies":"Maw","floor":47,"turns":4},{"damage":0,"enemies":"4 Shapes","floor":48,"turns":3},{"damage":8,"enemies":"Donu and Deca","floor":50,"turns":6},{"damage":23,"enemies":"Shield and Spear","floor":54,"turns":3},{"damage":20,"enemies":"The Heart","floor":55,"turns":5}],"seed_played":"-9022369339481576954","potions_obtained":[{"floor":5,"key":"Block Potion"},{"floor":6,"key":"Block Potion"},{"floor":18,"key":"Explosive Potion"},{"floor":31,"key":"AttackPotion"},{"floor":33,"key":"Swift Potion"},{"floor":35,"key":"EssenceOfSteel"},{"floor":38,"key":"EssenceOfSteel"},{"floor":42,"key":"Regen Potion"}],"is_trial":false,"path_per_floor":["M","?","?","M","M","E","?","R","T","M","R","$","?","?","R","B",null,"M","M","?","$","?","R","E","R","T","R","?","E","M","E","R","B",null,"M","?","M","M","?","E","?","E","T","?","E","R","M","M","R","B",null,"R","$","E","B",null],"character_chosen":"THE_SILENT","items_purchased":["DollysMirror","OrangePellets","LiquidBronze","Forethought+1","Bottled Tornado","PrismaticShard","Pen Nib","Mayhem","Well Laid Plans","Blade Dance+1"],"campfire_rested":3,"item_purchase_floors":[12,21,53,53,53,53,53,53,53,53],"current_hp_per_floor":[63,63,63,62,62,7,7,25,25,23,23,23,12,5,23,23,63,56,56,56,56,56,56,46,46,46,46,46,36,36,36,36,28,63,63,63,54,54,46,46,46,46,46,46,58,58,58,58,58,50,63,63,63,40,22],"gold":43,"neow_bonus":"ONE_RARE_RELIC","is_prod":false,"is_daily":false,"chose_seed":false,"campfire_upgraded":6,"win_rate":0,"timestamp":1550205186,"path_taken":["M","?","?","M","?","E","?","R","T","M","R","$","?","?","R","BOSS","M","M","?","$","?","R","E","R","T","R","?","E","M","E","R","BOSS","M","?","M","M","?","E","?","E","T","?","E","R","M","M","R","BOSS","R","$","E","BOSS"],"build_version":"2019-01-23","purchased_purges":1,"victory":true,"max_hp_per_floor":[63,63,63,63,63,63,63,63,63,63,63,63,63,63,63,63,63,63,63,63,63,63,63,63,63,63,63,63,63,63,63,63,63,63,63,63,63,63,63,63,63,63,63,63,63,63,63,63,63,63,63,63,63,63,63],"card_choices":[{"not_picked":["Blade Dance","Quick Slash"],"picked":"Cloak And Dagger","floor":1},{"not_picked":["Underhanded Strike","Prepared"],"picked":"Outmaneuver","floor":4},{"not_picked":["Endless Agony","Deflect"],"picked":"Backstab","floor":5},{"not_picked":["Prepared","All Out Attack"],"picked":"Cloak And Dagger","floor":6},{"not_picked":["Dodge and Roll","Bullet Time","Predator"],"picked":"SKIP","floor":10},{"not_picked":["Tools of the Trade","Malaise"],"picked":"Night Terror","floor":16},{"not_picked":["Masterful Stab","Predator"],"picked":"Escape Plan+1","floor":18},{"not_picked":["Cloak And Dagger","Poisoned Stab","Deflect+1"],"picked":"SKIP","floor":19},{"not_picked":["PiercingWail","Underhanded Strike"],"picked":"Bullet Time","floor":24},{"not_picked":["Dash","Deadly Poison+1"],"picked":"Escape Plan+1","floor":29},{"not_picked":["Catalyst+1","Crippling Poison+1","Backflip+1"],"picked":"SKIP","floor":30},{"not_picked":["Footwork","Terror+1","Bane"],"picked":"SKIP","floor":31},{"not_picked":["Venomology+1","Unload"],"picked":"Envenom","floor":33},{"not_picked":["Deflect+1","Backflip+1","Concentrate+1"],"picked":"SKIP","floor":35},{"not_picked":["Backflip+1","Poisoned Stab","Flying Knee+1"],"picked":"SKIP","floor":37},{"not_picked":["Dagger Spray","Bane+1"],"picked":"Calculated Gamble+1","floor":38},{"not_picked":["Acrobatics+1","Noxious Fumes","Distraction+1"],"picked":"SKIP","floor":40},{"not_picked":["Distraction+1","Predator+1","Die Die Die"],"picked":"Adrenaline+1","floor":42},{"not_picked":["Dash","Noxious Fumes+1","Deadly Poison+1"],"picked":"Doppelganger+1","floor":45},{"not_picked":["Terror+1","Cloak And Dagger+1","Slice"],"picked":"Blade Dance+1","floor":47},{"not_picked":["Expertise+1","Deflect+1","Dagger Throw","Underhanded Strike+1"],"picked":"SKIP","floor":48},{"not_picked":["Feed","Deep Breath+1","Flechettes"],"picked":"Armaments+1","floor":54}],"player_experience":397206,"relics_obtained":[{"floor":6,"key":"Ornamental Fan"},{"floor":9,"key":"Shuriken"},{"floor":24,"key":"MawBank"},{"floor":24,"key":"Snake Skull"},{"floor":26,"key":"Kunai"},{"floor":29,"key":"Happy Flower"},{"floor":29,"key":"Juzu Bracelet"},{"floor":31,"key":"Regal Pillow"},{"floor":31,"key":"Old Coin"},{"floor":40,"key":"Question Card"},{"floor":40,"key":"Ancient Tea Set"},{"floor":42,"key":"Du-Vu Doll"},{"floor":42,"key":"Blue Candle"},{"floor":44,"key":"Gambling Chip"},{"floor":45,"key":"Calipers"},{"floor":45,"key":"Orichalcum"},{"floor":54,"key":"Thread and Needle"},{"floor":54,"key":"Blood Vial"}],"event_choices":[{"cards_removed":["Strike_G"],"damage_healed":0,"gold_gain":0,"player_choice":"Forget","damage_taken":0,"max_hp_gain":0,"max_hp_loss":0,"event_name":"Living Wall","floor":2,"gold_loss":0},{"damage_healed":0,"gold_gain":100,"player_choice":"Pray","damage_taken":0,"max_hp_gain":0,"max_hp_loss":0,"event_name":"Golden Shrine","floor":3,"gold_loss":0},{"cards_removed":["Defend_G"],"damage_healed":0,"gold_gain":0,"player_choice":"Card Removal","damage_taken":0,"max_hp_gain":0,"max_hp_loss":0,"event_name":"The Cleric","floor":7,"gold_loss":50},{"damage_healed":0,"gold_gain":75,"player_choice":"Gather Gold","damage_taken":11,"max_hp_gain":0,"max_hp_loss":0,"event_name":"World of Goop","floor":13,"gold_loss":0},{"damage_healed":0,"gold_gain":0,"player_choice":"Success","damage_taken":7,"relics_obtained":["Dead Branch"],"max_hp_gain":0,"max_hp_loss":0,"event_name":"Scrap Ooze","floor":14,"gold_loss":0},{"damage_healed":0,"gold_gain":0,"player_choice":"Inject Mutagens","damage_taken":0,"relics_obtained":["MutagenicStrength"],"max_hp_gain":0,"max_hp_loss":0,"event_name":"Drug Dealer","floor":20,"gold_loss":0},{"damage_healed":0,"gold_gain":0,"player_choice":"Opened","damage_taken":0,"relics_obtained":["War Paint"],"max_hp_gain":0,"max_hp_loss":0,"event_name":"The Mausoleum","floor":22,"gold_loss":0},{"damage_healed":0,"gold_gain":0,"player_choice":"Obtained Relic","damage_taken":0,"relics_obtained":["Toxic Egg 2"],"max_hp_gain":0,"max_hp_loss":0,"event_name":"Addict","floor":28,"gold_loss":85},{"damage_healed":0,"gold_gain":100,"player_choice":"Pray","damage_taken":0,"max_hp_gain":0,"max_hp_loss":0,"event_name":"Golden Shrine","floor":36,"gold_loss":0},{"damage_healed":0,"gold_gain":0,"player_choice":"Embrace Madness","damage_taken":8,"max_hp_gain":0,"max_hp_loss":0,"event_name":"Winding Halls","floor":39,"gold_loss":0,"cards_obtained":["Madness","Madness"]},{"damage_healed":0,"gold_gain":0,"player_choice":"Ignored","damage_taken":0,"max_hp_gain":0,"max_hp_loss":0,"event_name":"Tomb of Lord Red Mask","floor":41,"gold_loss":0},{"damage_healed":0,"gold_gain":0,"player_choice":"Fight","damage_taken":0,"max_hp_gain":0,"max_hp_loss":0,"event_name":"Mysterious Sphere","floor":44,"gold_loss":0}],"is_beta":false,"boss_relics":[{"not_picked":["Runic Pyramid","Lizard Tail"],"picked":"Black Star"},{"not_picked":["Sozu","Calling Bell"],"picked":"Empty Cage"}],"items_purged_floors":[53],"is_endless":false,"potions_floor_spawned":[5,6,18,31,33,35,38,42,54],"ascension_level":3}