{"gold_per_floor":[116,130,142,162,7,7,35,47,73,73,90,90,90,111,111,214,214,231,231,251,265,131,161,174,174,174,72,72,72,21,33,33,33],"floor_reached":33,"playtime":1998,"items_purged":["Strike_R"],"score":427,"play_id":"d5a9efe7-33e9-400c-b4d5-7063a1fe286b","local_time":"20190728162617","is_ascension_mode":true,"campfire_choices":[{"data":"Searing Blow","floor":6,"key":"SMITH"},{"data":"Searing Blow+1","floor":10,"key":"SMITH"},{"data":"Searing Blow+2","floor":13,"key":"SMITH"},{"data":"Searing Blow+3","floor":15,"key":"SMITH"},{"data":"Searing Blow+4","floor":25,"key":"SMITH"},{"data":"Searing Blow+5","floor":29,"key":"SMITH"},{"floor":32,"key":"REST"}],"neow_cost":"PERCENT_DAMAGE","seed_source_timestamp":1567138998391449,"circlet_count":0,"master_deck":["AscendersBane","Strike_R","Strike_R","Strike_R","Strike_R","Defend_R","Defend_R","Defend_R","Defend_R","Bash","Deep Breath","Purity","Sever Soul","Inflame","Shrug It Off","Searing Blow+6","Berserk","Warcry","Clash","Fire Breathing","Reaper","Dual Wield","Entrench","Corruption"],"relics":["Burning Blood","Boot","Meat on the Bone","PreservedInsect","Smiling Mask","Odd Mushroom","Black Star","Blood Vial","Pen Nib","Oddly Smooth Stone","Bottled Tornado"],"potions_floor_usage":[14,18,21,23,33,33,33,33],"damage_taken":[{"damage":7,"enemies":"2 Louse","floor":1,"turns":4},{"damage":9,"enemies":"Jaw Worm","floor":2,"turns":4},{"damage":6,"enemies":"Cultist","floor":3,"turns":4},{"damage":10,"enemies":"2 Fungi Beasts","floor":4,"turns":4},{"damage":32,"enemies":"3 Sentries","floor":7,"turns":10},{"damage":11,"enemies":"Looter","floor":8,"turns":3},{"damage":21,"enemies":"Red Slaver","floor":11,"turns":4},{"damage":12,"enemies":"The Mushroom Lair","floor":14,"turns":6},{"damage":33,"enemies":"Slime Boss","floor":16,"turns":7},{"damage":21,"enemies":"Chosen","floor":18,"turns":5},{"damage":17,"enemies":"2 Thieves","floor":20,"turns":4},{"damage":26,"enemies":"Centurion and Healer","floor":21,"turns":6},{"damage":69,"enemies":"Slavers","floor":23,"turns":7},{"damage":26,"enemies":"Snecko","floor":24,"turns":5},{"damage":24,"enemies":"Snake Plant","floor":31,"turns":4},{"damage":92,"enemies":"Collector","floor":33,"turns":7}],"seed_played":"-564786729535957893","potions_obtained":[{"floor":7,"key":"Energy Potion"},{"floor":8,"key":"Regen Potion"},{"floor":16,"key":"FairyPotion"},{"floor":18,"key":"FearPotion"}],"is_trial":false,"path_per_floor":["M","M","M","M","$","R","E","M","T","R","M","?","R","?","R","B",null,"M","?","M","M","$","E","M","R","T","$","?","R","$","M","R","B"],"character_chosen":"IRONCLAD","items_purchased":["Boot","Entrench","Dexterity Potion","EntropicBrew","PowerPotion"],"campfire_rested":1,"item_purchase_floors":[5,22,22,27,30],"current_hp_per_floor":[50,47,47,43,43,43,17,24,24,24,21,21,21,41,41,26,67,53,53,56,47,47,19,19,19,19,19,45,45,45,41,65,0],"gold":33,"neow_bonus":"RANDOM_COLORLESS_2","is_prod":false,"is_daily":false,"chose_seed":false,"campfire_upgraded":6,"win_rate":0,"timestamp":1564356377,"path_taken":["M","M","M","M","$","R","E","M","T","R","M","?","R","?","R","BOSS","M","?","M","M","$","E","M","R","T","?","?","R","$","M","R","BOSS"],"build_version":"2019-07-17","purchased_purges":1,"victory":false,"max_hp_per_floor":[80,80,80,80,80,80,80,80,80,80,80,80,80,80,80,80,80,80,80,80,80,80,80,80,80,80,80,80,80,80,80,80,80],"card_choices":[{"not_picked":["Disarm","Blood for Blood"],"picked":"Sever Soul","floor":1},{"not_picked":["Perfected Strike","Rupture"],"picked":"Inflame","floor":2},{"not_picked":["Sentinel","Body Slam"],"picked":"Shrug It Off","floor":3},{"not_picked":["Cleave","Thunderclap"],"picked":"Searing Blow","floor":4},{"not_picked":["Body Slam","True Grit"],"picked":"Berserk","floor":7},{"not_picked":["Clothesline","Perfected Strike"],"picked":"Warcry","floor":8},{"not_picked":["Second Wind","Hemokinesis"],"picked":"Clash","floor":11},{"not_picked":["Searing Blow","Uppercut"],"picked":"Fire Breathing","floor":14},{"not_picked":["Immolate","Brutality"],"picked":"Reaper","floor":16},{"not_picked":["Body Slam","Shockwave","Twin Strike"],"picked":"SKIP","floor":18},{"not_picked":["Rage","Clothesline","Perfected Strike"],"picked":"SKIP","floor":20},{"not_picked":["Headbutt","Twin Strike"],"picked":"Dual Wield","floor":21},{"not_picked":["Heavy Blade","Reckless Charge"],"picked":"Corruption","floor":23},{"not_picked":["Perfected Strike","Havoc","Reaper"],"picked":"SKIP","floor":24},{"not_picked":["Body Slam","Inflame","Perfected Strike"],"picked":"SKIP","floor":31}],"player_experience":687930,"relics_obtained":[{"floor":7,"key":"Meat on the Bone"},{"floor":9,"key":"PreservedInsect"},{"floor":14,"key":"Odd Mushroom"},{"floor":19,"key":"Blood Vial"},{"floor":23,"key":"Pen Nib"},{"floor":23,"key":"Oddly Smooth Stone"},{"floor":26,"key":"Bottled Tornado"}],"event_choices":[{"damage_healed":0,"gold_gain":0,"player_choice":"Searched \u00271\u0027 times","damage_taken":0,"relics_obtained":["Smiling Mask"],"max_hp_gain":0,"max_hp_loss":0,"event_name":"Dead Adventurer","floor":12,"gold_loss":0},{"damage_healed":0,"gold_gain":0,"player_choice":"Fought Mushrooms","damage_taken":0,"max_hp_gain":0,"max_hp_loss":0,"event_name":"Mushrooms","floor":14,"gold_loss":0},{"damage_healed":0,"gold_gain":0,"player_choice":"Relic","damage_taken":0,"max_hp_gain":0,"max_hp_loss":0,"event_name":"Wheel of Change","floor":19,"gold_loss":0},{"damage_healed":26,"gold_gain":0,"player_choice":"Heal","damage_taken":0,"max_hp_gain":0,"max_hp_loss":0,"event_name":"The Library","floor":28,"gold_loss":0}],"is_beta":false,"boss_relics":[{"not_picked":["Orrery","Ectoplasm"],"picked":"Black Star"}],"items_purged_floors":[22],"is_endless":false,"potions_floor_spawned":[7,8,16,18],"killed_by":"Collector","ascension_level":12}