{"gold_per_floor":[115,133,133,31,49,49,78,107,163,195,195,212,222,233,233,330,330,344,344,359,369,382,409,86,86],"floor_reached":25,"playtime":2155,"items_purged":["Strike_R","Strike_R"],"score":416,"play_id":"d9e7920f-e41b-4661-a350-e728bc1e22ca","local_time":"20190405221015","is_ascension_mode":true,"campfire_choices":[{"data":"Apotheosis","floor":6,"key":"SMITH"},{"data":"Magnetism","floor":15,"key":"SMITH"}],"neow_cost":"TEN_PERCENT_HP_LOSS","seed_source_timestamp":478859541198265,"circlet_count":0,"master_deck":["AscendersBane","Strike_R","Strike_R","Strike_R","Defend_R","Defend_R","Defend_R","Defend_R","Bash","Magnetism+1","Apotheosis+1","Body Slam","Uppercut","Headbutt","Warcry","Entrench","Feel No Pain","Shrug It Off","Carnage","Reaper","Demon Form","Shrug It Off","Pommel Strike","Corruption","Metallicize","Combust","Feel No Pain","Transmutation"],"relics":["Burning Blood","Strawberry","Odd Mushroom","Tiny Chest","Happy Flower","Regal Pillow","Black Star","Potion Belt","Blue Candle"],"potions_floor_usage":[8,16,16,20,21,23],"damage_taken":[{"damage":17,"enemies":"Cultist","floor":1,"turns":5},{"damage":12,"enemies":"Small Slimes","floor":2,"turns":4},{"damage":6,"enemies":"2 Louse","floor":5,"turns":3},{"damage":0,"enemies":"Lagavulin","floor":7,"turns":4},{"damage":17,"enemies":"The Mushroom Lair","floor":8,"turns":5},{"damage":14,"enemies":"Gremlin Nob","floor":10,"turns":4},{"damage":1,"enemies":"2 Fungi Beasts","floor":12,"turns":4},{"damage":13,"enemies":"Red Slaver","floor":13,"turns":4},{"damage":7,"enemies":"Large Slime","floor":14,"turns":5},{"damage":38,"enemies":"Slime Boss","floor":16,"turns":8},{"damage":20,"enemies":"Chosen","floor":18,"turns":6},{"damage":43,"enemies":"3 Byrds","floor":20,"turns":4},{"damage":22,"enemies":"Cultist and Chosen","floor":21,"turns":7},{"damage":18,"enemies":"Centurion and Healer","floor":22,"turns":10},{"damage":21,"enemies":"Book of Stabbing","floor":23,"turns":8},{"damage":55,"enemies":"Gremlin Leader","floor":25,"turns":5}],"seed_played":"2047027142981886334","potions_obtained":[{"floor":2,"key":"EntropicBrew"},{"floor":3,"key":"Block Potion"},{"floor":12,"key":"Block Potion"},{"floor":14,"key":"Ancient Potion"},{"floor":16,"key":"LiquidBronze"},{"floor":20,"key":"Energy Potion"},{"floor":23,"key":"Fruit Juice"}],"is_trial":false,"path_per_floor":["M","M","?","$","M","R","E","?","T","E","?","M","M","M","R","B",null,"M","?","M","M","M","E","$","E"],"character_chosen":"IRONCLAD","items_purchased":["Headbutt","Feel No Pain","Transmutation"],"campfire_rested":0,"item_purchase_floors":[4,24,24],"current_hp_per_floor":[61,55,55,55,55,55,68,57,57,49,49,54,47,46,46,32,67,67,79,55,39,48,54,54,0],"gold":86,"neow_bonus":"RANDOM_COLORLESS_2","is_prod":false,"is_daily":false,"chose_seed":false,"campfire_upgraded":2,"win_rate":0,"timestamp":1554527415,"path_taken":["M","?","?","$","?","R","E","?","T","E","?","?","M","M","R","BOSS","M","?","?","M","M","E","$","E"],"build_version":"2019-01-23","purchased_purges":2,"victory":false,"max_hp_per_floor":[72,72,72,72,72,72,79,79,79,79,79,79,79,79,79,79,79,79,79,79,79,79,84,84,84],"card_choices":[{"not_picked":["Bloodletting","Anger"],"picked":"Body Slam","floor":1},{"not_picked":["Wild Strike","Shrug It Off"],"picked":"Uppercut","floor":2},{"not_picked":["Bloodletting","Clothesline"],"picked":"Warcry","floor":5},{"not_picked":["Flame Barrier","Shrug It Off"],"picked":"Entrench","floor":7},{"not_picked":["Clothesline","Seeing Red"],"picked":"Feel No Pain","floor":8},{"not_picked":["Wild Strike","Twin Strike"],"picked":"Shrug It Off","floor":10},{"not_picked":["Rampage","Shrug It Off"],"picked":"Carnage","floor":12},{"not_picked":["Body Slam","Warcry"],"picked":"Spot Weakness","floor":13},{"not_picked":["Flame Barrier","Hemokinesis"],"picked":"Reaper","floor":14},{"not_picked":["Berserk","Double Tap"],"picked":"Demon Form","floor":16},{"not_picked":["Wild Strike","Infernal Blade"],"picked":"Shrug It Off","floor":18},{"not_picked":["Searing Blow","Body Slam"],"picked":"Pommel Strike","floor":20},{"not_picked":["Searing Blow","Clash"],"picked":"Corruption","floor":21},{"not_picked":["Sentinel","Thunderclap"],"picked":"Metallicize","floor":22},{"not_picked":["Iron Wave","Intimidate"],"picked":"Combust","floor":23}],"player_experience":611180,"relics_obtained":[{"floor":7,"key":"Strawberry"},{"floor":8,"key":"Odd Mushroom"},{"floor":9,"key":"Tiny Chest"},{"floor":10,"key":"Happy Flower"},{"floor":23,"key":"Potion Belt"},{"floor":23,"key":"Blue Candle"}],"event_choices":[{"damage_healed":0,"gold_gain":0,"player_choice":"Got Potions","damage_taken":0,"max_hp_gain":0,"max_hp_loss":0,"event_name":"Lab","floor":3,"gold_loss":0},{"damage_healed":0,"gold_gain":0,"player_choice":"Fought Mushrooms","damage_taken":0,"max_hp_gain":0,"max_hp_loss":0,"event_name":"Mushrooms","floor":8,"gold_loss":0},{"damage_healed":0,"gold_gain":0,"player_choice":"Gave Potion","damage_taken":0,"relics_obtained":["Regal Pillow"],"max_hp_gain":0,"max_hp_loss":0,"event_name":"WeMeetAgain","floor":11,"gold_loss":0},{"cards_removed":["Spot Weakness"],"damage_healed":12,"gold_gain":0,"player_choice":"Offered Uncommon","damage_taken":0,"max_hp_gain":0,"max_hp_loss":0,"event_name":"Bonfire Elementals","floor":19,"gold_loss":0}],"is_beta":false,"boss_relics":[{"not_picked":["Runic Dome","Black Blood"],"picked":"Black Star"}],"items_purged_floors":[4,24],"is_endless":false,"potions_floor_spawned":[2,5,12,14,16,20,23],"killed_by":"Gremlin Leader","ascension_level":12}