{"gold_per_floor":[117,117,117,117,141,179,204,225,225,248,273,273],"floor_reached":12,"playtime":431,"items_purged":[],"score":123,"play_id":"2a1a0152-5050-4b93-8c64-3f57e8682b5f","local_time":"20190104221435","is_ascension_mode":true,"campfire_choices":[],"neow_cost":"NONE","seed_source_timestamp":9390871099183,"circlet_count":0,"master_deck":["Strike_B","Strike_B","Strike_B","Defend_B","Defend_B","Defend_B","Defend_B","Zap","Dualcast","Darkness","Consume"],"relics":["Cracked Core","NeowsBlessing","Golden Idol","Smiling Mask"],"potions_floor_usage":[],"damage_taken":[{"damage":0,"enemies":"2 Louse","floor":1,"turns":1},{"damage":0,"enemies":"Jaw Worm","floor":5,"turns":1},{"damage":0,"enemies":"3 Sentries","floor":6,"turns":1},{"damage":10,"enemies":"Small Slimes","floor":7,"turns":3},{"damage":9,"enemies":"Red Slaver","floor":8,"turns":5},{"damage":6,"enemies":"2 Fungi Beasts","floor":10,"turns":4},{"damage":6,"enemies":"Blue Slaver","floor":11,"turns":4},{"damage":36,"enemies":"Gremlin Nob","floor":12,"turns":3}],"seed_played":"-4501729789111194442","potions_obtained":[{"floor":5,"key":"Ancient Potion"},{"floor":7,"key":"FearPotion"},{"floor":8,"key":"Poison Potion"}],"is_trial":false,"path_per_floor":["M","?","?","?","M","E","M","M","T","M","M","E"],"character_chosen":"DEFECT","items_purchased":[],"campfire_rested":0,"item_purchase_floors":[],"current_hp_per_floor":[75,57,57,62,62,62,52,43,43,37,31,0],"gold":273,"neow_bonus":"THREE_ENEMY_KILL","is_prod":false,"is_daily":false,"chose_seed":false,"campfire_upgraded":0,"win_rate":0,"timestamp":1546665275,"path_taken":["M","?","?","?","M","E","M","M","T","M","M","E"],"build_version":"2019-01-03v4","purchased_purges":0,"victory":false,"max_hp_per_floor":[75,75,75,80,80,80,80,80,80,80,80,80],"card_choices":[{"not_picked":["Go for the Eyes","Hologram","Leap"],"picked":"SKIP","floor":1},{"not_picked":["Conserve Battery","Compile Driver"],"picked":"Darkness","floor":5},{"not_picked":["Skim","Conserve Battery","Auto Shields"],"picked":"SKIP","floor":6},{"not_picked":["Beam Cell","Leap"],"picked":"Consume","floor":7},{"not_picked":["Steam","Aggregate","FTL"],"picked":"SKIP","floor":8},{"not_picked":["Turbo","Go for the Eyes","Skim"],"picked":"SKIP","floor":10},{"not_picked":["Storm","Rebound","Go for the Eyes"],"picked":"SKIP","floor":11}],"player_experience":245116,"relics_obtained":[{"floor":6,"key":"Smiling Mask"}],"event_choices":[{"damage_healed":0,"gold_gain":0,"player_choice":"Take Damage","damage_taken":18,"relics_obtained":["Golden Idol"],"max_hp_gain":0,"max_hp_loss":0,"event_name":"Golden Idol","floor":2,"gold_loss":0},{"cards_removed":["Strike_B"],"damage_healed":0,"gold_gain":0,"player_choice":"Forget","damage_taken":0,"max_hp_gain":0,"max_hp_loss":0,"event_name":"Living Wall","floor":3,"gold_loss":0},{"damage_healed":0,"gold_gain":0,"player_choice":"Donut","damage_taken":0,"max_hp_gain":5,"max_hp_loss":0,"event_name":"Big Fish","floor":4,"gold_loss":0}],"is_beta":false,"boss_relics":[],"items_purged_floors":[],"is_endless":false,"potions_floor_spawned":[5,7,8],"killed_by":"Gremlin Nob","ascension_level":3}