{"gold_per_floor":[117,28,45,45,63,90,100,100,100,126,22,41,76,90,90,192,192,211,228,228],"floor_reached":20,"playtime":807,"items_purged":[],"score":196,"play_id":"ee3bbd6e-1ae9-4fe0-92d6-df5fe76c0164","local_time":"20190508192926","is_ascension_mode":false,"campfire_choices":[{"floor":8,"key":"RECALL"},{"data":"Fusion","floor":15,"key":"SMITH"}],"neow_cost":"TEN_PERCENT_HP_LOSS","seed_source_timestamp":2107899175873230,"circlet_count":0,"master_deck":["Strike_B","Strike_B","Strike_B","Strike_B","Defend_B","Defend_B","Defend_B","Defend_B","Zap","Dualcast","Hyperbeam","Rebound","Chill","Streamline","Reboot","Hyperbeam","Fusion+1","Streamline","Self Repair","Self Repair","Meteor Strike"],"relics":["Cracked Core","Bottled Lightning","Ornamental Fan","Oddly Smooth Stone","Bag of Preparation","Lizard Tail"],"potions_floor_usage":[10,13,14,19,19],"damage_taken":[{"damage":0,"enemies":"Small Slimes","floor":1,"turns":1},{"damage":0,"enemies":"Cultist","floor":3,"turns":2},{"damage":6,"enemies":"Jaw Worm","floor":5,"turns":2},{"damage":22,"enemies":"3 Sentries","floor":6,"turns":5},{"damage":0,"enemies":"Lots of Slimes","floor":7,"turns":2},{"damage":24,"enemies":"Lagavulin","floor":10,"turns":6},{"damage":2,"enemies":"Looter","floor":12,"turns":2},{"damage":12,"enemies":"Gremlin Nob","floor":13,"turns":4},{"damage":8,"enemies":"Red Slaver","floor":14,"turns":3},{"damage":16,"enemies":"Slime Boss","floor":16,"turns":6},{"damage":20,"enemies":"2 Thieves","floor":18,"turns":2},{"damage":3,"enemies":"3 Byrds","floor":19,"turns":3},{"damage":93,"enemies":"Shelled Parasite and Fungi","floor":20,"turns":8}],"seed_played":"973781279441102084","potions_obtained":[{"floor":6,"key":"Explosive Potion"},{"floor":7,"key":"Block Potion"},{"floor":10,"key":"Regen Potion"},{"floor":18,"key":"Energy Potion"},{"floor":19,"key":"FearPotion"}],"is_trial":false,"path_per_floor":["M","$","M","?","M","E","M","R","T","E","$","M","E","M","R","B",null,"M","M","M"],"character_chosen":"DEFECT","items_purchased":["Chill","Streamline","Streamline","Block Potion"],"campfire_rested":0,"item_purchase_floors":[2,2,11,11],"current_hp_per_floor":[68,68,68,68,62,40,40,40,40,16,16,14,21,27,27,11,68,48,52,0],"gold":228,"neow_bonus":"THREE_RARE_CARDS","is_prod":false,"is_daily":false,"chose_seed":false,"campfire_upgraded":1,"win_rate":0,"timestamp":1557336566,"path_taken":["M","$","M","?","M","E","?","R","T","E","?","M","E","M","R","BOSS","M","M","M"],"build_version":"2019-05-07","purchased_purges":0,"victory":false,"max_hp_per_floor":[68,68,68,68,68,68,68,68,68,68,68,68,68,68,68,68,68,68,68,68],"card_choices":[{"not_picked":["Reboot","Seek"],"picked":"Hyperbeam","floor":0},{"not_picked":["Coolheaded","Streamline"],"picked":"Rebound","floor":1},{"not_picked":["Redo","Beam Cell","Sweeping Beam"],"picked":"SKIP","floor":3},{"not_picked":["Go for the Eyes","Recycle","Conserve Battery"],"picked":"SKIP","floor":5},{"not_picked":["Fusion","Streamline"],"picked":"Hyperbeam","floor":6},{"not_picked":["Turbo","Conserve Battery","Stack"],"picked":"SKIP","floor":7},{"not_picked":["Beam Cell","Sunder"],"picked":"Fusion","floor":10},{"not_picked":["Biased Cognition","Sweeping Beam"],"picked":"Self Repair","floor":12},{"not_picked":["Compile Driver","Defragment"],"picked":"Self Repair","floor":13},{"not_picked":["Turbo","Cold Snap","Storm"],"picked":"SKIP","floor":14},{"not_picked":["Buffer","Rainbow"],"picked":"Meteor Strike","floor":16},{"not_picked":["Conserve Battery","Genetic Algorithm+1","Rip and Tear"],"picked":"SKIP","floor":18},{"not_picked":["Capacitor","Gash","Chill"],"picked":"SKIP","floor":19}],"player_experience":537028,"relics_obtained":[{"floor":6,"key":"Bottled Lightning"},{"floor":9,"key":"Ornamental Fan"},{"floor":10,"key":"Oddly Smooth Stone"},{"floor":13,"key":"Bag of Preparation"}],"event_choices":[{"damage_healed":0,"gold_gain":0,"player_choice":"1 cards matched","damage_taken":0,"max_hp_gain":0,"max_hp_loss":0,"event_name":"Match and Keep!","floor":4,"gold_loss":0,"cards_obtained":["Reboot"]}],"is_beta":true,"boss_relics":[{"not_picked":["Astrolabe","Fusion Hammer"],"picked":"Lizard Tail"}],"items_purged_floors":[],"is_endless":false,"potions_floor_spawned":[6,7,10,12,18,19],"killed_by":"Shelled Parasite and Fungi","ascension_level":0}