{"gold_per_floor":[115,129,304,229,229,229,229,243,243,257,291,79,110,128,128,128],"floor_reached":16,"playtime":653,"items_purged":["Doubt","Pain"],"score":169,"play_id":"ae813e12-bc86-4a33-ae6c-8725645f6259","local_time":"20190124183822","is_ascension_mode":true,"campfire_choices":[{"data":"Entrench","floor":6,"key":"SMITH"},{"floor":15,"key":"REST"}],"neow_cost":"NONE","seed_source_timestamp":1174165623454241,"circlet_count":0,"master_deck":["Strike_R","Strike_R","Strike_R","Strike_R","Defend_R","Defend_R","Defend_R","Defend_R","Bash","Entrench+1","Ghostly Armor","Hemokinesis","Juggernaut+1"],"relics":["Burning Blood","NeowsBlessing","WarpedTongs","PreservedInsect","Frozen Egg 2","Letter Opener"],"potions_floor_usage":[11,13,14],"damage_taken":[{"damage":0,"enemies":"Cultist","floor":1,"turns":1},{"damage":0,"enemies":"Jaw Worm","floor":2,"turns":1},{"damage":6,"enemies":"2 Louse","floor":8,"turns":2},{"damage":14,"enemies":"Looter","floor":10,"turns":3},{"damage":39,"enemies":"3 Sentries","floor":11,"turns":7},{"damage":3,"enemies":"Gremlin Nob","floor":13,"turns":2},{"damage":19,"enemies":"Exordium Thugs","floor":14,"turns":4},{"damage":55,"enemies":"The Guardian","floor":16,"turns":11}],"seed_played":"4183556034071515181","potions_obtained":[{"floor":1,"key":"LiquidBronze"},{"floor":11,"key":"AttackPotion"},{"floor":13,"key":"LiquidBronze"}],"is_trial":false,"path_per_floor":["M","M","?","$","?","R","?","M","T","M","E","$","E","M","R","B"],"character_chosen":"IRONCLAD","items_purchased":["Ghostly Armor","Hemokinesis"],"campfire_rested":1,"item_purchase_floors":[12,12],"current_hp_per_floor":[80,80,80,80,80,80,80,80,80,72,39,39,42,29,53,0],"gold":128,"neow_bonus":"THREE_ENEMY_KILL","is_prod":false,"is_daily":false,"chose_seed":false,"campfire_upgraded":1,"win_rate":0,"timestamp":1548380302,"path_taken":["M","?","?","$","?","R","?","M","T","M","E","$","E","M","R","BOSS"],"build_version":"2019-01-23","purchased_purges":2,"victory":false,"max_hp_per_floor":[80,80,80,80,80,80,80,80,80,80,80,80,80,80,80,80],"card_choices":[{"not_picked":["Spot Weakness","Perfected Strike"],"picked":"Entrench","floor":1},{"not_picked":["Flame Barrier","Clothesline","Corruption"],"picked":"SKIP","floor":2},{"not_picked":["Rupture","Flex","Carnage"],"picked":"SKIP","floor":8},{"not_picked":["Anger","Intimidate","Thunderclap"],"picked":"SKIP","floor":10},{"not_picked":["Heavy Blade","Wild Strike","Iron Wave"],"picked":"SKIP","floor":11},{"not_picked":["Carnage","Headbutt"],"picked":"Juggernaut+1","floor":13},{"not_picked":["Burning Pact","Shrug It Off","Iron Wave"],"picked":"SKIP","floor":14}],"player_experience":314987,"relics_obtained":[{"floor":9,"key":"PreservedInsect"},{"floor":11,"key":"Frozen Egg 2"},{"floor":13,"key":"Letter Opener"}],"event_choices":[{"damage_healed":0,"gold_gain":175,"player_choice":"AGREE","damage_taken":0,"max_hp_gain":0,"max_hp_loss":0,"event_name":"Liars Game","floor":3,"gold_loss":0,"cards_obtained":["Doubt"]},{"cards_removed":["Strike_R"],"damage_healed":0,"gold_gain":0,"player_choice":"Forget","damage_taken":0,"max_hp_gain":0,"max_hp_loss":0,"event_name":"Living Wall","floor":5,"gold_loss":0},{"damage_healed":0,"gold_gain":0,"player_choice":"Rummage","damage_taken":0,"relics_obtained":["WarpedTongs"],"max_hp_gain":0,"max_hp_loss":0,"event_name":"Accursed Blacksmith","floor":7,"gold_loss":0,"cards_obtained":["Pain"]}],"is_beta":false,"boss_relics":[],"items_purged_floors":[4,12],"is_endless":false,"potions_floor_spawned":[1,11,13],"killed_by":"The Guardian","ascension_level":5}