{"gold_per_floor":[111,111,131,206,206,240,88,88,135,53,53,81,101,201,201,300,300,311,311,311,211,226,226,226,239,239,268,282,282,43,68,68,165,165,182,182,182,282,282,298,308,308,308,308],"floor_reached":44,"playtime":2149,"items_purged":["Strike_B","Strike_B"],"score":641,"play_id":"471569c6-fc6e-495b-b7cd-c4fa8b00f393","local_time":"20190428134913","is_ascension_mode":true,"campfire_choices":[{"data":"Zap","floor":8.0,"key":"SMITH"},{"data":"Scrape","floor":15.0,"key":"SMITH"},{"data":"Defend_B","floor":23.0,"key":"SMITH"},{"floor":29.0,"key":"REST"},{"floor":32.0,"key":"REST"}],"neow_cost":"NONE","seed_source_timestamp":0,"circlet_count":0,"master_deck":["Defend_B","Defend_B","Defend_B","Defend_B+1","Zap+1","Dualcast+1","Go for the Eyes","Streamline","Scrape+1","Flash of Steel","Go for the Eyes","Machine Learning","Beam Cell","Streamline","Compile Driver+1","FTL","Apotheosis+1","Seek","Creative AI"],"special_seed":0,"relics":["Cracked Core","NeowsBlessing","Blue Candle","Juzu Bracelet","Bag of Marbles","Nuclear Battery","Cables","Bird Faced Urn","Emotion Chip","Oddly Smooth Stone","Runic Dome","Nunchaku","Bottled Tornado"],"potions_floor_usage":[41,41,44],"damage_taken":[{"damage":0.0,"enemies":"2 Louse","floor":1.0,"turns":1.0},{"damage":0.0,"enemies":"Cultist","floor":3.0,"turns":1.0},{"damage":0.0,"enemies":"Gremlin Nob","floor":6.0,"turns":1.0},{"damage":15.0,"enemies":"3 Sentries","floor":12.0,"turns":5.0},{"damage":0.0,"enemies":"Small Slimes","floor":13.0,"turns":2.0},{"damage":12.0,"enemies":"Hexaghost","floor":16.0,"turns":7.0},{"damage":7.0,"enemies":"3 Byrds","floor":18.0,"turns":4.0},{"damage":0.0,"enemies":"Chosen","floor":22.0,"turns":3.0},{"damage":0.0,"enemies":"Snecko","floor":25.0,"turns":2.0},{"damage":9.0,"enemies":"Gremlin Leader","floor":27.0,"turns":4.0},{"damage":5.0,"enemies":"3 Cultists","floor":28.0,"turns":3.0},{"damage":2.0,"enemies":"Book of Stabbing","floor":31.0,"turns":3.0},{"damage":21.0,"enemies":"Champ","floor":33.0,"turns":6.0},{"damage":24,"enemies":"3 Darklings","floor":35,"turns":5},{"damage":12,"enemies":"Mind Bloom Boss Battle","floor":38,"turns":5},{"damage":6,"enemies":"3 Shapes","floor":40,"turns":3},{"damage":33,"enemies":"Sphere and 2 Shapes","floor":41,"turns":5},{"damage":16,"enemies":"Reptomancer","floor":44,"turns":2}],"seed_played":"8154429667933891432","potions_obtained":[{"floor":3.0,"key":"Energy Potion"},{"floor":12.0,"key":"SpeedPotion"},{"floor":22.0,"key":"AttackPotion"},{"floor":25.0,"key":"Strength Potion"},{"floor":33.0,"key":"Block Potion"}],"is_trial":false,"path_per_floor":["M","?","M","?","?","E","$","R","T","$","?","E","M","?","R","B",null,"M","?","?","$","M","R","?","M","T","E","M","R","$","E","R","B",null,"M","?","?","?","$","M","M","?","T","E"],"character_chosen":"DEFECT","items_purchased":["Scrape","Flash of Steel","FTL","Apotheosis"],"campfire_rested":2,"item_purchase_floors":[7,10,30,30],"current_hp_per_floor":[68,68,68,57,57,57,57,57,57,57,50,35,35,35,35,23,62,55,55,55,55,55,55,41,41,41,34,29,53,53,51,75,56,74,52,52,52,42,42,38,9,9,9,0],"gold":308,"neow_bonus":"THREE_ENEMY_KILL","is_prod":false,"is_daily":false,"chose_seed":false,"campfire_upgraded":3,"win_rate":0,"timestamp":1556452153,"path_taken":["M","?","?","?","?","E","?","R","T","$","?","E","M","?","R","BOSS","M","?","?","$","M","R","?","M","T","E","M","R","$","E","R","BOSS","M","?","?","?","$","M","M","?","T","E"],"build_version":"2019-04-23","purchased_purges":2,"victory":false,"max_hp_per_floor":[75,75,75,75,75,75,75,75,75,75,75,75,75,75,75,75,75,75,75,75,75,75,75,80,80,80,80,80,80,80,80,80,80,80,80,80,76,76,76,76,76,76,76,76],"card_choices":[{"not_picked":["Coolheaded","Fusion"],"picked":"FTL","floor":1.0},{"not_picked":["Turbo","Storm"],"picked":"Go for the Eyes","floor":3.0},{"not_picked":["Leap","Blizzard"],"picked":"Streamline","floor":6.0},{"not_picked":["Auto Shields","Capacitor"],"picked":"Go for the Eyes","floor":12.0},{"not_picked":["Steam Power","Go for the Eyes","Ball Lightning"],"picked":"SKIP","floor":13.0},{"not_picked":["Hyperbeam","Seek"],"picked":"Machine Learning","floor":16.0},{"not_picked":["Stack","Go for the Eyes"],"picked":"Beam Cell","floor":18.0},{"not_picked":["Steam","Redo+1","Heatsinks"],"picked":"SKIP","floor":22.0},{"not_picked":["Streamline+1","Double Energy","Sunder"],"picked":"SKIP","floor":25.0},{"not_picked":["Multi-Cast","Conserve Battery+1"],"picked":"Compile Driver+1","floor":27.0},{"not_picked":["Consume+1","Hologram","Double Energy"],"picked":"SKIP","floor":28.0},{"not_picked":["Consume+1","Hologram","Double Energy"],"picked":"SKIP","floor":28.0},{"not_picked":["Beam Cell","Chaos+1","Storm"],"picked":"SKIP","floor":31.0},{"not_picked":["Buffer","Creative AI"],"picked":"Seek","floor":33.0},{"not_picked":["Hello World","Cold Snap","Go for the Eyes+1"],"picked":"SKIP","floor":35},{"not_picked":["Hologram+1","Lockon+1"],"picked":"Creative AI","floor":40},{"not_picked":["Cold Snap+1","Rebound+1","Consume"],"picked":"SKIP","floor":41}],"player_experience":518725,"relics_obtained":[{"floor":6.0,"key":"Blue Candle"},{"floor":9.0,"key":"Juzu Bracelet"},{"floor":12.0,"key":"Bag of Marbles"},{"floor":26.0,"key":"Bird Faced Urn"},{"floor":27.0,"key":"Emotion Chip"},{"floor":31.0,"key":"Oddly Smooth Stone"},{"floor":38,"key":"Nunchaku"},{"floor":43,"key":"Bottled Tornado"}],"event_choices":[{"damage_healed":0.0,"max_hp_gain":0.0,"max_hp_loss":0.0,"gold_gain":0.0,"event_name":"Upgrade Shrine","player_choice":"Upgraded","floor":2.0,"gold_loss":0.0,"damage_taken":0.0,"cards_upgraded":["Dualcast"]},{"damage_healed":0.0,"max_hp_gain":0.0,"max_hp_loss":0.0,"gold_gain":75.0,"event_name":"World of Goop","player_choice":"Gather Gold","floor":4.0,"gold_loss":0.0,"damage_taken":11.0},{"cards_removed":["Strike_B"],"damage_healed":0.0,"max_hp_gain":0.0,"max_hp_loss":0.0,"gold_gain":0.0,"event_name":"Living Wall","player_choice":"Forget","floor":5.0,"gold_loss":0.0,"damage_taken":0.0},{"cards_removed":["Strike_B"],"damage_healed":0.0,"max_hp_gain":0.0,"max_hp_loss":0.0,"gold_gain":0.0,"event_name":"Golden Wing","player_choice":"Card Removal","floor":11.0,"gold_loss":0.0,"damage_taken":7.0},{"damage_healed":0.0,"max_hp_gain":0.0,"max_hp_loss":0.0,"gold_gain":100.0,"event_name":"Golden Shrine","player_choice":"Pray","floor":14.0,"gold_loss":0.0,"damage_taken":0.0},{"damage_healed":0.0,"max_hp_gain":0.0,"max_hp_loss":0.0,"gold_gain":0.0,"event_name":"The Mausoleum","player_choice":"Opened","floor":19.0,"gold_loss":0.0,"damage_taken":0.0,"relics_obtained":["Cables"]},{"damage_healed":0.0,"max_hp_gain":0.0,"max_hp_loss":0.0,"gold_gain":0.0,"event_name":"The Library","player_choice":"Read","floor":20.0,"gold_loss":0.0,"damage_taken":0.0,"cards_obtained":["Streamline"]},{"damage_healed":0.0,"max_hp_gain":5.0,"max_hp_loss":0.0,"gold_gain":0.0,"event_name":"Forgotten Altar","player_choice":"Shed Blood","floor":24.0,"gold_loss":0.0,"damage_taken":19.0},{"cards_removed":["FTL"],"damage_healed":0,"gold_gain":0,"player_choice":"Removed Attack","damage_taken":0,"max_hp_gain":0,"max_hp_loss":0,"event_name":"Falling","floor":36,"gold_loss":0},{"damage_healed":0,"gold_gain":0,"player_choice":"Max HP","damage_taken":0,"max_hp_gain":0,"max_hp_loss":4,"event_name":"Winding Halls","floor":37,"gold_loss":0},{"damage_healed":0,"gold_gain":0,"player_choice":"Fight","damage_taken":0,"max_hp_gain":0,"max_hp_loss":0,"event_name":"MindBloom","floor":38,"gold_loss":0},{"damage_healed":0,"gold_gain":0,"player_choice":"Forge","damage_taken":0,"max_hp_gain":0,"max_hp_loss":0,"event_name":"Accursed Blacksmith","floor":42,"gold_loss":0,"cards_upgraded":["Apotheosis"]}],"is_beta":true,"boss_relics":[{"not_picked":["Philosopher\u0027s Stone","Velvet Choker"],"picked":"Nuclear Battery"},{"not_picked":["Snecko Eye","White Beast Statue"],"picked":"Runic Dome"}],"items_purged_floors":[7,21],"is_endless":false,"potions_floor_spawned":[3,12,22,25,27,28,33,35],"killed_by":"Reptomancer","ascension_level":7}