{"gold_per_floor":[117,217,234,253,203,203,238,238,238,271,271,305,82,39,39,143,143,159,170,184,34,34,62,62,78,78,78,90,90,42,42,42,42],"floor_reached":33,"playtime":2407,"items_purged":["Strike_B","Strike_B"],"score":295,"play_id":"78145a6b-f5ff-44b7-a30d-911c905b26be","local_time":"20190813180705","is_ascension_mode":true,"campfire_choices":[{"data":"Gash","floor":6.0,"key":"SMITH"},{"data":"Echo Form","floor":8.0,"key":"SMITH"},{"floor":11.0,"key":"REST"},{"floor":15.0,"key":"RECALL"},{"floor":24.0,"key":"REST"},{"floor":27.0,"key":"REST"},{"data":"Conserve Battery","floor":29.0,"key":"SMITH"},{"data":"Zap","floor":32.0,"key":"SMITH"}],"neow_cost":"NONE","seed_source_timestamp":210460217818597,"circlet_count":0,"master_deck":["Strike_B","Defend_B","Defend_B","Defend_B","Defend_B","Zap+1","Dualcast","Gash+1","Rebound","Echo Form+1","Auto Shields","Defragment+1","Conserve Battery+1","Scrape","Turbo","Gash","Conserve Battery","Writhe"],"special_seed":0,"relics":["Cracked Core","Centennial Puzzle","Blue Candle","Thread and Needle","Gremlin Horn","Lantern","Inserter","Pantograph","Mercury Hourglass","Dodecahedron"],"potions_floor_usage":[33],"damage_taken":[{"damage":1.0,"enemies":"Jaw Worm","floor":1.0,"turns":4.0},{"damage":1.0,"enemies":"Cultist","floor":3.0,"turns":3.0},{"damage":3.0,"enemies":"2 Louse","floor":4.0,"turns":3.0},{"damage":31.0,"enemies":"Lagavulin","floor":7.0,"turns":4.0},{"damage":31.0,"enemies":"3 Sentries","floor":10.0,"turns":6.0},{"damage":2.0,"enemies":"Lagavulin","floor":12.0,"turns":8.0},{"damage":13.0,"enemies":"Slime Boss","floor":16.0,"turns":8.0},{"damage":10.0,"enemies":"Spheric Guardian","floor":18.0,"turns":5.0},{"damage":5.0,"enemies":"Shell Parasite","floor":19.0,"turns":8.0},{"damage":16.0,"enemies":"3 Cultists","floor":20.0,"turns":6.0},{"damage":42.0,"enemies":"Book of Stabbing","floor":23.0,"turns":7.0},{"damage":30.0,"enemies":"Snake Plant","floor":25.0,"turns":6.0},{"damage":5.0,"enemies":"Sentry and Sphere","floor":28.0,"turns":4.0},{"damage":64,"enemies":"Collector","floor":33,"turns":5}],"seed_played":"2802051456460961252","potions_obtained":[{"floor":1.0,"key":"SteroidPotion"},{"floor":10.0,"key":"Regen Potion"},{"floor":12.0,"key":"Swift Potion"},{"floor":16.0,"key":"Fire Potion"},{"floor":23.0,"key":"SpeedPotion"},{"floor":28.0,"key":"SpeedPotion"}],"is_trial":false,"path_per_floor":["M","?","M","M","?","R","E","R","T","E","R","E","$","?","R","B",null,"M","M","M","$","?","E","R","M","T","R","M","R","$","?","R","B"],"character_chosen":"DEFECT","items_purchased":["Lantern","Turbo","Conserve Battery"],"campfire_rested":3,"item_purchase_floors":[13,21,30],"current_hp_per_floor":[74,74,73,70,70,70,39,39,39,8,30,40,40,40,40,27,75,65,60,44,44,69,27,49,19,19,41,36,36,36,36,36,0],"gold":42,"neow_bonus":"RANDOM_COMMON_RELIC","is_prod":false,"is_daily":false,"chose_seed":false,"campfire_upgraded":4,"win_rate":0,"timestamp":1565737625,"path_taken":["M","?","?","M","?","R","E","R","T","E","R","E","$","?","R","BOSS","M","M","M","$","?","E","R","M","T","R","M","R","$","?","R","BOSS"],"build_version":"2019-07-17","purchased_purges":2,"victory":false,"max_hp_per_floor":[75,75,75,75,75,75,75,75,75,75,75,75,75,75,75,75,75,75,75,75,75,75,75,75,75,75,75,75,75,75,75,75,75],"card_choices":[{"not_picked":["Blizzard","Compile Driver"],"picked":"Gash","floor":1.0},{"not_picked":["Doom and Gloom","Redo"],"picked":"Rebound","floor":3.0},{"not_picked":["Redo","Beam Cell","Loop"],"picked":"SKIP","floor":4.0},{"not_picked":["Hologram","Melter"],"picked":"Echo Form","floor":7.0},{"not_picked":["Redo","Conserve Battery"],"picked":"Auto Shields","floor":10.0},{"not_picked":["Go for the Eyes","Consume","Rebound"],"picked":"SKIP","floor":12.0},{"not_picked":["Beam Cell","Double Energy+1"],"picked":"Defragment+1","floor":18.0},{"not_picked":["Genetic Algorithm","Stack"],"picked":"Conserve Battery","floor":19.0},{"not_picked":["Fusion","Steam"],"picked":"Scrape","floor":20.0},{"not_picked":["Hello World","Coolheaded","Stack"],"picked":"SKIP","floor":23.0},{"not_picked":["Chaos","Melter"],"picked":"Gash","floor":25.0},{"not_picked":["Chill","Blizzard","Rebound"],"picked":"SKIP","floor":28.0}],"player_experience":128430,"relics_obtained":[{"floor":7.0,"key":"Blue Candle"},{"floor":10.0,"key":"Thread and Needle"},{"floor":12.0,"key":"Gremlin Horn"},{"floor":23.0,"key":"Pantograph"},{"floor":26.0,"key":"Mercury Hourglass"}],"event_choices":[{"damage_healed":0.0,"max_hp_gain":0.0,"max_hp_loss":0.0,"gold_gain":100.0,"event_name":"Golden Shrine","player_choice":"Pray","floor":2.0,"gold_loss":0.0,"damage_taken":0.0},{"cards_removed":["Strike_B"],"damage_healed":0.0,"max_hp_gain":0.0,"max_hp_loss":0.0,"gold_gain":0.0,"event_name":"The Cleric","player_choice":"Card Removal","floor":5.0,"gold_loss":50.0,"damage_taken":0.0},{"damage_healed":0.0,"max_hp_gain":0.0,"max_hp_loss":0.0,"gold_gain":0.0,"event_name":"World of Goop","player_choice":"Left Gold","floor":14.0,"gold_loss":43.0,"damage_taken":0.0},{"damage_healed":25.0,"max_hp_gain":0.0,"max_hp_loss":0.0,"gold_gain":0.0,"event_name":"The Library","player_choice":"Heal","floor":22.0,"gold_loss":0.0,"damage_taken":0.0},{"damage_healed":0.0,"max_hp_gain":0.0,"max_hp_loss":0.0,"gold_gain":0.0,"event_name":"The Mausoleum","player_choice":"Opened","floor":31.0,"gold_loss":0.0,"damage_taken":0.0,"relics_obtained":["Dodecahedron"],"cards_obtained":["Writhe"]}],"is_beta":false,"boss_relics":[{"not_picked":["White Beast Statue","Busted Crown"],"picked":"Inserter"}],"items_purged_floors":[13,21],"is_endless":false,"potions_floor_spawned":[1,10,12,16,23,28],"killed_by":"Collector","ascension_level":1}