{"gold_per_floor":[117,192,192,42,56,87,87,118,163,35,51,1,1,20,20,119,119,134,84,104,54,54,81,261,287,287,237,255,269,269],"floor_reached":30,"playtime":2488,"items_purged":["Strike_R","Strike_R","Strike_R","Strike_R","Defend_R","Defend_R"],"score":276,"play_id":"34d96966-af13-49ee-a29c-da480abb59ce","local_time":"20181210121430","is_ascension_mode":false,"campfire_choices":[{"data":"Limit Break","floor":7,"key":"SMITH"},{"data":"Body Slam","floor":13,"key":"SMITH"},{"data":"Shrug It Off","floor":15,"key":"SMITH"}],"neow_cost":"CURSE","seed_source_timestamp":491335524716408,"circlet_count":0,"master_deck":["Defend_R","Defend_R","Bash","Injury","Limit Break+1","Headbutt","Flex","Iron Wave","Metallicize","Heavy Blade","Metallicize","Anger","Shrug It Off+1","Body Slam+1","Feed","Havoc+1","Shame","Burning Pact+1"],"relics":["Burning Blood","Smiling Mask","Du-Vu Doll","PreservedInsect","Busted Crown","Bag of Preparation","Bottled Flame","Matryoshka","Pantograph","Potion Belt"],"potions_floor_usage":[6,8,8,8,8,8,8,16,16,16,23,25,29],"damage_taken":[{"damage":6,"enemies":"Small Slimes","floor":1,"turns":3},{"damage":0,"enemies":"2 Louse","floor":5,"turns":3},{"damage":27,"enemies":"Lagavulin","floor":6,"turns":8},{"damage":12,"enemies":"Gremlin Nob","floor":8,"turns":4},{"damage":8,"enemies":"Jaw Worm","floor":11,"turns":2},{"damage":2,"enemies":"Lots of Slimes","floor":14,"turns":4},{"damage":32,"enemies":"Hexaghost","floor":16,"turns":8},{"damage":0,"enemies":"Chosen","floor":18,"turns":4},{"damage":29,"enemies":"2 Thieves","floor":20,"turns":5},{"damage":21,"enemies":"Book of Stabbing","floor":23,"turns":4},{"damage":16,"enemies":"Slavers","floor":25,"turns":6},{"damage":10,"enemies":"3 Cultists","floor":28,"turns":5},{"damage":5,"enemies":"Centurion and Healer","floor":29,"turns":5},{"damage":16,"enemies":"Snake Plant","floor":30,"turns":3}],"seed_played":"6072443562507196327","potions_obtained":[{"floor":1,"key":"SpeedPotion"},{"floor":6,"key":"EntropicBrew"},{"floor":8,"key":"SkillPotion"},{"floor":14,"key":"AttackPotion"},{"floor":20,"key":"FearPotion"},{"floor":23,"key":"Ancient Potion"},{"floor":28,"key":"Dexterity Potion"}],"is_trial":false,"path_per_floor":["M","?","?","$","M","E","R","E","T","$","M","$","R","M","R","B",null,"M","$","M","$","?","E","?","E","T","$","M","M","M"],"character_chosen":"IRONCLAD","items_purchased":["Flex","Iron Wave","Anger","Shrug It Off"],"campfire_rested":0,"item_purchase_floors":[4,4,10,10],"current_hp_per_floor":[80,69,62,62,68,47,47,53,53,53,51,51,51,55,55,29,80,80,80,57,57,57,42,18,11,11,11,10,14,0],"gold":269,"neow_bonus":"THREE_RARE_CARDS","is_prod":false,"is_daily":false,"chose_seed":false,"campfire_upgraded":3,"win_rate":0.0,"timestamp":1544469270,"path_taken":["M","?","?","$","M","E","R","E","T","$","M","?","R","M","R","BOSS","M","$","M","?","?","E","?","E","T","$","M","M","?"],"build_version":"2018-12-06","purchased_purges":6,"victory":false,"max_hp_per_floor":[80,80,80,80,80,80,80,80,80,80,80,80,80,80,80,80,80,80,80,80,80,80,80,80,83,83,83,86,89,89],"card_choices":[{"not_picked":["Bludgeon","Demon Form"],"picked":"Limit Break","floor":0},{"not_picked":["Havoc","Corruption"],"picked":"Headbutt","floor":1},{"not_picked":["Flex","Sever Soul"],"picked":"Metallicize","floor":5},{"not_picked":["Shrug It Off","Cleave"],"picked":"Heavy Blade","floor":6},{"not_picked":["Fire Breathing","Body Slam"],"picked":"Metallicize","floor":8},{"not_picked":["Dropkick","Iron Wave"],"picked":"Body Slam","floor":11},{"not_picked":["Body Slam","Inflame","Clash"],"picked":"SKIP","floor":14},{"not_picked":["Barricade","Offering"],"picked":"Feed","floor":16},{"not_picked":[],"picked":"Havoc+1","floor":18},{"not_picked":["Iron Wave"],"picked":"SKIP","floor":20},{"not_picked":[],"picked":"Burning Pact+1","floor":23},{"not_picked":["Searing Blow"],"picked":"SKIP","floor":25},{"not_picked":["Twin Strike"],"picked":"SKIP","floor":28},{"not_picked":["Thunderclap"],"picked":"SKIP","floor":29}],"player_experience":51245,"relics_obtained":[{"floor":6,"key":"Smiling Mask"},{"floor":8,"key":"Du-Vu Doll"},{"floor":9,"key":"PreservedInsect"},{"floor":23,"key":"Bottled Flame"},{"floor":25,"key":"Matryoshka"},{"floor":26,"key":"Pantograph"},{"floor":26,"key":"Potion Belt"}],"event_choices":[{"damage_healed":0,"gold_gain":75,"player_choice":"Gather Gold","damage_taken":11,"max_hp_gain":0,"max_hp_loss":0,"event_name":"World of Goop","floor":2,"gold_loss":0},{"cards_removed":["Strike_R"],"damage_healed":0,"gold_gain":0,"player_choice":"Card Removal","damage_taken":7,"max_hp_gain":0,"max_hp_loss":0,"event_name":"Golden Wing","floor":3,"gold_loss":0},{"damage_healed":0,"gold_gain":0,"player_choice":"Stole Relic","damage_taken":0,"relics_obtained":["Bag of Preparation"],"max_hp_gain":0,"max_hp_loss":0,"event_name":"Addict","floor":22,"gold_loss":0,"cards_obtained":["Shame"]},{"damage_healed":0,"gold_gain":180,"player_choice":"GOLD GOLD ","damage_taken":24,"max_hp_gain":0,"max_hp_loss":0,"event_name":"Knowing Skull","floor":24,"potions_obtained":[],"gold_loss":0,"cards_obtained":[]}],"is_beta":false,"boss_relics":[{"not_picked":["Black Star","White Beast Statue"],"picked":"Busted Crown"}],"items_purged_floors":[4,10,12,19,21,27],"is_endless":false,"potions_floor_spawned":[1,6,8,14,20,23,28],"killed_by":"Snake Plant","ascension_level":0}