{"gold_per_floor":[109,122,142,28,28,28,42,62,117,151,168,178,197,52,52,147,147,137,148,148,163,78,78,98,125,125,125,125,144,157,57,57,156,156,167,267,267,291,48,76,76,76,76,92,110,130,130,4,4,4],"floor_reached":50,"playtime":3119,"items_purged":["Strike_G","Strike_G+1","Strike_G+1","Strike_G+1"],"score":496,"play_id":"fe369f10-5f44-4ac1-b7e2-c4448f62f760","local_time":"20190127161217","is_ascension_mode":false,"campfire_choices":[{"data":"Noxious Fumes","floor":6,"key":"SMITH"},{"floor":15,"key":"REST"},{"data":"Neutralize","floor":23,"key":"SMITH"},{"data":"Noxious Fumes","floor":28,"key":"SMITH"},{"data":"Noxious Fumes","floor":32,"key":"SMITH"},{"data":"Burst","floor":42,"key":"SMITH"},{"floor":47,"key":"RECALL"},{"data":"Burst","floor":49,"key":"SMITH"}],"neow_cost":"NONE","seed_source_timestamp":140713012779739,"circlet_count":0,"master_deck":["Defend_G+1","Defend_G+1","Defend_G+1","Defend_G+1","Defend_G+1","Survivor","Neutralize+1","Noxious Fumes+1","Escape Plan","Well Laid Plans","Backflip","Infinite Blades","Noxious Fumes+1","Backflip+1","Skewer+1","Noxious Fumes+1","Deadly Poison+1","Burst+1","Burst+1","Panacea","Deep Breath","Finesse","Parasite","Blur+1"],"relics":["Eternal Feather","Regal Pillow","Gremlin Horn","Coffee Dripper","Bag of Marbles","Centennial Puzzle","Sozu","Gambling Chip","Smiling Mask","Membership Card","Pen Nib","Darkstone Periapt","Juzu Bracelet"],"potions_floor_usage":[7,10,10,25,25,33,33,45],"damage_taken":[{"damage":1,"enemies":"2 Louse","floor":1,"turns":3},{"damage":4,"enemies":"Cultist","floor":2,"turns":5},{"damage":0,"enemies":"Small Slimes","floor":3,"turns":5},{"damage":13,"enemies":"2 Fungi Beasts","floor":7,"turns":5},{"damage":4,"enemies":"Exordium Wildlife","floor":8,"turns":5},{"damage":41,"enemies":"Gremlin Nob","floor":10,"turns":6},{"damage":2,"enemies":"Blue Slaver","floor":11,"turns":5},{"damage":2,"enemies":"Looter","floor":12,"turns":5},{"damage":2,"enemies":"2 Fungi Beasts","floor":13,"turns":5},{"damage":44,"enemies":"Slime Boss","floor":16,"turns":10},{"damage":14,"enemies":"2 Thieves","floor":18,"turns":4},{"damage":13,"enemies":"Chosen","floor":19,"turns":6},{"damage":10,"enemies":"Sentry and Sphere","floor":21,"turns":7},{"damage":17,"enemies":"Snake Plant","floor":24,"turns":4},{"damage":28,"enemies":"Slavers","floor":25,"turns":5},{"damage":0,"enemies":"Snecko","floor":29,"turns":5},{"damage":3,"enemies":"Centurion and Healer","floor":30,"turns":5},{"damage":17,"enemies":"Champ","floor":33,"turns":11},{"damage":7,"enemies":"Orb Walker","floor":35,"turns":3},{"damage":8,"enemies":"Mind Bloom Boss Battle","floor":36,"turns":7},{"damage":26,"enemies":"Reptomancer","floor":40,"turns":6},{"damage":4,"enemies":"3 Darklings","floor":44,"turns":4},{"damage":1,"enemies":"Writhing Mass","floor":45,"turns":5},{"damage":5,"enemies":"4 Shapes","floor":46,"turns":5},{"damage":72,"enemies":"Time Eater","floor":50,"turns":6}],"seed_played":"-509764579981103687","potions_obtained":[{"floor":1,"key":"Fire Potion"},{"floor":5,"key":"LiquidBronze"},{"floor":5,"key":"Fruit Juice"},{"floor":7,"key":"Block Potion"},{"floor":11,"key":"Strength Potion"},{"floor":13,"key":"FairyPotion"},{"floor":19,"key":"Poison Potion"},{"floor":25,"key":"GamblersBrew"},{"floor":30,"key":"Fire Potion"},{"floor":33,"key":"GamblersBrew"}],"is_trial":false,"path_per_floor":["M","M","M","$","?","R","M","M","T","E","M","M","M","$","R","B",null,"M","M","?","M","?","R","M","E","T","?","R","M","M","$","R","B",null,"M","?","?","T","$","E","?","R","T","M","M","M","R","$","R","B"],"character_chosen":"THE_SILENT","items_purchased":["Noxious Fumes","Escape Plan","Noxious Fumes","Membership Card","Juzu Bracelet"],"campfire_rested":1,"item_purchase_floors":[4,4,14,39,48],"current_hp_per_floor":[69,65,65,65,65,70,62,58,58,17,15,13,11,11,57,13,75,61,48,48,38,38,47,30,2,2,2,14,14,11,11,23,6,75,68,60,60,60,60,34,24,36,36,32,37,32,47,47,59,0],"gold":4,"neow_bonus":"BOSS_RELIC","is_prod":false,"is_daily":false,"chose_seed":false,"campfire_upgraded":6,"win_rate":0,"timestamp":1548630737,"path_taken":["M","M","M","$","?","R","M","?","T","E","M","M","?","?","R","BOSS","M","M","?","M","?","R","M","E","T","?","R","M","M","$","R","BOSS","M","?","?","?","?","E","?","R","T","M","M","?","R","$","R","BOSS"],"build_version":"2019-01-23","purchased_purges":4,"victory":false,"max_hp_per_floor":[70,70,70,70,70,70,75,75,75,75,75,75,75,75,75,75,75,75,75,75,75,75,75,75,75,75,75,75,75,75,75,75,75,75,75,75,75,75,75,75,75,75,75,75,81,81,81,81,81,81],"card_choices":[{"not_picked":["Tactician","Deflect","Blade Dance"],"picked":"SKIP","floor":1},{"not_picked":["Acrobatics","PiercingWail","Eviscerate"],"picked":"SKIP","floor":2},{"not_picked":["Deflect","Dagger Throw","Eviscerate"],"picked":"SKIP","floor":3},{"not_picked":["Dodge and Roll","Outmaneuver"],"picked":"Well Laid Plans","floor":7},{"not_picked":["Flechettes","Dodge and Roll","Outmaneuver"],"picked":"SKIP","floor":8},{"not_picked":["Endless Agony","Catalyst"],"picked":"Backflip","floor":10},{"not_picked":["Distraction","Poisoned Stab","Acrobatics"],"picked":"SKIP","floor":11},{"not_picked":["Backflip","Unload"],"picked":"Infinite Blades","floor":12},{"not_picked":["Backstab","Underhanded Strike","Dagger Throw"],"picked":"SKIP","floor":13},{"not_picked":["PiercingWail+1","Backflip+1","Slice+1"],"picked":"SKIP","floor":18},{"not_picked":["PiercingWail+1","Slice+1"],"picked":"Backflip+1","floor":18},{"not_picked":["Outmaneuver","Sucker Punch","Setup"],"picked":"SKIP","floor":19},{"not_picked":["Dagger Throw+1","Flechettes"],"picked":"Skewer+1","floor":21},{"not_picked":["Blade Dance","Dodge and Roll"],"picked":"Noxious Fumes","floor":24},{"not_picked":["Riddle With Holes+1","Flying Knee","Prepared"],"picked":"SKIP","floor":25},{"not_picked":["Sucker Punch+1","Riddle With Holes","Bane"],"picked":"SKIP","floor":29},{"not_picked":["Slice+1","Storm of Steel"],"picked":"Deadly Poison+1","floor":30},{"not_picked":["Glass Knife","Envenom"],"picked":"Burst","floor":33},{"not_picked":["PiercingWail","Reflex+1","Blade Dance+1"],"picked":"SKIP","floor":35},{"not_picked":["Backstab+1","PiercingWail+1"],"picked":"Burst","floor":40},{"not_picked":["Swift Strike","HandOfGreed"],"picked":"Panacea","floor":41},{"not_picked":["Mind Blast","Secret Weapon"],"picked":"Deep Breath","floor":41},{"not_picked":["Dramatic Entrance","Mind Blast"],"picked":"Finesse","floor":41},{"not_picked":["Cloak And Dagger+1","Quick Slash+1","Flechettes+1"],"picked":"SKIP","floor":44},{"not_picked":["Sucker Punch+1","Outmaneuver","Catalyst"],"picked":"SKIP","floor":45},{"not_picked":["Acrobatics","Slice+1"],"picked":"Blur+1","floor":46}],"player_experience":333537,"relics_obtained":[{"floor":9,"key":"Regal Pillow"},{"floor":10,"key":"Gremlin Horn"},{"floor":25,"key":"Centennial Puzzle"},{"floor":36,"key":"Gambling Chip"},{"floor":38,"key":"Smiling Mask"},{"floor":40,"key":"Pen Nib"},{"floor":43,"key":"Darkstone Periapt"}],"event_choices":[{"damage_healed":0,"gold_gain":0,"player_choice":"Got Potions","damage_taken":0,"max_hp_gain":0,"max_hp_loss":0,"event_name":"Lab","floor":5,"gold_loss":0},{"damage_healed":0,"gold_gain":0,"player_choice":"Simplicity","damage_taken":0,"max_hp_gain":0,"max_hp_loss":0,"event_name":"Back to Basics","floor":20,"gold_loss":0,"cards_upgraded":["Defend_G","Defend_G","Defend_G","Defend_G","Defend_G","Strike_G","Strike_G","Strike_G","Strike_G"]},{"damage_healed":0,"gold_gain":0,"player_choice":"Obtained Relic","damage_taken":0,"relics_obtained":["Bag of Marbles"],"max_hp_gain":0,"max_hp_loss":0,"event_name":"Addict","floor":22,"gold_loss":85},{"damage_healed":0,"gold_gain":0,"player_choice":"Ignored","damage_taken":0,"max_hp_gain":0,"max_hp_loss":0,"event_name":"The Mausoleum","floor":27,"gold_loss":0},{"damage_healed":0,"gold_gain":0,"player_choice":"Fight","damage_taken":0,"max_hp_gain":0,"max_hp_loss":0,"event_name":"MindBloom","floor":36,"gold_loss":0},{"cards_removed":["Strike_G"],"damage_healed":0,"gold_gain":0,"player_choice":"Removed Attack","damage_taken":0,"max_hp_gain":0,"max_hp_loss":0,"event_name":"Falling","floor":37,"gold_loss":0},{"damage_healed":0,"gold_gain":0,"player_choice":"Memory 3","damage_taken":10,"max_hp_gain":0,"max_hp_loss":0,"event_name":"SensoryStone","floor":41,"gold_loss":0}],"is_beta":false,"boss_relics":[{"not_picked":["Orrery","Runic Dome"],"picked":"Coffee Dripper"},{"not_picked":["WristBlade","Fusion Hammer"],"picked":"Sozu"}],"items_purged_floors":[14,31,39,48],"is_endless":false,"potions_floor_spawned":[1,7,11,13,16,19,25,30,33,35,40,46],"killed_by":"Time Eater","ascension_level":0}