{"gold_per_floor":[161,178,253,253,266,266,277,288,288,288,301,329,329,347,347,347],"floor_reached":16,"playtime":1066,"items_purged":[],"score":181,"play_id":"187c5310-f183-4c34-8f9e-41278804a70f","local_time":"20190314174052","is_ascension_mode":true,"campfire_choices":[{"data":"True Grit","floor":6,"key":"SMITH"},{"floor":10,"key":"REST"},{"floor":15,"key":"RECALL"}],"neow_cost":"NONE","seed_source_timestamp":67317607501007,"circlet_count":0,"master_deck":["Strike_R","Strike_R","Strike_R+1","Strike_R","Defend_R","Defend_R","Defend_R","Defend_R","Bash","True Grit+1","Twin Strike","Double Tap","Clothesline","Thunderclap","Corruption","Feel No Pain","Armaments+1","Sword Boomerang"],"relics":["Tiny House","Strawberry"],"potions_floor_usage":[7,8,12,12,16],"damage_taken":[{"damage":7,"enemies":"2 Louse","floor":1,"turns":3},{"damage":0,"enemies":"Cultist","floor":2,"turns":3},{"damage":0,"enemies":"Small Slimes","floor":5,"turns":3},{"damage":0,"enemies":"Looter","floor":7,"turns":1},{"damage":16,"enemies":"Exordium Wildlife","floor":8,"turns":4},{"damage":22,"enemies":"Lots of Slimes","floor":11,"turns":4},{"damage":0,"enemies":"3 Sentries","floor":12,"turns":14},{"damage":0,"enemies":"Large Slime","floor":14,"turns":4},{"damage":56,"enemies":"Hexaghost","floor":16,"turns":11}],"seed_played":"5077402699404689418","potions_obtained":[{"floor":0,"key":"Dexterity Potion"},{"floor":2,"key":"EssenceOfSteel"},{"floor":5,"key":"AttackPotion"},{"floor":7,"key":"SteroidPotion"},{"floor":11,"key":"EssenceOfSteel"}],"is_trial":false,"path_per_floor":["M","M","?","?","M","R","M","M","T","R","M","E","?","M","R","B"],"character_chosen":"IRONCLAD","items_purchased":[],"campfire_rested":1,"item_purchase_floors":[],"current_hp_per_floor":[70,70,59,59,59,59,59,43,43,68,46,53,53,53,53,0],"gold":347,"neow_bonus":"BOSS_RELIC","is_prod":false,"is_daily":false,"chose_seed":false,"campfire_upgraded":1,"win_rate":0,"timestamp":1552606852,"path_taken":["M","M","?","?","M","R","M","M","T","R","?","E","?","M","R","BOSS"],"build_version":"2019-01-23","purchased_purges":0,"victory":false,"max_hp_per_floor":[85,85,85,85,85,85,85,85,85,85,85,92,92,92,92,92],"card_choices":[{"not_picked":["Anger","Shrug It Off"],"picked":"True Grit","floor":0},{"not_picked":["Havoc","Clash"],"picked":"Twin Strike","floor":1},{"not_picked":["Havoc","Anger"],"picked":"Double Tap","floor":2},{"not_picked":["Headbutt","Clash"],"picked":"Clothesline","floor":5},{"not_picked":["Wild Strike","Cleave"],"picked":"Thunderclap","floor":7},{"not_picked":["Wild Strike","Ghostly Armor"],"picked":"Corruption","floor":8},{"not_picked":["Burning Pact","Havoc"],"picked":"Feel No Pain","floor":11},{"not_picked":["Metallicize","Anger"],"picked":"Armaments","floor":12},{"not_picked":["Anger","Shrug It Off"],"picked":"Sword Boomerang","floor":14}],"player_experience":481118,"relics_obtained":[{"floor":12,"key":"Strawberry"}],"event_choices":[{"damage_healed":0,"gold_gain":75,"player_choice":"Gather Gold","damage_taken":11,"max_hp_gain":0,"max_hp_loss":0,"event_name":"World of Goop","floor":3,"gold_loss":0},{"cards_removed":["Strike_R"],"damage_healed":0,"gold_gain":0,"player_choice":"Offered Basic","damage_taken":0,"max_hp_gain":0,"max_hp_loss":0,"event_name":"Bonfire Elementals","floor":4,"gold_loss":0},{"damage_healed":0,"gold_gain":0,"player_choice":"Grow","damage_taken":0,"max_hp_gain":0,"max_hp_loss":0,"event_name":"Living Wall","floor":13,"gold_loss":0,"cards_upgraded":["Armaments"]}],"is_beta":false,"boss_relics":[],"items_purged_floors":[],"is_endless":false,"potions_floor_spawned":[2,5,7,11],"killed_by":"Hexaghost","ascension_level":8}