{"gold_per_floor":[114,289,305,305,324,324,1,1,54,66,81,115,65,83,83,188,188,205,120,120,120,47,47,59,87,114,124,124,224,224],"floor_reached":30,"playtime":1205,"items_purged":["Doubt","Defend_R","Defend_R"],"score":335,"play_id":"ce208f2f-5be1-4712-914c-1ea3c2d19b6d","local_time":"20190201192219","is_ascension_mode":true,"campfire_choices":[{"data":"Searing Blow","floor":6,"key":"SMITH"},{"data":"Rage","floor":15,"key":"SMITH"},{"data":"Armaments","floor":23,"key":"SMITH"}],"neow_cost":"NONE","seed_source_timestamp":400956540221240,"circlet_count":0,"master_deck":["Defend_R","Defend_R","Bash","Searing Blow+1","Pommel Strike","Berserk","Rage+1","Juggernaut","Bite","Bite","Bite","Bite","Armaments+1","Dropkick","Entrench+1"],"relics":["Burning Blood","Potion Belt","Shuriken","Smiling Mask","Red Skull","Philosopher\u0027s Stone","Lantern","Regal Pillow","Boot","Oddly Smooth Stone"],"potions_floor_usage":[12,14,16,25,27],"damage_taken":[{"damage":9,"enemies":"2 Louse","floor":1,"turns":4},{"damage":18,"enemies":"Jaw Worm","floor":3,"turns":4},{"damage":0,"enemies":"Small Slimes","floor":5,"turns":3},{"damage":6,"enemies":"Exordium Thugs","floor":10,"turns":3},{"damage":0,"enemies":"Large Slime","floor":11,"turns":4},{"damage":30,"enemies":"Lagavulin","floor":12,"turns":6},{"damage":0,"enemies":"3 Louse","floor":14,"turns":1},{"damage":40,"enemies":"Hexaghost","floor":16,"turns":8},{"damage":31,"enemies":"2 Thieves","floor":18,"turns":3},{"damage":13,"enemies":"Spheric Guardian","floor":24,"turns":3},{"damage":65,"enemies":"Book of Stabbing","floor":25,"turns":5},{"damage":8,"enemies":"Chosen and Byrds","floor":27,"turns":4},{"damage":21,"enemies":"Snake Plant","floor":30,"turns":1}],"seed_played":"-235726029021261226","potions_obtained":[{"floor":3,"key":"Poison Potion"},{"floor":5,"key":"Dexterity Potion"},{"floor":10,"key":"Explosive Potion"},{"floor":18,"key":"SkillPotion"},{"floor":25,"key":"Explosive Potion"}],"is_trial":false,"path_per_floor":["M","?","M","?","M","R","$","?","T","M","M","E","$","M","R","B",null,"M","?","?","?","$","R","M","E","T","M","T","?","M"],"character_chosen":"IRONCLAD","items_purchased":["Shuriken","Armaments"],"campfire_rested":0,"item_purchase_floors":[7,22],"current_hp_per_floor":[85,85,73,66,72,72,72,72,72,72,78,54,54,60,60,26,73,48,48,48,48,48,48,56,8,8,17,17,17,0],"gold":224,"neow_bonus":"TEN_PERCENT_HP_BONUS","is_prod":false,"is_daily":false,"chose_seed":false,"campfire_upgraded":3,"win_rate":0,"timestamp":1549074139,"path_taken":["M","?","M","?","M","R","$","?","T","M","M","E","$","M","R","BOSS","M","?","?","?","$","R","M","E","T","?","?","?","M"],"build_version":"2019-01-23","purchased_purges":3,"victory":false,"max_hp_per_floor":[88,88,88,88,88,88,88,88,88,88,88,88,88,88,88,88,88,88,88,61,61,61,61,61,61,61,61,61,61,61],"card_choices":[{"not_picked":["Clash","Havoc"],"picked":"Searing Blow","floor":1},{"not_picked":["Shrug It Off","Infernal Blade"],"picked":"Pommel Strike","floor":3},{"not_picked":["Wild Strike","Havoc","Heavy Blade"],"picked":"SKIP","floor":5},{"not_picked":["Iron Wave","Armaments"],"picked":"Berserk","floor":10},{"not_picked":["Sword Boomerang","Thunderclap"],"picked":"Rage","floor":11},{"not_picked":["Fire Breathing","Anger","Blood for Blood"],"picked":"SKIP","floor":12},{"not_picked":["Fire Breathing","Anger","Blood for Blood"],"picked":"SKIP","floor":12},{"not_picked":["Shockwave","Perfected Strike","Uppercut"],"picked":"SKIP","floor":14},{"not_picked":["Immolate","Impervious"],"picked":"Juggernaut","floor":16},{"not_picked":["Havoc","Combust","Warcry+1"],"picked":"SKIP","floor":18},{"not_picked":["Sentinel+1","Armaments","Flex"],"picked":"SKIP","floor":24},{"not_picked":["Havoc","Wild Strike"],"picked":"Dropkick","floor":25},{"not_picked":["Clash+1","Body Slam"],"picked":"Entrench+1","floor":27}],"player_experience":350918,"relics_obtained":[{"floor":9,"key":"Smiling Mask"},{"floor":12,"key":"Red Skull"},{"floor":25,"key":"Boot"},{"floor":26,"key":"Oddly Smooth Stone"}],"event_choices":[{"damage_healed":0,"gold_gain":175,"player_choice":"AGREE","damage_taken":0,"max_hp_gain":0,"max_hp_loss":0,"event_name":"Liars Game","floor":2,"gold_loss":0,"cards_obtained":["Doubt"]},{"damage_healed":0,"gold_gain":0,"player_choice":"Success","damage_taken":7,"relics_obtained":["Potion Belt"],"max_hp_gain":0,"max_hp_loss":0,"event_name":"Scrap Ooze","floor":4,"gold_loss":0},{"damage_healed":0,"gold_gain":0,"player_choice":"Leave","damage_taken":0,"max_hp_gain":0,"max_hp_loss":0,"event_name":"The Cleric","floor":8,"gold_loss":0},{"damage_healed":0,"gold_gain":0,"player_choice":"Obtained Relic","damage_taken":0,"relics_obtained":["Lantern"],"max_hp_gain":0,"max_hp_loss":0,"event_name":"Addict","floor":19,"gold_loss":85},{"damage_healed":0,"gold_gain":0,"player_choice":"Became a vampire","damage_taken":0,"max_hp_gain":0,"max_hp_loss":27,"event_name":"Vampires","floor":20,"gold_loss":0,"cards_obtained":["Bite","Bite","Bite","Bite","Bite"]},{"cards_removed":["Bite"],"damage_healed":0,"gold_gain":0,"player_choice":"Gave Card","damage_taken":0,"relics_obtained":["Regal Pillow"],"max_hp_gain":0,"max_hp_loss":0,"event_name":"WeMeetAgain","floor":21,"gold_loss":0},{"damage_healed":0,"gold_gain":100,"player_choice":"Pray","damage_taken":0,"max_hp_gain":0,"max_hp_loss":0,"event_name":"Golden Shrine","floor":29,"gold_loss":0}],"is_beta":false,"boss_relics":[{"not_picked":["Lizard Tail","Black Blood"],"picked":"Philosopher\u0027s Stone"}],"items_purged_floors":[7,13,22],"is_endless":false,"potions_floor_spawned":[3,5,10,18,25],"killed_by":"Snake Plant","ascension_level":5}