{"gold_per_floor":[111,126,55,55,55,82,93,108,108,125,47,47,47,62,62,159,159,173,192,30,50,64,92,92,112,194,194,213,213,29,49,49,49],"floor_reached":33,"playtime":3253,"items_purged":[],"score":350,"play_id":"9cb81944-27b4-4217-9ca3-440939d1b0b5","local_time":"20190228211558","is_ascension_mode":true,"campfire_choices":[{"data":"Caltrops","floor":13,"key":"SMITH"},{"floor":15,"key":"RECALL"},{"floor":24,"key":"REST"},{"data":"Forethought","floor":27,"key":"SMITH"},{"floor":29,"key":"REST"},{"data":"Burst","floor":32,"key":"SMITH"}],"neow_cost":"NONE","seed_source_timestamp":691012386111605,"circlet_count":0,"master_deck":["Defend_G","Defend_G","Defend_G","Defend_G","Strike_G","Strike_G","Strike_G","Strike_G","Strike_G","Survivor","Neutralize","Outmaneuver","Well Laid Plans","PiercingWail","Burst+1","Dodge and Roll","Corpse Explosion","Dagger Throw","Caltrops+1","Dagger Spray","Crippling Poison","Acrobatics","Poisoned Stab","Bane","Bullet Time","Predator","Prepared","Forethought+1","Caltrops","Choke+1","PiercingWail","Tools of the Trade","Bullet Time","Underhanded Strike","Cloak And Dagger+1"],"relics":["Orrery","FossilizedHelix","Bottled Lightning","Snecko Eye","Mercury Hourglass"],"potions_floor_usage":[6,8,16,22,33],"damage_taken":[{"damage":4,"enemies":"Cultist","floor":1,"turns":5},{"damage":11,"enemies":"Small Slimes","floor":2,"turns":6},{"damage":19,"enemies":"3 Sentries","floor":6,"turns":5},{"damage":0,"enemies":"2 Louse","floor":7,"turns":3},{"damage":20,"enemies":"Gremlin Gang","floor":8,"turns":3},{"damage":0,"enemies":"Exordium Thugs","floor":10,"turns":6},{"damage":0,"enemies":"Lots of Slimes","floor":14,"turns":1},{"damage":26,"enemies":"Hexaghost","floor":16,"turns":9},{"damage":1,"enemies":"3 Byrds","floor":18,"turns":3},{"damage":8,"enemies":"2 Thieves","floor":19,"turns":2},{"damage":13,"enemies":"Snecko","floor":21,"turns":5},{"damage":21,"enemies":"Sentry and Sphere","floor":22,"turns":5},{"damage":21,"enemies":"Slavers","floor":23,"turns":2},{"damage":3,"enemies":"Centurion and Healer","floor":25,"turns":4},{"damage":0,"enemies":"Snake Plant","floor":28,"turns":3},{"damage":0,"enemies":"Chosen and Byrds","floor":31,"turns":4},{"damage":82,"enemies":"Automaton","floor":33,"turns":6}],"seed_played":"7270791180837658012","potions_obtained":[{"floor":1,"key":"Poison Potion"},{"floor":7,"key":"SkillPotion"},{"floor":21,"key":"Regen Potion"},{"floor":28,"key":"Weak Potion"},{"floor":31,"key":"Dexterity Potion"}],"is_trial":false,"path_per_floor":["M","M","$","?","?","E","M","M","T","M","$","?","R","M","R","B",null,"M","M","$","M","M","E","R","M","T","R","M","R","$","M","R","B"],"character_chosen":"THE_SILENT","items_purchased":["Caltrops","GhostInAJar","Forethought","Caltrops","Bullet Time","Underhanded Strike"],"campfire_rested":2,"item_purchase_floors":[3,11,20,20,30,30],"current_hp_per_floor":[66,55,55,70,70,51,51,31,31,31,31,70,70,70,70,44,70,69,61,61,48,41,20,41,38,38,38,38,59,59,59,59,0],"gold":49,"neow_bonus":"BOSS_RELIC","is_prod":false,"is_daily":false,"chose_seed":false,"campfire_upgraded":3,"win_rate":0,"timestamp":1551413758,"path_taken":["M","M","?","?","?","E","M","M","T","?","$","?","R","M","R","BOSS","M","?","$","M","M","E","R","M","T","R","M","R","$","M","R","BOSS"],"build_version":"2019-01-23","purchased_purges":0,"victory":false,"max_hp_per_floor":[70,70,70,70,70,70,70,70,70,70,70,70,70,70,70,70,70,70,70,70,70,70,70,70,70,70,70,70,70,70,70,70,70],"card_choices":[{"not_picked":["Masterful Stab","Sucker Punch"],"picked":"Outmaneuver","floor":0},{"not_picked":["Prepared","Riddle With Holes"],"picked":"Well Laid Plans","floor":0},{"not_picked":["Riddle With Holes","Dagger Throw"],"picked":"PiercingWail","floor":0},{"not_picked":["Blade Dance","Prepared"],"picked":"Burst","floor":0},{"not_picked":["Bane","Well Laid Plans"],"picked":"Dodge and Roll","floor":0},{"not_picked":["Expertise","Outmaneuver"],"picked":"Corpse Explosion","floor":1},{"not_picked":["Underhanded Strike","Outmaneuver"],"picked":"Dagger Throw","floor":2},{"not_picked":["Heel Hook","Deflect"],"picked":"Dagger Spray","floor":6},{"not_picked":["Blade Dance","Bane"],"picked":"Crippling Poison","floor":7},{"not_picked":["Eviscerate","Deflect"],"picked":"Acrobatics","floor":8},{"not_picked":["Blade Dance","Accuracy"],"picked":"Poisoned Stab","floor":10},{"not_picked":["Masterful Stab","Endless Agony"],"picked":"Bane","floor":14},{"not_picked":["Phantasmal Killer","Corpse Explosion"],"picked":"Bullet Time","floor":16},{"not_picked":["Catalyst","Slice+1"],"picked":"Predator","floor":18},{"not_picked":["Cloak And Dagger+1","Backstab+1"],"picked":"Prepared","floor":19},{"not_picked":["Slice+1","Flying Knee"],"picked":"Choke+1","floor":21},{"not_picked":["Setup","Poisoned Stab"],"picked":"PiercingWail","floor":22},{"not_picked":["Backflip+1","Crippling Poison"],"picked":"Tools of the Trade","floor":23},{"not_picked":["Finisher","Flying Knee","Quick Slash"],"picked":"SKIP","floor":25},{"not_picked":["Flying Knee","Finisher","Deflect"],"picked":"SKIP","floor":28},{"not_picked":["Bane","Envenom"],"picked":"Cloak And Dagger+1","floor":31}],"player_experience":438016,"relics_obtained":[{"floor":6,"key":"FossilizedHelix"},{"floor":9,"key":"Bottled Lightning"},{"floor":23,"key":"Mercury Hourglass"}],"event_choices":[{"damage_healed":23,"gold_gain":0,"player_choice":"Banana","damage_taken":0,"max_hp_gain":0,"max_hp_loss":0,"event_name":"Big Fish","floor":4,"gold_loss":0},{"cards_removed":["Defend_G"],"damage_healed":0,"gold_gain":0,"player_choice":"Purged","damage_taken":0,"max_hp_gain":0,"max_hp_loss":0,"event_name":"Purifier","floor":5,"gold_loss":0},{"damage_healed":39,"gold_gain":0,"player_choice":"Full Heal","damage_taken":0,"max_hp_gain":0,"max_hp_loss":0,"event_name":"Wheel of Change","floor":12,"gold_loss":0}],"is_beta":false,"boss_relics":[{"not_picked":["Cursed Key","Sozu"],"picked":"Snecko Eye"}],"items_purged_floors":[],"is_endless":false,"potions_floor_spawned":[1,7,21,28,31],"killed_by":"Automaton","ascension_level":4}