{"gold_per_floor":[109,125,125,125,145,145,162,337,337,3,17,17,31,31,31,128,128,83,43,43,43,43],"floor_reached":22,"playtime":1276,"items_purged":["Doubt"],"score":269,"play_id":"6f99f176-13ca-4565-84bd-843c4eeeff9a","local_time":"20190811184922","is_ascension_mode":true,"campfire_choices":[{"floor":6,"key":"REST"},{"data":"Demon Form","floor":12,"key":"SMITH"},{"data":"Sword Boomerang","floor":15,"key":"SMITH"}],"neow_cost":"NONE","seed_source_timestamp":83040977064823,"circlet_count":0,"master_deck":["Strike_R","Strike_R","Strike_R","Strike_R","Strike_R","Defend_R","Defend_R","Defend_R","Defend_R","Bash","Demon Form+1","Sword Boomerang+1","Warcry","Havoc","Dual Wield","Whirlwind","Limit Break","Spot Weakness","Disarm","Ghostly","Ghostly","Ghostly","Ghostly","Ghostly"],"relics":["Burning Blood","Boot","Sundial","Meat on the Bone","Ectoplasm"],"potions_floor_usage":[5,7,16,16,16,18],"damage_taken":[{"damage":10,"enemies":"Small Slimes","floor":1,"turns":4},{"damage":19,"enemies":"Jaw Worm","floor":2,"turns":3},{"damage":1,"enemies":"Cultist","floor":5,"turns":4},{"damage":7,"enemies":"Looter","floor":7,"turns":3},{"damage":16,"enemies":"Large Slime","floor":11,"turns":6},{"damage":15,"enemies":"2 Fungi Beasts","floor":13,"turns":4},{"damage":60,"enemies":"Hexaghost","floor":16,"turns":9},{"damage":33,"enemies":"2 Thieves","floor":18,"turns":3},{"damage":37,"enemies":"Masked Bandits","floor":22,"turns":6}],"seed_played":"-8966400464259158212","potions_obtained":[{"floor":4,"key":"Explosive Potion"},{"floor":4,"key":"PowerPotion"},{"floor":4,"key":"LiquidBronze"},{"floor":5,"key":"AttackPotion"},{"floor":11,"key":"BloodPotion"},{"floor":16,"key":"Regen Potion"}],"is_trial":false,"path_per_floor":["M","M","?","?","M","R","M","?","T","$","M","R","M","?","R","B",null,"M","$","?","?","?"],"character_chosen":"IRONCLAD","items_purchased":["Meat on the Bone","Disarm"],"campfire_rested":1,"item_purchase_floors":[10,19],"current_hp_per_floor":[68,55,22,22,27,51,50,50,50,50,52,52,55,55,55,33,68,50,50,35,35,0],"gold":43,"neow_bonus":"ONE_RANDOM_RARE_CARD","is_prod":false,"is_daily":false,"chose_seed":false,"campfire_upgraded":2,"win_rate":0,"timestamp":1565545762,"path_taken":["M","M","?","?","?","R","M","?","T","$","M","R","M","?","R","BOSS","M","$","?","?","?"],"build_version":"2019-07-17","purchased_purges":1,"victory":false,"max_hp_per_floor":[80,80,80,80,80,80,80,80,80,80,80,80,80,80,80,80,80,80,80,85,42,42],"card_choices":[{"not_picked":["Cleave","True Grit"],"picked":"Sword Boomerang","floor":1},{"not_picked":["Pommel Strike","Cleave"],"picked":"Warcry","floor":2},{"not_picked":["Evolve","Perfected Strike","Body Slam"],"picked":"SKIP","floor":5},{"not_picked":["Perfected Strike","Feel No Pain"],"picked":"Havoc","floor":7},{"not_picked":["Flex","Wild Strike"],"picked":"Dual Wield","floor":11},{"not_picked":["Wild Strike","Sentinel"],"picked":"Whirlwind","floor":13},{"not_picked":["Demon Form","Offering"],"picked":"Limit Break","floor":16},{"not_picked":["Entrench+1","Cleave"],"picked":"Spot Weakness","floor":18}],"player_experience":186142,"relics_obtained":[{"floor":9,"key":"Sundial"}],"event_choices":[{"damage_healed":0,"gold_gain":0,"player_choice":"Success","damage_taken":33,"relics_obtained":["Boot"],"max_hp_gain":0,"max_hp_loss":0,"event_name":"Scrap Ooze","floor":3,"gold_loss":0},{"damage_healed":0,"gold_gain":0,"player_choice":"Got Potions","damage_taken":0,"max_hp_gain":0,"max_hp_loss":0,"event_name":"Lab","floor":4,"gold_loss":0},{"damage_healed":0,"gold_gain":175,"player_choice":"AGREE","damage_taken":0,"max_hp_gain":0,"max_hp_loss":0,"event_name":"Liars Game","floor":8,"gold_loss":0,"cards_obtained":["Doubt"]},{"damage_healed":0,"gold_gain":0,"player_choice":"Ignored","damage_taken":0,"max_hp_gain":0,"max_hp_loss":0,"event_name":"Golden Idol","floor":14,"gold_loss":0},{"damage_healed":0,"gold_gain":0,"player_choice":"Shed Blood","damage_taken":20,"max_hp_gain":5,"max_hp_loss":0,"event_name":"Forgotten Altar","floor":20,"gold_loss":0},{"damage_healed":0,"gold_gain":0,"player_choice":"Became a Ghost","damage_taken":0,"max_hp_gain":0,"max_hp_loss":43,"event_name":"Ghosts","floor":21,"gold_loss":0,"cards_obtained":["Ghostly","Ghostly","Ghostly","Ghostly","Ghostly"]},{"damage_healed":0,"gold_gain":0,"player_choice":"Fought Bandits","damage_taken":0,"max_hp_gain":0,"max_hp_loss":0,"event_name":"Masked Bandits","floor":22,"gold_loss":0}],"is_beta":false,"boss_relics":[{"not_picked":["Coffee Dripper","Eternal Feather"],"picked":"Ectoplasm"}],"items_purged_floors":[10],"is_endless":false,"potions_floor_spawned":[5,11,16],"killed_by":"Masked Bandits","ascension_level":8}