{"gold_per_floor":[112,187,202,152,152,192,205,90,90,12,43,43,43,67,67,67],"floor_reached":16,"playtime":1158,"items_purged":["Strike_R"],"score":108,"play_id":"686ec046-e917-4ff4-a0c3-38ce9db300c5","local_time":"20181209121626","is_ascension_mode":false,"campfire_choices":[{"data":"Body Slam","floor":13,"key":"SMITH"},{"data":"True Grit","floor":15,"key":"SMITH"}],"neow_cost":"NONE","seed_source_timestamp":406391168105675,"circlet_count":0,"master_deck":["Strike_R","Strike_R","Strike_R","Defend_R","Defend_R","Defend_R","Defend_R","Bash","Feel No Pain","Iron Wave","Anger","Cleave","Dual Wield","Reaper","Body Slam+1","True Grit+1"],"relics":["Burning Blood","Golden Idol","Ginger","Unceasing Top","Bottled Flame"],"potions_floor_usage":[6,6,11,11,14,16],"damage_taken":[{"damage":8,"enemies":"Jaw Worm","floor":1,"turns":5},{"damage":4,"enemies":"2 Louse","floor":3,"turns":4},{"damage":13,"enemies":"3 Sentries","floor":6,"turns":12},{"damage":0,"enemies":"Small Slimes","floor":7,"turns":3},{"damage":48,"enemies":"Gremlin Nob","floor":11,"turns":6},{"damage":4,"enemies":"Blue Slaver","floor":14,"turns":4},{"damage":41,"enemies":"Slime Boss","floor":16,"turns":5}],"seed_played":"-8831225393318716734","potions_obtained":[{"floor":1,"key":"EntropicBrew"},{"floor":6,"key":"Weak Potion"},{"floor":11,"key":"SkillPotion"}],"is_trial":false,"path_per_floor":["M","?","M","?","?","E","M","$","T","$","E","$","R","M","R","B"],"character_chosen":"IRONCLAD","items_purchased":["Dual Wield","Reaper"],"campfire_rested":0,"item_purchase_floors":[8,10],"current_hp_per_floor":[86,75,77,77,55,48,54,54,54,54,25,25,25,33,33,0],"gold":67,"neow_bonus":"TEN_PERCENT_HP_BONUS","is_prod":false,"is_daily":false,"chose_seed":false,"campfire_upgraded":2,"win_rate":0.0,"timestamp":1544382986,"path_taken":["M","?","M","?","?","E","M","$","T","?","E","$","R","?","R","BOSS"],"build_version":"2018-12-06","purchased_purges":1,"victory":false,"max_hp_per_floor":[88,88,88,88,88,88,88,88,88,88,88,88,88,88,88,88],"card_choices":[{"not_picked":["Flex","Warcry"],"picked":"Feel No Pain","floor":1},{"not_picked":["Heavy Blade","Sword Boomerang"],"picked":"Iron Wave","floor":3},{"not_picked":["Headbutt","Ghostly Armor"],"picked":"Anger","floor":6},{"not_picked":["Warcry","Pommel Strike"],"picked":"Cleave","floor":7},{"not_picked":["Disarm","Double Tap"],"picked":"Body Slam","floor":11},{"not_picked":["Hemokinesis","Heavy Blade"],"picked":"True Grit","floor":14}],"player_experience":20054,"relics_obtained":[{"floor":6,"key":"Ginger"},{"floor":9,"key":"Unceasing Top"},{"floor":11,"key":"Bottled Flame"}],"event_choices":[{"damage_healed":0,"gold_gain":75,"player_choice":"Gather Gold","damage_taken":11,"max_hp_gain":0,"max_hp_loss":0,"event_name":"World of Goop","floor":2,"gold_loss":0},{"cards_removed":["Strike_R"],"damage_healed":0,"gold_gain":0,"player_choice":"Card Removal","damage_taken":0,"max_hp_gain":0,"max_hp_loss":0,"event_name":"The Cleric","floor":4,"gold_loss":50},{"damage_healed":0,"gold_gain":0,"player_choice":"Take Damage","damage_taken":22,"relics_obtained":["Golden Idol"],"max_hp_gain":0,"max_hp_loss":0,"event_name":"Golden Idol","floor":5,"gold_loss":0}],"is_beta":false,"boss_relics":[],"items_purged_floors":[8],"is_endless":false,"potions_floor_spawned":[1,6,11],"killed_by":"Slime Boss","ascension_level":0}