{"path_per_floor":["M","M","?","M","$","R","?","R","T","R","?","M","M","M","R","B",null,"M","$","$","T","M","R","E","M","T","R","M","?","R","M","R"],"character_chosen":"DEFECT","items_purchased":["Shuriken","Scrape","Mind Blast","Mind Blast","Beam Cell"],"gold_per_floor":[417,436,436,451,12,12,12,12,88,88,68,92,113,138,138,258,258,283,116,64,87,101,101,135,148,148,148,164,79,79,103,103,103],"floor_reached":33,"campfire_rested":5,"playtime":959,"current_hp_per_floor":[37,37,34,27,27,27,27,27,27,49,49,43,43,43,65,10,59,55,55,55,55,55,55,31,25,25,47,15,15,37,20,42,0],"items_purged":["Injury"],"gold":103,"score":321,"play_id":"d85ee5bc-91be-4120-85e7-95562ddec1c5","local_time":"20180510215310","is_prod":false,"is_daily":false,"chose_seed":false,"is_ascension_mode":true,"campfire_upgraded":3,"timestamp":1525981990,"path_taken":["M","?","?","M","$","R","?","R","T","R","?","M","M","M","R","BOSS","M","?","$","?","M","R","E","M","T","R","?","?","R","M","R","BOSS"],"build_version":"2018-05-09","seed_source_timestamp":2797341630006260,"purchased_purges":2,"victory":false,"master_deck":["Strike_B","Strike_B","Strike_B","Strike_B","Defend_B","Defend_B","Defend_B","Defend_B","Zap+1","Dualcast+1","Scrape+1","Axe Kick","Scrape","Mind Blast","Gash","FTL","Mind Blast","Beam Cell","Beam Cell"],"max_hp_per_floor":[75,75,75,75,75,75,75,75,75,75,75,75,75,75,75,75,75,75,75,75,75,75,75,75,75,75,75,75,75,75,75,75,75],"relics":["Cracked Core","Old Coin","Bronze Scales","Shuriken","Golden Idol","Toolbox","Black Star","Omamori","Art of War","DataDisk","Blue Candle","Torii"],"card_choices":[{"not_picked":["Genetic Algorithm","Leap"],"picked":"Scrape","floor":1},{"not_picked":["Rebound","Hologram"],"picked":"Axe Kick","floor":2},{"not_picked":["Consume","Streamline"],"picked":"Gash","floor":13},{"not_picked":["Force Field","Go for the Eyes"],"picked":"FTL","floor":18},{"not_picked":["Hello World","Static Discharge"],"picked":"Beam Cell","floor":24}],"player_experience":429465,"potions_floor_usage":[16,16,16,33],"damage_taken":[{"damage":1,"enemies":"Cultist","floor":1,"turns":3},{"damage":0,"enemies":"Small Slimes","floor":2,"turns":3},{"damage":7,"enemies":"Jaw Worm","floor":4,"turns":2},{"damage":6,"enemies":"Looter","floor":12,"turns":1},{"damage":0,"enemies":"Exordium Wildlife","floor":13,"turns":2},{"damage":0,"enemies":"3 Louse","floor":14,"turns":3},{"damage":55,"enemies":"Hexaghost","floor":16,"turns":9},{"damage":4,"enemies":"3 Byrds","floor":18,"turns":3},{"damage":0,"enemies":"Shell Parasite","floor":22,"turns":1},{"damage":24,"enemies":"Slavers","floor":24,"turns":4},{"damage":6,"enemies":"3 Cultists","floor":25,"turns":3},{"damage":32,"enemies":"Snecko","floor":28,"turns":4},{"damage":17,"enemies":"Snake Plant","floor":31,"turns":2},{"damage":53,"enemies":"Champ","floor":33,"turns":7}],"event_choices":[{"event_name":"Scrap Ooze","player_choice":"success","floor":3,"damage_taken":3},{"event_name":"Golden Idol","player_choice":"Take Wound","floor":7,"damage_taken":0},{"event_name":"The Woman in Blue","player_choice":"Bought 1 Potion","floor":11,"damage_taken":0},{"event_name":"Addict","player_choice":"Obtained Relic","floor":29,"damage_taken":0}],"boss_relics":[{"not_picked":["Tiny House","Runic Pyramid"],"picked":"Black Star"}],"potions_floor_spawned":[1,4,12,14,24],"seed_played":"-6398019175643693660","killed_by":"Champ","ascension_level":5,"is_trial":false}