{"gold_per_floor":[114,64,64,64,82,82,112,112,112,146,120,132,145,161,161,264,264,278,75,75,0,13,44,44,44,70,70,84,103,28,38,38,143,143,159,434,453,466,466],"floor_reached":39,"playtime":2227,"items_purged":["Shame"],"score":477,"play_id":"04484c88-1b6b-4375-b149-d4d5b33f1ce5","local_time":"20190707174601","is_ascension_mode":true,"campfire_choices":[{"data":"Flex","floor":6,"key":"SMITH"},{"data":"Intimidate","floor":8,"key":"SMITH"},{"data":"Rage","floor":15,"key":"SMITH"},{"floor":25,"key":"REST"},{"floor":32,"key":"REST"}],"neow_cost":"NONE","seed_source_timestamp":811091510721420,"circlet_count":0,"master_deck":["Strike_R","Strike_R","Strike_R+1","Strike_R","Strike_R+1","Defend_R","Defend_R","Defend_R","Bash","Flex+1","Intimidate+1","Ghostly Armor","Rage+1","Heavy Blade","Clash","Headbutt","Demon Form","Shockwave+1","Carnage+1","Headbutt","Shrug It Off","Heavy Blade","Whirlwind+1","Berserk","Clothesline+1","Regret","Inflame","Pommel Strike+1"],"relics":["Burning Blood","Anchor","Sundial","Ornamental Fan","Fusion Hammer","Lee\u0027s Waffle","Kunai","Happy Flower","Strawberry","Velvet Choker"],"potions_floor_usage":[12,16,28],"damage_taken":[{"damage":7,"enemies":"Small Slimes","floor":1,"turns":3},{"damage":1,"enemies":"Cultist","floor":5,"turns":3},{"damage":7,"enemies":"Gremlin Nob","floor":7,"turns":3},{"damage":30,"enemies":"3 Sentries","floor":10,"turns":9},{"damage":0,"enemies":"Jaw Worm","floor":12,"turns":2},{"damage":0,"enemies":"2 Fungi Beasts","floor":13,"turns":3},{"damage":1,"enemies":"Looter","floor":14,"turns":3},{"damage":65,"enemies":"Hexaghost","floor":16,"turns":10},{"damage":41,"enemies":"Chosen","floor":18,"turns":7},{"damage":14,"enemies":"3 Byrds","floor":22,"turns":6},{"damage":43,"enemies":"Gremlin Leader","floor":23,"turns":6},{"damage":3,"enemies":"Centurion and Healer","floor":28,"turns":4},{"damage":11,"enemies":"Snake Plant","floor":29,"turns":4},{"damage":11,"enemies":"Cultist and Chosen","floor":31,"turns":6},{"damage":60,"enemies":"Champ","floor":33,"turns":8},{"damage":12,"enemies":"3 Darklings","floor":35,"turns":3},{"damage":18,"enemies":"Orb Walker","floor":37,"turns":3},{"damage":54,"enemies":"3 Darklings","floor":38,"turns":6},{"damage":44,"enemies":"Maw","floor":39,"turns":5}],"seed_played":"2562651316149343590","potions_obtained":[{"floor":7,"key":"LiquidBronze"},{"floor":10,"key":"BloodPotion"},{"floor":14,"key":"Energy Potion"},{"floor":16,"key":"GamblersBrew"},{"floor":22,"key":"PowerPotion"},{"floor":23,"key":"Fruit Juice"},{"floor":28,"key":"Strength Potion"}],"is_trial":false,"path_per_floor":["M","?","?","?","M","R","E","R","T","E","$","M","M","M","R","B",null,"M","$","?","?","M","E","?","R","T","$","M","M","$","M","R","B",null,"M","?","M","M","M"],"character_chosen":"IRONCLAD","items_purchased":["Heavy Blade","Lee\u0027s Waffle"],"campfire_rested":2,"item_purchase_floors":[11,19],"current_hp_per_floor":[87,87,69,69,74,74,73,73,73,49,49,77,83,88,88,29,88,53,95,95,95,87,50,50,78,85,85,93,88,88,83,107,53,107,101,101,89,41,0],"gold":466,"neow_bonus":"TEN_PERCENT_HP_BONUS","is_prod":false,"is_daily":false,"chose_seed":false,"campfire_upgraded":3,"win_rate":0,"timestamp":1562517961,"path_taken":["M","?","?","?","?","R","E","R","T","E","?","M","M","M","R","BOSS","M","$","?","?","M","E","?","R","T","$","M","M","?","M","R","BOSS","M","?","M","M","M"],"build_version":"2019-07-05","purchased_purges":1,"victory":false,"max_hp_per_floor":[88,88,88,88,88,88,88,88,88,88,88,88,88,88,88,88,88,88,95,95,95,95,95,95,95,102,102,107,107,107,107,107,107,107,107,107,107,107,107],"card_choices":[{"not_picked":["Warcry","Havoc"],"picked":"Flex","floor":1},{"not_picked":["Disarm","Second Wind"],"picked":"Intimidate","floor":5},{"not_picked":["Perfected Strike","Thunderclap"],"picked":"Ghostly Armor","floor":7},{"not_picked":["Bludgeon","Perfected Strike"],"picked":"Rage","floor":10},{"not_picked":["Sword Boomerang","Body Slam","Twin Strike"],"picked":"SKIP","floor":12},{"not_picked":["Bloodletting","Dropkick"],"picked":"Clash","floor":13},{"not_picked":["Combust","Rampage"],"picked":"Headbutt","floor":14},{"not_picked":["Double Tap","Barricade"],"picked":"Demon Form","floor":16},{"not_picked":["Pummel","Sword Boomerang"],"picked":"Shockwave+1","floor":18},{"not_picked":["Dual Wield","Clash+1"],"picked":"Carnage+1","floor":22},{"not_picked":["Uppercut","Reckless Charge"],"picked":"Headbutt","floor":23},{"not_picked":["Reckless Charge","Pommel Strike"],"picked":"Shrug It Off","floor":28},{"not_picked":["Feel No Pain","Iron Wave"],"picked":"Heavy Blade","floor":29},{"not_picked":["Flame Barrier","Havoc"],"picked":"Whirlwind+1","floor":31},{"not_picked":["Brutality","Dark Embrace"],"picked":"Berserk","floor":33},{"not_picked":["Power Through","Anger+1"],"picked":"Clothesline+1","floor":35},{"not_picked":["Clothesline","Searing Blow+1"],"picked":"Inflame","floor":37},{"not_picked":["Twin Strike","Armaments"],"picked":"Pommel Strike+1","floor":38}],"player_experience":73003,"relics_obtained":[{"floor":7,"key":"Anchor"},{"floor":9,"key":"Sundial"},{"floor":10,"key":"Ornamental Fan"},{"floor":23,"key":"Happy Flower"},{"floor":26,"key":"Strawberry"}],"event_choices":[{"cards_removed":["Defend_R"],"damage_healed":0,"gold_gain":0,"player_choice":"Card Removal","damage_taken":0,"max_hp_gain":0,"max_hp_loss":0,"event_name":"The Cleric","floor":2,"gold_loss":50},{"damage_healed":0,"gold_gain":0,"player_choice":"Entered Light","damage_taken":18,"max_hp_gain":0,"max_hp_loss":0,"event_name":"Shining Light","floor":3,"gold_loss":0,"cards_upgraded":["Strike_R","Strike_R"]},{"damage_healed":0,"gold_gain":0,"player_choice":"Ignored","damage_taken":0,"max_hp_gain":0,"max_hp_loss":0,"event_name":"Transmorgrifier","floor":4,"gold_loss":0},{"damage_healed":0,"gold_gain":0,"player_choice":"Stole Relic","damage_taken":0,"relics_obtained":["Kunai"],"max_hp_gain":0,"max_hp_loss":0,"event_name":"Addict","floor":20,"gold_loss":0,"cards_obtained":["Shame"]},{"damage_healed":0,"gold_gain":0,"player_choice":"Paid Fearfully","damage_taken":0,"max_hp_gain":0,"max_hp_loss":0,"event_name":"Masked Bandits","floor":21,"gold_loss":75},{"damage_healed":0,"gold_gain":0,"player_choice":"Ignored","damage_taken":0,"max_hp_gain":0,"max_hp_loss":0,"event_name":"Ghosts","floor":24,"gold_loss":0},{"damage_healed":0,"gold_gain":275,"player_choice":"Desecrate","damage_taken":0,"max_hp_gain":0,"max_hp_loss":0,"event_name":"Golden Shrine","floor":36,"gold_loss":0,"cards_obtained":["Regret"]}],"is_beta":false,"boss_relics":[{"not_picked":["Runic Pyramid","White Beast Statue"],"picked":"Fusion Hammer"},{"not_picked":["Runic Cube","Runic Dome"],"picked":"Velvet Choker"}],"items_purged_floors":[30],"is_endless":false,"potions_floor_spawned":[7,10,14,16,22,23,28,35],"killed_by":"Maw","ascension_level":2}