{"gold_per_floor":[112,131,81,81,99,99,131,131,131,151,151,170,170,187,187,290,290,309,324,324,336,336,336,369,369,393,393,393,428,428,81,81,184,184,203,203,0,0,17,52,52,63,89,109,9,9],"floor_reached":46,"playtime":3355,"items_purged":["Strike_B","Melter"],"score":586,"play_id":"a44a873a-b7c9-462b-a389-3dbec29c2298","local_time":"20181219200147","is_ascension_mode":false,"campfire_choices":[{"data":"Beam Cell","floor":6,"key":"SMITH"},{"data":"Capacitor","floor":8,"key":"SMITH"},{"data":"Darkness","floor":11,"key":"SMITH"},{"data":"Genetic Algorithm","floor":13,"key":"SMITH"},{"data":"Creative AI","floor":15,"key":"SMITH"},{"data":"Redo","floor":23,"key":"SMITH"},{"floor":25,"key":"REST"},{"floor":28,"key":"REST"},{"data":"Go for the Eyes","floor":30,"key":"SMITH"},{"floor":32,"key":"REST"},{"data":"Apotheosis","floor":41,"key":"SMITH"}],"neow_cost":"NONE","seed_source_timestamp":35484519588288,"circlet_count":0,"master_deck":["Zap","Dualcast","Hologram","Ball Lightning","Capacitor+1","Beam Cell+1","Darkness+1","Genetic Algorithm+1","Creative AI+1","Electrodynamics","Hologram+1","Go for the Eyes+1","Redo+1","Defragment","Reprogram+1","Self Repair","The Bomb","Seek","Barrage","Leap","Ball Lightning","Steam Power","Capacitor","Biased Cognition","Loop+1","Apotheosis+1","Chrysalis","Flash of Steel","Heatsinks+1","Fusion+1"],"relics":["FrozenCore","FossilizedHelix","Incense Burner","Pocketwatch","Pantograph","Nilry\u0027s Codex","Bronze Scales","Bag of Preparation","Mummified Hand","Pandora\u0027s Box","Red Mask","Shuriken","Lantern"],"potions_floor_usage":[14,19,21,24,24,46,46],"damage_taken":[{"damage":2,"enemies":"2 Louse","floor":1,"turns":4},{"damage":0,"enemies":"Jaw Worm","floor":2,"turns":4},{"damage":0,"enemies":"Cultist","floor":5,"turns":4},{"damage":8,"enemies":"Lagavulin","floor":7,"turns":6},{"damage":7,"enemies":"3 Louse","floor":10,"turns":3},{"damage":0,"enemies":"Looter","floor":12,"turns":3},{"damage":6,"enemies":"Blue Slaver","floor":14,"turns":4},{"damage":32,"enemies":"Slime Boss","floor":16,"turns":7},{"damage":0,"enemies":"Chosen","floor":18,"turns":6},{"damage":18,"enemies":"2 Thieves","floor":19,"turns":4},{"damage":0,"enemies":"Cultist and Chosen","floor":21,"turns":5},{"damage":30,"enemies":"Slavers","floor":24,"turns":4},{"damage":15,"enemies":"Book of Stabbing","floor":29,"turns":6},{"damage":0,"enemies":"Champ","floor":33,"turns":11},{"damage":0,"enemies":"3 Shapes","floor":35,"turns":3},{"damage":21,"enemies":"3 Darklings","floor":39,"turns":4},{"damage":0,"enemies":"Giant Head","floor":40,"turns":5},{"damage":0,"enemies":"4 Shapes","floor":42,"turns":3},{"damage":16,"enemies":"Jaw Worm Horde","floor":44,"turns":3},{"damage":63,"enemies":"Reptomancer","floor":46,"turns":2}],"seed_played":"-3906869324966595712","potions_obtained":[{"floor":2,"key":"PowerPotion"},{"floor":10,"key":"GamblersBrew"},{"floor":12,"key":"LiquidBronze"},{"floor":14,"key":"Strength Potion"},{"floor":16,"key":"FocusPotion"},{"floor":18,"key":"PowerPotion"},{"floor":19,"key":"FocusPotion"},{"floor":29,"key":"LiquidBronze"},{"floor":35,"key":"Dexterity Potion"},{"floor":39,"key":"GamblersBrew"},{"floor":42,"key":"Energy Potion"}],"is_trial":false,"path_per_floor":["M","M","?","?","M","R","E","R","T","M","R","M","R","M","R","B",null,"M","M","T","M","?","R","E","R","T","?","R","E","R","$","R","B",null,"M","?","?","$","M","E","R","M","T","M","$","E"],"character_chosen":"DEFECT","items_purchased":["Self Repair","The Bomb"],"campfire_rested":3,"item_purchase_floors":[31,31],"current_hp_per_floor":[73,73,73,73,73,73,65,65,65,58,58,58,58,52,52,20,75,75,57,57,57,41,41,11,33,33,19,43,28,28,28,52,80,80,80,70,70,70,49,59,59,66,66,57,57,0],"gold":9,"neow_bonus":"THREE_CARDS","is_prod":false,"is_daily":false,"chose_seed":false,"campfire_upgraded":8,"win_rate":0.0,"timestamp":1545274907,"path_taken":["M","M","?","?","M","R","E","R","T","M","R","M","R","M","R","BOSS","M","M","?","M","?","R","E","R","T","?","R","E","R","?","R","BOSS","M","?","?","$","M","E","R","M","T","M","$","E"],"build_version":"2018-12-13","purchased_purges":2,"victory":false,"max_hp_per_floor":[75,75,75,75,75,75,75,75,75,75,75,75,75,75,75,75,75,75,75,75,75,75,75,75,75,75,80,80,80,80,80,80,80,80,80,80,80,80,80,80,80,80,80,80,80,80],"card_choices":[{"not_picked":["Sweeping Beam","Scrape"],"picked":"Hologram","floor":0},{"not_picked":["Sweeping Beam","Aggregate"],"picked":"Ball Lightning","floor":1},{"not_picked":["Conserve Battery","Coolheaded"],"picked":"Capacitor","floor":2},{"not_picked":["Ball Lightning","Auto Shields"],"picked":"Beam Cell","floor":5},{"not_picked":["Redo","Go for the Eyes"],"picked":"Darkness","floor":7},{"not_picked":["Ball Lightning","Skim"],"picked":"Melter","floor":10},{"not_picked":["Coolheaded","Hologram"],"picked":"Genetic Algorithm","floor":12},{"not_picked":["Scrape","FTL"],"picked":"Creative AI","floor":14},{"not_picked":["All For One","Amplify"],"picked":"Electrodynamics","floor":16},{"not_picked":["Gash","Steam Power+1"],"picked":"Hologram+1","floor":18},{"not_picked":["Streamline","Steam+1"],"picked":"Go for the Eyes","floor":19},{"not_picked":["Streamline","Hologram"],"picked":"Redo","floor":21},{"not_picked":["Steam","Cold Snap"],"picked":"Defragment","floor":24},{"not_picked":["Reinforced Body+1","Consume"],"picked":"Reprogram+1","floor":29},{"not_picked":["Multi-Cast","Reboot"],"picked":"Seek","floor":33},{"not_picked":["Ball Lightning","Barrage"],"picked":"Loop+1","floor":35},{"not_picked":["Thinking Ahead","Good Instincts"],"picked":"Apotheosis","floor":36},{"not_picked":["Enlightenment","Dark Shackles"],"picked":"Chrysalis","floor":36},{"not_picked":["Enlightenment","The Bomb"],"picked":"Flash of Steel","floor":36},{"not_picked":["Streamline","Self Repair+1"],"picked":"Heatsinks+1","floor":39},{"not_picked":["Consume","Gash+1"],"picked":"Fusion+1","floor":40},{"not_picked":["Redo+1","Darkness+1","Barrage+1"],"picked":"SKIP","floor":42},{"not_picked":["Chaos","Steam","Leap"],"picked":"SKIP","floor":44}],"player_experience":115599,"relics_obtained":[{"floor":4,"key":"FossilizedHelix"},{"floor":7,"key":"Incense Burner"},{"floor":9,"key":"Pocketwatch"},{"floor":20,"key":"Pantograph"},{"floor":22,"key":"Nilry\u0027s Codex"},{"floor":24,"key":"Bronze Scales"},{"floor":26,"key":"Bag of Preparation"},{"floor":29,"key":"Mummified Hand"},{"floor":40,"key":"Shuriken"},{"floor":43,"key":"Lantern"}],"event_choices":[{"cards_removed":["Strike_B"],"damage_healed":0,"gold_gain":0,"player_choice":"Card Removal","damage_taken":0,"max_hp_gain":0,"max_hp_loss":0,"event_name":"The Cleric","floor":3,"gold_loss":50},{"damage_healed":0,"gold_gain":0,"player_choice":"Relic","damage_taken":0,"max_hp_gain":0,"max_hp_loss":0,"event_name":"Wheel of Change","floor":4,"gold_loss":0},{"damage_healed":0,"gold_gain":0,"player_choice":"Obtained Book","damage_taken":16,"max_hp_gain":0,"max_hp_loss":0,"event_name":"Cursed Tome","floor":22,"gold_loss":0},{"damage_healed":0,"gold_gain":0,"player_choice":"Shed Blood","damage_taken":19,"max_hp_gain":5,"max_hp_loss":0,"event_name":"Forgotten Altar","floor":27,"gold_loss":0},{"damage_healed":0,"gold_gain":0,"player_choice":"Memory 3","damage_taken":10,"max_hp_gain":0,"max_hp_loss":0,"event_name":"SensoryStone","floor":36,"gold_loss":0},{"damage_healed":0,"gold_gain":0,"player_choice":"Paid","damage_taken":0,"relics_obtained":["Red Mask"],"max_hp_gain":0,"max_hp_loss":0,"event_name":"Tomb of Lord Red Mask","floor":37,"gold_loss":203}],"is_beta":false,"boss_relics":[{"not_picked":["Velvet Choker","Lizard Tail"],"picked":"FrozenCore"},{"not_picked":["Sozu","Coffee Dripper"],"picked":"Pandora\u0027s Box"}],"items_purged_floors":[31,45],"is_endless":false,"potions_floor_spawned":[2,10,12,14,16,18,19,29,35,39,42],"killed_by":"Reptomancer","ascension_level":0}