{"gold_per_floor":[115,131,131,85,103,103,137,137,137,164,183,202,202,214,214,317,317,328,207,207,207,107,139,139,149,149,149,159,159,174,199,211,323,335,365,393,405],"floor_reached":37,"playtime":3072,"items_purged":["Strike_R","Strike_R"],"score":597,"play_id":"cfcbeefd-0cf6-4256-b75b-58a8739d6986","local_time":"20190812203447","is_ascension_mode":true,"campfire_choices":[{"floor":6.0,"key":"RECALL"},{"data":"Shrug It Off","floor":8.0,"key":"SMITH"},{"data":"Inflame","floor":13.0,"key":"SMITH"},{"data":"Clothesline","floor":15.0,"key":"SMITH"},{"data":"Demon Form","floor":24.0,"key":"SMITH"},{"data":"Bash","floor":29.0,"key":"SMITH"},{"floor":32,"key":"REST"}],"neow_cost":"NONE","seed_source_timestamp":132461245907461,"circlet_count":0,"master_deck":["Strike_R","Strike_R","Strike_R","Defend_R","Defend_R","Defend_R","Defend_R","Bash+1","Clothesline+1","Seeing Red+1","Shrug It Off+1","Twin Strike","Inflame+1","Demon Form+1","Feel No Pain","Shrug It Off","True Grit"],"special_seed":0,"relics":["Burning Blood","Torii","Meat on the Bone","Cursed Key","Vajra","MawBank","Mark of Pain"],"potions_floor_usage":[31],"damage_taken":[{"damage":1.0,"enemies":"Jaw Worm","floor":1.0,"turns":3.0},{"damage":1.0,"enemies":"Cultist","floor":2.0,"turns":4.0},{"damage":7.0,"enemies":"Small Slimes","floor":5.0,"turns":4.0},{"damage":45.0,"enemies":"3 Sentries","floor":7.0,"turns":11.0},{"damage":21.0,"enemies":"Lagavulin","floor":10.0,"turns":5.0},{"damage":0.0,"enemies":"Exordium Wildlife","floor":11.0,"turns":3.0},{"damage":7.0,"enemies":"2 Fungi Beasts","floor":12.0,"turns":4.0},{"damage":17.0,"enemies":"Exordium Thugs","floor":14.0,"turns":5.0},{"damage":32.0,"enemies":"Slime Boss","floor":16.0,"turns":6.0},{"damage":33.0,"enemies":"Spheric Guardian","floor":18.0,"turns":6.0},{"damage":70.0,"enemies":"Slavers","floor":23.0,"turns":6.0},{"damage":22.0,"enemies":"2 Thieves","floor":25.0,"turns":5.0},{"damage":16.0,"enemies":"Snake Plant","floor":28.0,"turns":5.0},{"damage":7.0,"enemies":"Snecko","floor":30.0,"turns":5.0},{"damage":46,"enemies":"Gremlin Leader","floor":31,"turns":4},{"damage":18,"enemies":"Champ","floor":33,"turns":9},{"damage":46,"enemies":"Orb Walker","floor":35,"turns":6},{"damage":10,"enemies":"3 Darklings","floor":36,"turns":7},{"damage":54,"enemies":"2 Orb Walkers","floor":37,"turns":3}],"seed_played":"-1625270303269677645","potions_obtained":[{"floor":1.0,"key":"Strength Potion"},{"floor":5.0,"key":"SteroidPotion"},{"floor":11.0,"key":"Dexterity Potion"},{"floor":16.0,"key":"EntropicBrew"},{"floor":23.0,"key":"Swift Potion"},{"floor":30.0,"key":"AttackPotion"},{"floor":35,"key":"Explosive Potion"}],"is_trial":false,"path_per_floor":["M","M","?","$","M","R","E","R","T","E","M","M","R","M","R","B",null,"M","$","?","?","$","E","R","M","T","?","M","R","M","E","R","B",null,"M","M","?"],"character_chosen":"IRONCLAD","items_purchased":["Shrug It Off","Shrug It Off"],"campfire_rested":1,"item_purchase_floors":[4,19],"current_hp_per_floor":[80,80,80,80,79,79,40,40,40,25,43,54,54,55,55,41,80,53,53,53,79,79,47,47,43,43,43,45,45,56,28,52,52,80,52,48,0],"gold":405,"neow_bonus":"THREE_CARDS","is_prod":false,"is_daily":false,"chose_seed":false,"campfire_upgraded":5,"win_rate":0,"timestamp":1565660087,"path_taken":["M","M","?","?","M","R","E","R","T","E","M","M","R","M","R","BOSS","M","$","?","?","?","E","R","M","T","?","M","R","M","E","R","BOSS","M","M","?"],"build_version":"2019-07-17","purchased_purges":2,"victory":false,"max_hp_per_floor":[80,80,80,80,80,80,80,80,80,80,80,80,80,80,80,80,80,80,80,80,80,80,80,80,80,80,80,80,80,80,80,80,80,80,80,80,80],"card_choices":[{"not_picked":["Burning Pact","Rage"],"picked":"Clothesline","floor":1.0},{"not_picked":["Rupture","Iron Wave"],"picked":"Seeing Red","floor":2.0},{"not_picked":["Armaments","Wild Strike","Battle Trance"],"picked":"SKIP","floor":5.0},{"not_picked":["Wild Strike","Clash","Immolate"],"picked":"SKIP","floor":7.0},{"not_picked":["Searing Blow","Bloodletting"],"picked":"Twin Strike","floor":10.0},{"not_picked":["Iron Wave","Flame Barrier"],"picked":"Inflame","floor":11.0},{"not_picked":["Thunderclap","Anger","Blood for Blood"],"picked":"SKIP","floor":12.0},{"not_picked":["Twin Strike","Pommel Strike","Pummel"],"picked":"SKIP","floor":14.0},{"not_picked":["Barricade","Offering"],"picked":"Demon Form","floor":16.0},{"not_picked":["Clash","Cleave"],"picked":"Feel No Pain","floor":18.0},{"not_picked":["Thunderclap","Havoc","Iron Wave"],"picked":"SKIP","floor":23.0},{"not_picked":["Double Tap","Combust+1","Pommel Strike"],"picked":"SKIP","floor":25.0},{"not_picked":["Burning Pact+1","Fire Breathing"],"picked":"True Grit","floor":28.0},{"not_picked":["Burning Pact","Havoc","Clash"],"picked":"SKIP","floor":30.0},{"not_picked":["Fire Breathing","Hemokinesis+1","Havoc"],"picked":"SKIP","floor":31},{"not_picked":["Feel No Pain","Headbutt+1","Pommel Strike"],"picked":"SKIP","floor":35},{"not_picked":["Perfected Strike","Twin Strike","Seeing Red"],"picked":"SKIP","floor":36}],"player_experience":84100,"relics_obtained":[{"floor":7.0,"key":"Torii"},{"floor":10.0,"key":"Meat on the Bone"},{"floor":23.0,"key":"Vajra"},{"floor":31,"key":"MawBank"}],"event_choices":[{"damage_healed":0.0,"max_hp_gain":0.0,"max_hp_loss":0.0,"gold_gain":0.0,"event_name":"Upgrade Shrine","player_choice":"Upgraded","floor":3.0,"gold_loss":0.0,"damage_taken":0.0,"cards_upgraded":["Seeing Red"]},{"damage_healed":0.0,"max_hp_gain":0.0,"max_hp_loss":0.0,"gold_gain":0.0,"event_name":"Ghosts","player_choice":"Ignored","floor":20.0,"gold_loss":0.0,"damage_taken":0.0},{"damage_healed":26.0,"max_hp_gain":0.0,"max_hp_loss":0.0,"gold_gain":0.0,"event_name":"The Library","player_choice":"Heal","floor":21.0,"gold_loss":0.0,"damage_taken":0.0},{"damage_healed":0.0,"max_hp_gain":0.0,"max_hp_loss":0.0,"gold_gain":0.0,"event_name":"The Mausoleum","player_choice":"Ignored","floor":27.0,"gold_loss":0.0,"damage_taken":0.0},{"damage_healed":0,"gold_gain":0,"player_choice":"Fight","damage_taken":0,"max_hp_gain":0,"max_hp_loss":0,"event_name":"Mysterious Sphere","floor":37,"gold_loss":0}],"is_beta":false,"boss_relics":[{"not_picked":["Philosopher\u0027s Stone","Orrery"],"picked":"Cursed Key"},{"not_picked":["Calling Bell","White Beast Statue"],"picked":"Mark of Pain"}],"items_purged_floors":[19,22],"is_endless":false,"potions_floor_spawned":[1,5,11,16,23,30,35],"killed_by":"2 Orb Walkers","ascension_level":1}