{"gold_per_floor":[115,40,40,51,63,88,88,20,91,91,107,124,24,50,50,50],"floor_reached":16,"playtime":697,"items_purged":["Shame","Strike_G"],"score":116,"play_id":"bb970ee0-3655-4cc7-93a6-0dd1742c7ceb","local_time":"20181221141045","is_ascension_mode":true,"campfire_choices":[{"floor":7,"key":"DIG"},{"floor":10,"key":"DIG"},{"floor":15,"key":"REST"}],"neow_cost":"CURSE","seed_source_timestamp":189891697237408,"circlet_count":0,"master_deck":["Defend_G","Defend_G","Defend_G","Defend_G","Defend_G","Strike_G","Strike_G+1","Strike_G","Survivor","Neutralize+1","Bouncing Flask","Escape Plan","Noxious Fumes","Bane","Noxious Fumes","Setup","Caltrops"],"relics":["Ring of the Snake","Shovel","Dream Catcher","Whetstone","Bottled Flame","Nunchaku","Ninja Scroll"],"potions_floor_usage":[11],"damage_taken":[{"damage":4,"enemies":"Cultist","floor":1,"turns":5},{"damage":2,"enemies":"2 Louse","floor":4,"turns":2},{"damage":0,"enemies":"Jaw Worm","floor":5,"turns":3},{"damage":35,"enemies":"Lagavulin","floor":6,"turns":7},{"damage":1,"enemies":"Blue Slaver","floor":11,"turns":3},{"damage":4,"enemies":"Lots of Slimes","floor":12,"turns":4},{"damage":23,"enemies":"Gremlin Nob","floor":14,"turns":5},{"damage":22,"enemies":"Slime Boss","floor":16,"turns":3}],"seed_played":"5974794542251656918","potions_obtained":[{"floor":6,"key":"GhostInAJar"}],"is_trial":false,"path_per_floor":["M","$","?","M","M","E","R","$","T","R","M","M","$","E","R","B"],"character_chosen":"THE_SILENT","items_purchased":["Noxious Fumes"],"campfire_rested":1,"item_purchase_floors":[8],"current_hp_per_floor":[66,66,66,64,64,29,29,29,29,29,28,24,24,1,22,0],"gold":50,"neow_bonus":"ONE_RARE_RELIC","is_prod":false,"is_daily":false,"chose_seed":false,"campfire_upgraded":0,"win_rate":0,"timestamp":1545426645,"path_taken":["M","$","?","M","?","E","R","?","T","R","M","M","$","E","R","BOSS"],"build_version":"2018-12-20","purchased_purges":2,"victory":false,"max_hp_per_floor":[70,70,70,70,70,70,70,70,70,70,70,70,70,70,70,70],"card_choices":[{"not_picked":["Dagger Spray","Tactician","Catalyst"],"picked":"SKIP","floor":1},{"not_picked":["Dash","Deflect","Dagger Throw"],"picked":"SKIP","floor":4},{"not_picked":["Outmaneuver","All Out Attack"],"picked":"Escape Plan","floor":5},{"not_picked":["Underhanded Strike","Riddle With Holes","Outmaneuver"],"picked":"SKIP","floor":6},{"not_picked":["Backstab","Slice"],"picked":"Bane","floor":11},{"not_picked":["Endless Agony","Dagger Throw"],"picked":"Noxious Fumes","floor":12},{"not_picked":["Backstab","Glass Knife"],"picked":"Setup","floor":14},{"not_picked":["Deflect","Leg Sweep"],"picked":"Caltrops","floor":15}],"player_experience":177767,"relics_obtained":[{"floor":6,"key":"Dream Catcher"},{"floor":7,"key":"Whetstone"},{"floor":9,"key":"Bottled Flame"},{"floor":10,"key":"Nunchaku"},{"floor":14,"key":"Ninja Scroll"}],"event_choices":[{"damage_healed":0,"gold_gain":0,"cards_transformed":["Strike_G"],"player_choice":"Transformed","damage_taken":0,"max_hp_gain":0,"max_hp_loss":0,"event_name":"Transmorgrifier","floor":3,"gold_loss":0,"cards_obtained":["Bouncing Flask"]}],"is_beta":false,"boss_relics":[],"items_purged_floors":[2,13],"is_endless":false,"potions_floor_spawned":[6],"killed_by":"Slime Boss","ascension_level":1}