{"gold_per_floor":[111,131,142,142,162,162,12,43,125,155,43,43,43,74,74,172,172,192,206,225,225,255,255,255,41,88,55,55,75,87,99,99,194,194,206,219,319,333,333,333,333,25,72,84,84,84],"floor_reached":47,"playtime":4076,"items_purged":["Defend_R"],"score":593,"play_id":"caf59f98-daf7-435e-8e18-f49a57fa6355","local_time":"20190809131617","is_ascension_mode":false,"campfire_choices":[{"data":"Bash","floor":6,"key":"SMITH"},{"data":"Uppercut","floor":12,"key":"SMITH"},{"floor":13,"key":"REST"},{"data":"Flame Barrier","floor":15,"key":"SMITH"},{"floor":24,"key":"REST"},{"floor":32,"key":"REST"},{"floor":40,"key":"REST"}],"neow_cost":"NONE","seed_source_timestamp":146057369280516,"circlet_count":0,"master_deck":["Strike_R+1","Strike_R","Strike_R","Strike_R","Defend_R","Bash+1","Inflame","Cleave","Dual Wield","Shrug It Off","Uppercut+1","Seeing Red","Whirlwind","Ghostly Armor","Metallicize+1","Shockwave","Flame Barrier+1","Reaper","Metallicize","Flex+1","Spot Weakness","Offering","Flame Barrier","Impervious","Heavy Blade","Seeing Red","Reaper","Searing Blow+2","Battle Trance+1","Perfected Strike+1","Headbutt+1"],"relics":["Burning Blood","Orichalcum","WingedGreaves","Matryoshka","Happy Flower","Pantograph","Fusion Hammer","Red Mask","Letter Opener","Dream Catcher","Empty Cage","Charon\u0027s Ashes","Whetstone","PreservedInsect","Bottled Flame","Boot"],"potions_floor_usage":[22,29,33,33,37,44,44,46],"damage_taken":[{"damage":0,"enemies":"2 Louse","floor":1,"turns":2},{"damage":1,"enemies":"Jaw Worm","floor":2,"turns":3},{"damage":0,"enemies":"Small Slimes","floor":3,"turns":3},{"damage":0,"enemies":"Looter","floor":5,"turns":4},{"damage":15,"enemies":"Gremlin Nob","floor":8,"turns":4},{"damage":17,"enemies":"3 Sentries","floor":10,"turns":4},{"damage":8,"enemies":"Lagavulin","floor":14,"turns":7},{"damage":21,"enemies":"The Guardian","floor":16,"turns":14},{"damage":8,"enemies":"2 Thieves","floor":18,"turns":4},{"damage":0,"enemies":"Shell Parasite","floor":19,"turns":5},{"damage":24,"enemies":"3 Cultists","floor":20,"turns":5},{"damage":32,"enemies":"Masked Bandits","floor":22,"turns":5},{"damage":6,"enemies":"Cultist and Chosen","floor":29,"turns":4},{"damage":8,"enemies":"Centurion and Healer","floor":30,"turns":5},{"damage":8,"enemies":"Snake Plant","floor":31,"turns":5},{"damage":54,"enemies":"Collector","floor":33,"turns":9},{"damage":32,"enemies":"3 Darklings","floor":35,"turns":7},{"damage":12,"enemies":"Orb Walker","floor":36,"turns":5},{"damage":15,"enemies":"Mind Bloom Boss Battle","floor":37,"turns":9},{"damage":44,"enemies":"4 Shapes","floor":38,"turns":3},{"damage":29,"enemies":"Transient","floor":44,"turns":5},{"damage":96,"enemies":"Time Eater","floor":46,"turns":15}],"seed_played":"6162708334819704380","potions_obtained":[{"floor":1,"key":"Ancient Potion"},{"floor":2,"key":"SteroidPotion"},{"floor":10,"key":"Weak Potion"},{"floor":22,"key":"Swift Potion"},{"floor":30,"key":"SkillPotion"},{"floor":33,"key":"Fire Potion"},{"floor":36,"key":"Energy Potion"},{"floor":38,"key":"AttackPotion"}],"is_trial":false,"path_per_floor":["M","M","M","?","M","R","$","E","T","E","$","R","R","E","R","B",null,"M","M","M","?","?","?","R","$","T","$","?","M","M","M","R","B",null,"M","M","?","M","?","R","?","$","T","M","?","B",null],"character_chosen":"IRONCLAD","items_purchased":["Uppercut","Seeing Red","Metallicize","Shockwave","Offering","Flame Barrier","Whetstone","PreservedInsect"],"campfire_rested":4,"item_purchase_floors":[7,7,11,11,25,27,42,42],"current_hp_per_floor":[80,80,80,80,80,80,80,71,71,60,60,60,80,78,78,65,80,78,80,74,74,54,39,64,64,64,64,64,85,85,85,85,51,85,85,85,85,70,70,85,85,85,85,71,71,35],"gold":84,"neow_bonus":"RANDOM_COMMON_RELIC","is_prod":false,"is_daily":false,"chose_seed":false,"campfire_upgraded":3,"win_rate":0,"timestamp":1565370977,"path_taken":["M","M","M","?","M","R","$","E","T","E","$","R","R","E","R","BOSS","M","M","M","?","?","?","R","$","T","?","?","?","M","M","R","BOSS","M","M","?","M","?","R","?","$","T","?","?","BOSS"],"build_version":"2019-07-17","purchased_purges":1,"victory":true,"max_hp_per_floor":[80,80,80,80,80,80,80,80,80,80,80,80,80,80,80,80,80,80,80,80,80,80,85,85,85,85,85,85,85,85,85,85,85,85,85,85,85,85,85,85,85,85,85,85,85,85],"card_choices":[{"not_picked":["Cleave","Warcry"],"picked":"Inflame","floor":1},{"not_picked":["Perfected Strike","Fire Breathing"],"picked":"Cleave","floor":2},{"not_picked":["Armaments","Bloodletting"],"picked":"Dual Wield","floor":3},{"not_picked":["Cleave","Armaments"],"picked":"Shrug It Off","floor":5},{"not_picked":["Shrug It Off","Disarm"],"picked":"Whirlwind","floor":8},{"not_picked":["Heavy Blade","Rupture"],"picked":"Ghostly Armor","floor":10},{"not_picked":["Heavy Blade","Clothesline"],"picked":"Flame Barrier","floor":14},{"not_picked":["Berserk","Juggernaut"],"picked":"Reaper","floor":16},{"not_picked":["Seeing Red","Heavy Blade+1"],"picked":"Metallicize","floor":18},{"not_picked":["Twin Strike","Body Slam"],"picked":"Flex+1","floor":19},{"not_picked":["Heavy Blade","Seeing Red"],"picked":"Spot Weakness","floor":20},{"not_picked":["Thunderclap","Hemokinesis+1","Reckless Charge"],"picked":"SKIP","floor":29},{"not_picked":["Shrug It Off","Thunderclap"],"picked":"Impervious","floor":30},{"not_picked":["Headbutt","Thunderclap"],"picked":"Heavy Blade","floor":31},{"not_picked":["Dropkick","Sword Boomerang"],"picked":"Seeing Red","floor":32},{"not_picked":["Limit Break","Fiend Fire"],"picked":"Reaper","floor":33},{"not_picked":["Entrench","Heavy Blade"],"picked":"Searing Blow+1","floor":35},{"not_picked":["Corruption","Body Slam"],"picked":"Battle Trance+1","floor":36},{"not_picked":["Burning Pact","Twin Strike+1"],"picked":"Perfected Strike+1","floor":37},{"not_picked":["Twin Strike+1","Body Slam","Second Wind"],"picked":"SKIP","floor":38},{"not_picked":["Barricade","Hemokinesis"],"picked":"Headbutt+1","floor":44}],"player_experience":14995,"relics_obtained":[{"floor":8,"key":"WingedGreaves"},{"floor":9,"key":"Matryoshka"},{"floor":10,"key":"Happy Flower"},{"floor":14,"key":"Pantograph"},{"floor":22,"key":"Red Mask"},{"floor":26,"key":"Letter Opener"},{"floor":26,"key":"Dream Catcher"},{"floor":37,"key":"Charon\u0027s Ashes"},{"floor":43,"key":"Bottled Flame"},{"floor":43,"key":"Boot"}],"event_choices":[{"damage_healed":0,"gold_gain":0,"player_choice":"Fled","damage_taken":0,"max_hp_gain":0,"max_hp_loss":0,"event_name":"Scrap Ooze","floor":4,"gold_loss":0},{"cards_removed":["Strike_R"],"damage_healed":0,"gold_gain":0,"player_choice":"Elegance","damage_taken":0,"max_hp_gain":0,"max_hp_loss":0,"event_name":"Back to Basics","floor":21,"gold_loss":0},{"damage_healed":0,"gold_gain":0,"player_choice":"Fought Bandits","damage_taken":0,"max_hp_gain":0,"max_hp_loss":0,"event_name":"Masked Bandits","floor":22,"gold_loss":0},{"damage_healed":0,"gold_gain":0,"player_choice":"Shed Blood","damage_taken":20,"max_hp_gain":5,"max_hp_loss":0,"event_name":"Forgotten Altar","floor":23,"gold_loss":0},{"damage_healed":0,"gold_gain":0,"player_choice":"Ignored","damage_taken":0,"max_hp_gain":0,"max_hp_loss":0,"event_name":"Vampires","floor":28,"gold_loss":0},{"damage_healed":0,"gold_gain":0,"player_choice":"Fight","damage_taken":0,"max_hp_gain":0,"max_hp_loss":0,"event_name":"MindBloom","floor":37,"gold_loss":0},{"damage_healed":0,"gold_gain":0,"player_choice":"Ignored","damage_taken":0,"max_hp_gain":0,"max_hp_loss":0,"event_name":"Mysterious Sphere","floor":39,"gold_loss":0},{"damage_healed":0,"gold_gain":0,"player_choice":"Forge","damage_taken":0,"max_hp_gain":0,"max_hp_loss":0,"event_name":"Accursed Blacksmith","floor":41,"gold_loss":0,"cards_upgraded":["Metallicize"]},{"damage_healed":0,"gold_gain":0,"player_choice":"Took Portal","damage_taken":0,"max_hp_gain":0,"max_hp_loss":0,"event_name":"SecretPortal","floor":45,"gold_loss":0}],"is_beta":false,"boss_relics":[{"not_picked":["Coffee Dripper","White Beast Statue"],"picked":"Fusion Hammer"},{"not_picked":["Calling Bell","Tiny House"],"picked":"Empty Cage"}],"items_purged_floors":[25],"is_endless":false,"potions_floor_spawned":[1,2,10,19,22,30,33,36,38],"ascension_level":0}