{"gold_per_floor":[113,113,129,12,12,12,37,52,106,206,206,161,177,252,252,376,376,392,246,246,260,28,64,64,64,132,132],"floor_reached":27,"playtime":864,"items_purged":["Rebound"],"score":219,"play_id":"b5c130b5-d9e3-48dc-b859-6c15b92e459e","local_time":"20190201221444","is_ascension_mode":false,"campfire_choices":[{"data":"Zap","floor":6,"key":"SMITH"},{"data":"Amplify","floor":11,"key":"SMITH"},{"floor":15,"key":"REST"},{"floor":24,"key":"REST"}],"neow_cost":"NONE","seed_source_timestamp":411642356769493,"circlet_count":0,"master_deck":["Zap+1","Dualcast","Ball Lightning","Beam Cell","Electrodynamics","Ball Lightning","Amplify+1","Tempest","Conserve Battery","Undo","Creative AI","Seek+1","Machine Learning","Hologram","Creative AI","Glacier","Defragment","Consume","Recycle+1","Reinforced Body+1","Defragment","Stack"],"relics":["Runic Dome","Golden Idol","Pandora\u0027s Box","Lantern","Juzu Bracelet","Symbiotic Virus"],"potions_floor_usage":[16],"damage_taken":[{"damage":11,"enemies":"Jaw Worm","floor":1,"turns":3},{"damage":8,"enemies":"2 Louse","floor":3,"turns":2},{"damage":0,"enemies":"Cultist","floor":7,"turns":2},{"damage":11,"enemies":"Large Slime","floor":8,"turns":3},{"damage":10,"enemies":"Exordium Thugs","floor":13,"turns":2},{"damage":40,"enemies":"The Guardian","floor":16,"turns":8},{"damage":30,"enemies":"Spheric Guardian","floor":18,"turns":5},{"damage":20,"enemies":"2 Thieves","floor":21,"turns":2},{"damage":16,"enemies":"Gremlin Leader","floor":23,"turns":9},{"damage":26,"enemies":"Cultist and Chosen","floor":27,"turns":4}],"seed_played":"6680721588993248500","potions_obtained":[{"floor":3,"key":"Regen Potion"},{"floor":7,"key":"Poison Potion"},{"floor":8,"key":"GamblersBrew"}],"is_trial":false,"path_per_floor":["M","?","M","$","?","R","M","M","T","?","R","$","M","?","R","B",null,"M","$","?","M","$","E","R","?","T","M"],"character_chosen":"DEFECT","items_purchased":["Electrodynamics","Ball Lightning","Conserve Battery","Recycle","Lantern","Defragment"],"campfire_rested":2,"item_purchase_floors":[4,4,12,19,22,22],"current_hp_per_floor":[64,64,56,56,56,56,56,45,45,45,45,45,35,24,44,19,69,39,39,39,19,19,3,23,23,23,0],"gold":132,"neow_bonus":"BOSS_RELIC","is_prod":false,"is_daily":false,"chose_seed":false,"campfire_upgraded":2,"win_rate":0,"timestamp":1549084484,"path_taken":["M","?","M","$","?","R","?","M","T","?","R","?","M","?","R","BOSS","M","$","?","M","$","E","R","?","T","M"],"build_version":"2019-01-23","purchased_purges":1,"victory":false,"max_hp_per_floor":[75,69,69,69,69,69,69,69,69,69,69,69,69,69,69,69,69,69,69,69,69,69,69,69,69,69,69],"card_choices":[{"not_picked":["Sweeping Beam","Redo"],"picked":"Ball Lightning","floor":1},{"not_picked":["Chaos","Steam Power"],"picked":"Beam Cell","floor":3},{"not_picked":["Sweeping Beam","Static Discharge"],"picked":"Amplify","floor":7},{"not_picked":["Heatsinks","Streamline"],"picked":"Tempest","floor":8},{"not_picked":["Steam","Redo"],"picked":"Undo","floor":13},{"not_picked":["Thunder Strike","Multi-Cast"],"picked":"Creative AI","floor":16},{"not_picked":["Streamline+1","Blizzard"],"picked":"Consume","floor":18},{"not_picked":["Storm","Ball Lightning"],"picked":"Reinforced Body+1","floor":21},{"not_picked":["Compile Driver","Barrage+1"],"picked":"Stack","floor":23}],"player_experience":361477,"relics_obtained":[{"floor":23,"key":"Juzu Bracelet"},{"floor":26,"key":"Symbiotic Virus"}],"event_choices":[{"damage_healed":0,"gold_gain":0,"player_choice":"Lose Max HP","damage_taken":0,"relics_obtained":["Golden Idol"],"max_hp_gain":0,"max_hp_loss":6,"event_name":"Golden Idol","floor":2,"gold_loss":0},{"cards_removed":["Strike_B"],"damage_healed":0,"gold_gain":0,"player_choice":"Purged","damage_taken":0,"max_hp_gain":0,"max_hp_loss":0,"event_name":"Purifier","floor":5,"gold_loss":0},{"damage_healed":0,"gold_gain":100,"player_choice":"Pray","damage_taken":0,"max_hp_gain":0,"max_hp_loss":0,"event_name":"Golden Shrine","floor":10,"gold_loss":0},{"damage_healed":0,"gold_gain":75,"player_choice":"Gather Gold","damage_taken":11,"max_hp_gain":0,"max_hp_loss":0,"event_name":"World of Goop","floor":14,"gold_loss":0},{"damage_healed":0,"gold_gain":0,"player_choice":"Upgraded","damage_taken":0,"max_hp_gain":0,"max_hp_loss":0,"event_name":"Upgrade Shrine","floor":20,"gold_loss":0,"cards_upgraded":["Recycle"]},{"damage_healed":0,"gold_gain":0,"player_choice":"Forge","damage_taken":0,"max_hp_gain":0,"max_hp_loss":0,"event_name":"Accursed Blacksmith","floor":25,"gold_loss":0,"cards_upgraded":["Seek"]}],"is_beta":false,"boss_relics":[{"not_picked":["Cursed Key","Calling Bell"],"picked":"Pandora\u0027s Box"}],"items_purged_floors":[19],"is_endless":false,"potions_floor_spawned":[3,7,8],"killed_by":"Cultist and Chosen","ascension_level":0}