{"gold_per_floor":[113,288,56,56,70,102,102,137,182,182,82,110,110,126,126,223,223,238,16,16,34,34,34,49,49,73,73,73,108,126,126,126,224,224,235,235,335,140,140,140,156,156,456,481,481,481,481,491,491,491],"floor_reached":51,"playtime":3660,"items_purged":["Doubt","Defend_R","Defend_R","Strike_R"],"score":763,"play_id":"7b90c0f7-6190-4cfa-aa0f-1e79a04c407c","local_time":"20190810194050","is_ascension_mode":true,"campfire_choices":[{"floor":7,"key":"REST"},{"data":"Blood for Blood","floor":13,"key":"SMITH"},{"data":"Feed","floor":15,"key":"SMITH"},{"data":"Bash","floor":23,"key":"SMITH"},{"data":"Shrug It Off","floor":25,"key":"SMITH"},{"data":"Shrug It Off","floor":28,"key":"SMITH"},{"data":"Berserk","floor":32,"key":"SMITH"},{"data":"Madness","floor":40,"key":"SMITH"},{"data":"Madness","floor":45,"key":"SMITH"},{"data":"Whirlwind","floor":49,"key":"SMITH"}],"neow_cost":"NONE","seed_source_timestamp":66717059562109,"circlet_count":0,"master_deck":["Strike_R","Strike_R","Strike_R","Defend_R","Defend_R","Bash+1","Immolate","True Grit+1","Blood for Blood+1","Feed+1","Berserk+1","Shrug It Off+1","Bandage Up+1","Shrug It Off+1","Ghostly","Ghostly","Ghostly","Ghostly","Ghostly","Feed","Shrug It Off","Entrench+1","Shrug It Off","Madness+1","Madness+1","Clothesline+1","Juggernaut","Whirlwind+1"],"relics":["Burning Blood","Bronze Scales","Juzu Bracelet","Incense Burner","Oddly Smooth Stone","Kunai","Sozu","Lantern","CultistMask","Blood Vial","War Paint","Mark of Pain","Calipers","Old Coin","Anchor"],"potions_floor_usage":[6,16,16],"damage_taken":[{"damage":0,"enemies":"2 Louse","floor":1,"turns":1},{"damage":3,"enemies":"Small Slimes","floor":5,"turns":4},{"damage":41,"enemies":"Lagavulin","floor":6,"turns":6},{"damage":16,"enemies":"Gremlin Nob","floor":8,"turns":4},{"damage":14,"enemies":"3 Sentries","floor":12,"turns":4},{"damage":5,"enemies":"Jaw Worm","floor":14,"turns":2},{"damage":52,"enemies":"Slime Boss","floor":16,"turns":10},{"damage":7,"enemies":"2 Thieves","floor":18,"turns":3},{"damage":6,"enemies":"3 Byrds","floor":21,"turns":3},{"damage":12,"enemies":"Centurion and Healer","floor":24,"turns":5},{"damage":24,"enemies":"Slavers","floor":29,"turns":6},{"damage":8,"enemies":"Snake Plant","floor":30,"turns":4},{"damage":4,"enemies":"Champ","floor":33,"turns":13},{"damage":2,"enemies":"Orb Walker","floor":35,"turns":3},{"damage":2,"enemies":"Mind Bloom Boss Battle","floor":37,"turns":8},{"damage":6,"enemies":"3 Darklings","floor":41,"turns":6},{"damage":18,"enemies":"Nemesis","floor":44,"turns":13},{"damage":5,"enemies":"4 Shapes","floor":48,"turns":8},{"damage":11,"enemies":"Time Eater","floor":50,"turns":17}],"seed_played":"6560114149501496956","potions_obtained":[{"floor":5,"key":"SpeedPotion"},{"floor":8,"key":"SteroidPotion"},{"floor":12,"key":"SpeedPotion"}],"is_trial":false,"path_per_floor":["M","?","$","?","M","E","R","E","T","?","$","E","R","M","R","B",null,"M","$","?","M","?","R","M","R","T","?","R","E","M","?","R","B",null,"M","?","?","$","?","R","M","?","T","E","R","?","?","M","R","B",null],"character_chosen":"IRONCLAD","items_purchased":["Bronze Scales","Bandage Up","Shrug It Off"],"campfire_rested":1,"item_purchase_floors":[3,19,38],"current_hp_per_floor":[80,80,80,73,76,41,65,55,55,75,75,67,67,68,68,26,84,83,83,83,87,87,87,81,81,81,81,81,73,79,44,44,44,44,44,44,48,48,42,42,48,48,48,42,42,42,42,55,55,55],"gold":491,"neow_bonus":"ONE_RANDOM_RARE_CARD","is_prod":false,"is_daily":false,"chose_seed":false,"campfire_upgraded":9,"win_rate":0,"timestamp":1565480450,"path_taken":["M","?","$","?","M","E","R","E","T","?","$","E","R","M","R","BOSS","M","$","?","M","?","R","M","R","T","?","R","E","M","?","R","BOSS","M","?","?","$","?","R","M","?","T","E","R","?","?","M","R","BOSS"],"build_version":"2019-07-17","purchased_purges":4,"victory":true,"max_hp_per_floor":[80,80,80,80,80,80,80,80,80,80,80,80,80,80,80,84,84,84,84,84,88,88,88,88,88,88,85,85,89,89,44,44,44,44,44,44,48,48,48,48,48,48,48,48,48,48,48,55,55,55],"card_choices":[{"not_picked":["Warcry","Sword Boomerang"],"picked":"Clothesline","floor":1},{"not_picked":["Flex","Perfected Strike"],"picked":"True Grit","floor":5},{"not_picked":["Sever Soul","Headbutt"],"picked":"Blood for Blood","floor":6},{"not_picked":["Limit Break","Sword Boomerang","Clash"],"picked":"SKIP","floor":8},{"not_picked":["Flex","Infernal Blade","Rage"],"picked":"SKIP","floor":12},{"not_picked":["True Grit","Perfected Strike"],"picked":"Feed","floor":14},{"not_picked":["Juggernaut","Impervious"],"picked":"Berserk","floor":16},{"not_picked":["Headbutt+1","Heavy Blade+1"],"picked":"Shrug It Off","floor":18},{"not_picked":["Perfected Strike","Reckless Charge","Iron Wave"],"picked":"SKIP","floor":21},{"not_picked":["Sword Boomerang","Dark Embrace"],"picked":"Shrug It Off","floor":24},{"not_picked":["Flex+1","Hemokinesis","Entrench"],"picked":"SKIP","floor":29},{"not_picked":["Sword Boomerang","Body Slam","Iron Wave+1"],"picked":"SKIP","floor":30},{"not_picked":["Berserk","Exhume"],"picked":"Feed","floor":33},{"not_picked":["True Grit","Anger"],"picked":"Shrug It Off","floor":35},{"not_picked":["Reckless Charge+1","Flex+1"],"picked":"Entrench+1","floor":37},{"not_picked":["True Grit","Second Wind"],"picked":"Clothesline+1","floor":41},{"not_picked":["Combust","Wild Strike"],"picked":"Juggernaut","floor":44},{"not_picked":["Entrench+1","Havoc"],"picked":"Whirlwind","floor":48}],"player_experience":74548,"relics_obtained":[{"floor":6,"key":"Juzu Bracelet"},{"floor":8,"key":"Incense Burner"},{"floor":9,"key":"Oddly Smooth Stone"},{"floor":12,"key":"Kunai"},{"floor":26,"key":"Blood Vial"},{"floor":29,"key":"War Paint"},{"floor":37,"key":"Calipers"},{"floor":43,"key":"Old Coin"},{"floor":44,"key":"Anchor"}],"event_choices":[{"damage_healed":0,"gold_gain":175,"player_choice":"AGREE","damage_taken":0,"max_hp_gain":0,"max_hp_loss":0,"event_name":"Liars Game","floor":2,"gold_loss":0,"cards_obtained":["Doubt"]},{"cards_removed":["Strike_R"],"damage_healed":0,"gold_gain":0,"player_choice":"Card Removal","damage_taken":7,"max_hp_gain":0,"max_hp_loss":0,"event_name":"Golden Wing","floor":4,"gold_loss":0},{"damage_healed":20,"gold_gain":0,"player_choice":"Healed and dodged fight","damage_taken":0,"max_hp_gain":0,"max_hp_loss":0,"event_name":"Mushrooms","floor":10,"gold_loss":0,"cards_obtained":["Parasite"]},{"damage_healed":0,"gold_gain":0,"player_choice":"Opened","damage_taken":0,"relics_obtained":["Lantern"],"max_hp_gain":0,"max_hp_loss":0,"event_name":"The Mausoleum","floor":20,"gold_loss":0},{"damage_healed":0,"gold_gain":0,"player_choice":"Trade","damage_taken":0,"relics_obtained":["CultistMask"],"max_hp_gain":0,"max_hp_loss":0,"event_name":"FaceTrader","floor":22,"gold_loss":0},{"cards_removed":["Parasite"],"damage_healed":0,"gold_gain":0,"player_choice":"Purged","damage_taken":0,"max_hp_gain":0,"max_hp_loss":0,"event_name":"Purifier","floor":27,"gold_loss":0},{"damage_healed":0,"gold_gain":0,"player_choice":"Became a Ghost","damage_taken":0,"max_hp_gain":0,"max_hp_loss":45,"event_name":"Ghosts","floor":31,"gold_loss":0,"cards_obtained":["Ghostly","Ghostly","Ghostly","Ghostly","Ghostly"]},{"damage_healed":0,"gold_gain":0,"player_choice":"Ignored","damage_taken":0,"max_hp_gain":0,"max_hp_loss":0,"event_name":"Tomb of Lord Red Mask","floor":36,"gold_loss":0},{"damage_healed":0,"gold_gain":0,"player_choice":"Fight","damage_taken":0,"max_hp_gain":0,"max_hp_loss":0,"event_name":"MindBloom","floor":37,"gold_loss":0},{"damage_healed":0,"gold_gain":0,"player_choice":"Embrace Madness","damage_taken":6,"max_hp_gain":0,"max_hp_loss":0,"event_name":"Winding Halls","floor":39,"gold_loss":0,"cards_obtained":["Madness","Madness"]},{"damage_healed":0,"gold_gain":0,"player_choice":"Got Potions","damage_taken":0,"max_hp_gain":0,"max_hp_loss":0,"event_name":"Lab","floor":42,"gold_loss":0},{"damage_healed":0,"gold_gain":0,"player_choice":"Ignored","damage_taken":0,"max_hp_gain":0,"max_hp_loss":0,"event_name":"Mysterious Sphere","floor":46,"gold_loss":0},{"cards_removed":["Clothesline"],"damage_healed":0,"gold_gain":0,"player_choice":"Removed Attack","damage_taken":0,"max_hp_gain":0,"max_hp_loss":0,"event_name":"Falling","floor":47,"gold_loss":0}],"is_beta":false,"boss_relics":[{"not_picked":["Tiny House","Black Star"],"picked":"Sozu"},{"not_picked":["Runic Dome","Philosopher\u0027s Stone"],"picked":"Mark of Pain"}],"items_purged_floors":[3,11,19,38],"is_endless":false,"potions_floor_spawned":[5,8,12,21,30,35,41],"ascension_level":1}