{"gold_per_floor":[119,294,71,21,39,39,39,39,39,66,66,81,81,81,81,81],"floor_reached":16,"playtime":284,"items_purged":["Doubt"],"score":133,"play_id":"f76d9daf-23eb-45d8-ba9a-eb3bc765db23","local_time":"20190326074910","is_ascension_mode":true,"campfire_choices":[{"data":"Searing Blow","floor":6,"key":"SMITH"},{"data":"Searing Blow+1","floor":8,"key":"SMITH"},{"data":"Searing Blow+2","floor":11,"key":"SMITH"},{"data":"Searing Blow+3","floor":15,"key":"SMITH"}],"neow_cost":"NONE","seed_source_timestamp":210242969930737,"circlet_count":0,"master_deck":["AscendersBane","Strike_R","Strike_R","Strike_R","Defend_R+1","Defend_R+1","Defend_R","Defend_R","Bash","Iron Wave","Corruption","Searing Blow+4","Shrug It Off","Headbutt"],"relics":["Burning Blood","NeowsBlessing","Gremlin Horn","Bag of Preparation","Golden Idol"],"potions_floor_usage":[16],"damage_taken":[{"damage":0,"enemies":"Small Slimes","floor":1,"turns":1},{"damage":0,"enemies":"Jaw Worm","floor":5,"turns":1},{"damage":0,"enemies":"2 Louse","floor":12,"turns":1},{"damage":51,"enemies":"Hexaghost","floor":16,"turns":10}],"seed_played":"-7713191125277631454","potions_obtained":[{"floor":5,"key":"Poison Potion"}],"is_trial":false,"path_per_floor":["M","?","$","?","M","R","?","R","T","T","R","M","?","?","R","B"],"character_chosen":"IRONCLAD","items_purchased":["Corruption","Searing Blow"],"campfire_rested":0,"item_purchase_floors":[3,3],"current_hp_per_floor":[78,78,78,78,80,80,64,64,64,64,64,70,70,50,50,0],"gold":81,"neow_bonus":"THREE_ENEMY_KILL","is_prod":false,"is_daily":false,"chose_seed":false,"campfire_upgraded":4,"win_rate":0,"timestamp":1553611750,"path_taken":["M","?","$","?","M","R","?","R","T","?","R","?","?","?","R","BOSS"],"build_version":"2019-01-23","purchased_purges":1,"victory":false,"max_hp_per_floor":[80,80,80,80,80,80,80,80,80,80,80,80,80,80,80,80],"card_choices":[{"not_picked":["Reckless Charge","Carnage"],"picked":"Iron Wave","floor":1},{"not_picked":["Body Slam","Wild Strike"],"picked":"Shrug It Off","floor":5},{"not_picked":["Sword Boomerang","Thunderclap"],"picked":"Headbutt","floor":12}],"player_experience":550952,"relics_obtained":[{"floor":9,"key":"Gremlin Horn"},{"floor":10,"key":"Bag of Preparation"}],"event_choices":[{"damage_healed":0,"gold_gain":175,"player_choice":"AGREE","damage_taken":0,"max_hp_gain":0,"max_hp_loss":0,"event_name":"Liars Game","floor":2,"gold_loss":0,"cards_obtained":["Doubt"]},{"cards_removed":["Strike_R"],"damage_healed":0,"gold_gain":0,"player_choice":"Card Removal","damage_taken":0,"max_hp_gain":0,"max_hp_loss":0,"event_name":"The Cleric","floor":4,"gold_loss":50},{"damage_healed":0,"gold_gain":0,"player_choice":"Entered Light","damage_taken":16,"max_hp_gain":0,"max_hp_loss":0,"event_name":"Shining Light","floor":7,"gold_loss":0,"cards_upgraded":["Defend_R","Defend_R"]},{"cards_removed":["Strike_R"],"damage_healed":0,"gold_gain":0,"player_choice":"Forget","damage_taken":0,"max_hp_gain":0,"max_hp_loss":0,"event_name":"Living Wall","floor":13,"gold_loss":0},{"damage_healed":0,"gold_gain":0,"player_choice":"Take Damage","damage_taken":20,"relics_obtained":["Golden Idol"],"max_hp_gain":0,"max_hp_loss":0,"event_name":"Golden Idol","floor":14,"gold_loss":0}],"is_beta":false,"boss_relics":[],"items_purged_floors":[3],"is_endless":false,"potions_floor_spawned":[5],"killed_by":"Hexaghost","ascension_level":11}