{"gold_per_floor":[110,110,125,225,4,36,54,65,89,49,49,75,88,108,108,204,204,220,220,130,130,130],"floor_reached":22,"playtime":1174,"items_purged":["Strike_B"],"score":241,"play_id":"1f5db61e-dec0-41de-8488-1c90f9a59126","local_time":"20181225201718","is_ascension_mode":true,"campfire_choices":[{"data":"Recycle","floor":11,"key":"SMITH"},{"data":"Multi-Cast","floor":15,"key":"SMITH"}],"neow_cost":"NONE","seed_source_timestamp":106379185493180,"circlet_count":0,"master_deck":["Strike_B","Strike_B","Defend_B","Defend_B","Defend_B","Defend_B","Zap","Dualcast","Fusion","Gash","Bandage Up","Hologram","Recycle+1","Gash","Self Repair","Multi-Cast+1","Redo","Rebound","Buffer","Conserve Battery+1"],"relics":["Cracked Core","Happy Flower","Pen Nib","Regal Pillow","Inserter","Nloth\u0027s Gift"],"potions_floor_usage":[14,16],"damage_taken":[{"damage":0,"enemies":"2 Louse","floor":1,"turns":1},{"damage":0,"enemies":"Cultist","floor":3,"turns":1},{"damage":0,"enemies":"Gremlin Nob","floor":6,"turns":1},{"damage":0,"enemies":"Small Slimes","floor":7,"turns":3},{"damage":26,"enemies":"Exordium Thugs","floor":8,"turns":5},{"damage":26,"enemies":"Lagavulin","floor":12,"turns":7},{"damage":8,"enemies":"3 Louse","floor":13,"turns":3},{"damage":20,"enemies":"Gremlin Gang","floor":14,"turns":3},{"damage":46,"enemies":"Slime Boss","floor":16,"turns":8},{"damage":37,"enemies":"Spheric Guardian","floor":18,"turns":6},{"damage":60,"enemies":"2 Thieves","floor":20,"turns":5},{"damage":32,"enemies":"Snake Plant","floor":22,"turns":3}],"seed_played":"-4450244386310180960","potions_obtained":[{"floor":1,"key":"EssenceOfSteel"},{"floor":6,"key":"Explosive Potion"},{"floor":13,"key":"FairyPotion"},{"floor":16,"key":"Dexterity Potion"}],"is_trial":false,"path_per_floor":["M","?","M","?","$","E","M","M","T","$","R","E","M","M","R","B",null,"M","?","M","?","M"],"character_chosen":"DEFECT","items_purchased":["Gash","Bandage Up","Self Repair"],"campfire_rested":0,"item_purchase_floors":[5,5,10],"current_hp_per_floor":[75,75,75,75,75,75,75,53,53,53,53,38,41,32,32,9,75,45,75,26,26,0],"gold":130,"neow_bonus":"THREE_ENEMY_KILL","is_prod":false,"is_daily":false,"chose_seed":false,"campfire_upgraded":2,"win_rate":0,"timestamp":1545794238,"path_taken":["M","?","?","?","$","E","?","M","T","?","R","E","M","M","R","BOSS","M","?","?","?","M"],"build_version":"2018-12-20","purchased_purges":1,"victory":false,"max_hp_per_floor":[75,75,75,75,75,75,75,75,75,75,75,75,75,75,75,75,75,75,75,75,75,75],"card_choices":[{"not_picked":["Defragment","Turbo"],"picked":"Sunder","floor":1},{"not_picked":["Aggregate","Chaos"],"picked":"Fusion","floor":3},{"not_picked":["Ball Lightning","Stack"],"picked":"Hologram","floor":6},{"not_picked":["Doom and Gloom","Undo"],"picked":"Recycle","floor":7},{"not_picked":["Sweeping Beam","Cold Snap"],"picked":"Gash","floor":8},{"not_picked":["Leap","Barrage"],"picked":"Multi-Cast","floor":12},{"not_picked":["BootSequence","Cold Snap"],"picked":"Redo","floor":13},{"not_picked":["Lockon","Coolheaded"],"picked":"Rebound","floor":14},{"not_picked":["Reboot","Hyperbeam"],"picked":"Buffer","floor":16},{"not_picked":["Stack","Steam","Sweeping Beam+1"],"picked":"SKIP","floor":18},{"not_picked":["Compile Driver","Steam+1"],"picked":"Conserve Battery+1","floor":20}],"player_experience":195231,"relics_obtained":[{"floor":6,"key":"Happy Flower"},{"floor":9,"key":"Pen Nib"},{"floor":12,"key":"Regal Pillow"}],"event_choices":[{"cards_removed":["Strike_B"],"damage_healed":0,"gold_gain":0,"player_choice":"Purged","damage_taken":0,"max_hp_gain":0,"max_hp_loss":0,"event_name":"Purifier","floor":2,"gold_loss":0},{"damage_healed":0,"gold_gain":100,"player_choice":"Pray","damage_taken":0,"max_hp_gain":0,"max_hp_loss":0,"event_name":"Golden Shrine","floor":4,"gold_loss":0},{"cards_removed":["Sunder"],"damage_healed":30,"gold_gain":0,"player_choice":"Offered Uncommon","damage_taken":0,"max_hp_gain":0,"max_hp_loss":0,"event_name":"Bonfire Elementals","floor":19,"gold_loss":0},{"damage_healed":0,"gold_gain":0,"player_choice":"Traded Relic","damage_taken":0,"relics_obtained":["Nloth\u0027s Gift"],"max_hp_gain":0,"max_hp_loss":0,"event_name":"N\u0027loth","floor":21,"relics_lost":["NeowsBlessing"],"gold_loss":0}],"is_beta":false,"boss_relics":[{"not_picked":["Velvet Choker","Ectoplasm"],"picked":"Inserter"}],"items_purged_floors":[5],"is_endless":false,"potions_floor_spawned":[1,6,13,16],"killed_by":"Snake Plant","ascension_level":2}