{"gold_per_floor":[119,134,57,73,23,23,198,231,231,231,22,22,22,42,42,147,147,167,82,100,25,57,57],"floor_reached":23,"playtime":1403,"items_purged":["Strike_G"],"score":224,"play_id":"6252ca65-686b-4906-8523-7d44123ed9c0","local_time":"20190303002453","is_ascension_mode":true,"campfire_choices":[{"data":"Neutralize","floor":6,"key":"SMITH"},{"floor":12,"key":"REST"},{"data":"Footwork","floor":15,"key":"SMITH"}],"neow_cost":"NONE","seed_source_timestamp":106037828833079,"circlet_count":0,"master_deck":["Defend_G","Defend_G","Defend_G","Defend_G","Defend_G","Strike_G","Strike_G","Strike_G","Strike_G","Survivor","Neutralize+1","Backflip","Crippling Poison","Heel Hook","Terror","Heel Hook","Footwork+1","Infinite Blades+1","Prepared+1"],"relics":["Ring of the Snake","NeowsBlessing","Sundial","Toxic Egg 2","DollysMirror","Dead Branch","WristBlade","Omamori","Red Mask"],"potions_floor_usage":[8,16,16,22],"damage_taken":[{"damage":0,"enemies":"Small Slimes","floor":1,"turns":1},{"damage":0,"enemies":"2 Louse","floor":2,"turns":1},{"damage":0,"enemies":"Jaw Worm","floor":4,"turns":1},{"damage":39,"enemies":"Gremlin Nob","floor":8,"turns":5},{"damage":0,"enemies":"Looter","floor":14,"turns":3},{"damage":8,"enemies":"Hexaghost","floor":16,"turns":13},{"damage":2,"enemies":"Shell Parasite","floor":18,"turns":7},{"damage":0,"enemies":"Chosen","floor":20,"turns":4},{"damage":35,"enemies":"Masked Bandits","floor":22,"turns":5},{"damage":36,"enemies":"Gremlin Leader","floor":23,"turns":2}],"seed_played":"-6197546405128492775","potions_obtained":[{"floor":4,"key":"AttackPotion"},{"floor":14,"key":"GamblersBrew"},{"floor":16,"key":"FearPotion"},{"floor":18,"key":"SteroidPotion"}],"is_trial":false,"path_per_floor":["M","M","$","M","$","R","?","E","T","?","$","R","?","M","R","B",null,"M","?","M","$","?","E"],"character_chosen":"THE_SILENT","items_purchased":["Heel Hook","Weak Potion","DollysMirror"],"campfire_rested":1,"item_purchase_floors":[3,5,11],"current_hp_per_floor":[70,70,70,70,70,70,70,31,31,24,24,45,33,33,33,25,70,68,68,68,68,33,0],"gold":57,"neow_bonus":"THREE_ENEMY_KILL","is_prod":false,"is_daily":false,"chose_seed":false,"campfire_upgraded":2,"win_rate":0,"timestamp":1551597893,"path_taken":["M","M","$","M","$","R","?","E","T","?","$","R","?","M","R","BOSS","M","?","M","$","?","E"],"build_version":"2019-01-23","purchased_purges":1,"victory":false,"max_hp_per_floor":[70,70,70,70,70,70,70,70,70,70,70,70,70,70,70,70,70,70,70,70,70,70,70],"card_choices":[{"not_picked":["Underhanded Strike","Prepared"],"picked":"Backflip","floor":1},{"not_picked":["Distraction","Deadly Poison"],"picked":"Crippling Poison","floor":2},{"not_picked":["Acrobatics","Leg Sweep"],"picked":"Terror","floor":4},{"not_picked":["Deflect","Deadly Poison","Expertise"],"picked":"SKIP","floor":8},{"not_picked":["Dodge and Roll+1","Die Die Die"],"picked":"Footwork","floor":14},{"not_picked":["Reflex+1","Dagger Throw"],"picked":"Infinite Blades+1","floor":18},{"not_picked":["Dodge and Roll+1","Outmaneuver+1","Sucker Punch"],"picked":"SKIP","floor":20},{"not_picked":["Slice+1","Masterful Stab"],"picked":"Prepared+1","floor":22}],"player_experience":450639,"relics_obtained":[{"floor":8,"key":"Sundial"},{"floor":9,"key":"Toxic Egg 2"},{"floor":22,"key":"Red Mask"}],"event_choices":[{"damage_healed":0,"gold_gain":175,"player_choice":"AGREE","damage_taken":0,"max_hp_gain":0,"max_hp_loss":0,"event_name":"Liars Game","floor":7,"gold_loss":0,"cards_obtained":["Doubt"]},{"cards_removed":["Doubt"],"damage_healed":0,"gold_gain":0,"player_choice":"Card Removal","damage_taken":7,"max_hp_gain":0,"max_hp_loss":0,"event_name":"Golden Wing","floor":10,"gold_loss":0},{"damage_healed":0,"gold_gain":0,"player_choice":"Success","damage_taken":12,"relics_obtained":["Dead Branch"],"max_hp_gain":0,"max_hp_loss":0,"event_name":"Scrap Ooze","floor":13,"gold_loss":0},{"damage_healed":0,"gold_gain":0,"player_choice":"Obtained Relic","damage_taken":0,"relics_obtained":["Omamori"],"max_hp_gain":0,"max_hp_loss":0,"event_name":"Addict","floor":19,"gold_loss":85},{"damage_healed":0,"gold_gain":0,"player_choice":"Fought Bandits","damage_taken":0,"max_hp_gain":0,"max_hp_loss":0,"event_name":"Masked Bandits","floor":22,"gold_loss":0}],"is_beta":false,"boss_relics":[{"not_picked":["Lizard Tail","Snecko Eye"],"picked":"WristBlade"}],"items_purged_floors":[21],"is_endless":false,"potions_floor_spawned":[4,14,16,18],"killed_by":"Gremlin Leader","ascension_level":4}