{"gold_per_floor":[13,13,29,41,61,61,61,117,117,117,117,143,157,185,185,185],"floor_reached":16,"playtime":999,"items_purged":[],"score":140,"play_id":"bf848b79-0b85-4997-97b0-c52207865a7b","local_time":"20190801112252","is_ascension_mode":true,"campfire_choices":[{"floor":6,"key":"REST"},{"floor":10,"key":"REST"},{"data":"Double Tap","floor":15,"key":"SMITH"}],"neow_cost":"NO_GOLD","seed_source_timestamp":268051144642690,"circlet_count":0,"master_deck":["Strike_R","Strike_R","Strike_R","Strike_R","Defend_R","Defend_R","Defend_R","Defend_R","Bash","Double Tap+1","Cleave","Inflame","True Grit","Headbutt","Pommel Strike","Flex","Battle Trance","Exhume"],"relics":["Burning Blood","Blue Candle","Meat on the Bone","Omamori","Bronze Scales"],"potions_floor_usage":[8,14,16],"damage_taken":[{"damage":13,"enemies":"Jaw Worm","floor":1,"turns":4},{"damage":6,"enemies":"Cultist","floor":3,"turns":3},{"damage":15,"enemies":"Small Slimes","floor":4,"turns":4},{"damage":24,"enemies":"Looter","floor":5,"turns":4},{"damage":66,"enemies":"Lagavulin Event","floor":8,"turns":7},{"damage":11,"enemies":"3 Louse","floor":13,"turns":6},{"damage":40,"enemies":"3 Sentries","floor":14,"turns":7},{"damage":59,"enemies":"Hexaghost","floor":16,"turns":9}],"seed_played":"-4416170486819493895","potions_obtained":[{"floor":5,"key":"BloodPotion"},{"floor":8,"key":"Poison Potion"},{"floor":13,"key":"BloodPotion"}],"is_trial":false,"path_per_floor":["M","?","M","M","M","R","?","?","T","R","?","T","M","E","R","B"],"character_chosen":"IRONCLAD","items_purchased":[],"campfire_rested":2,"item_purchase_floors":[],"current_hp_per_floor":[65,65,65,56,38,62,67,28,28,53,53,53,60,59,59,0],"gold":185,"neow_bonus":"THREE_RARE_CARDS","is_prod":false,"is_daily":false,"chose_seed":false,"campfire_upgraded":1,"win_rate":0,"timestamp":1564654972,"path_taken":["M","?","M","M","?","R","?","?","T","R","?","?","M","E","R","BOSS"],"build_version":"2019-07-05","purchased_purges":0,"victory":false,"max_hp_per_floor":[80,80,80,80,80,80,85,85,85,85,85,85,85,85,85,85],"card_choices":[{"not_picked":["Immolate","Bludgeon"],"picked":"Double Tap","floor":0},{"not_picked":["Perfected Strike","Clothesline"],"picked":"Cleave","floor":1},{"not_picked":["Armaments","Wild Strike"],"picked":"True Grit","floor":3},{"not_picked":["Clothesline","Clash"],"picked":"Headbutt","floor":4},{"not_picked":["Clothesline","Havoc"],"picked":"Pommel Strike","floor":5},{"not_picked":["Anger","Body Slam"],"picked":"Flex","floor":8},{"not_picked":["Pommel Strike","Sever Soul"],"picked":"Battle Trance","floor":13},{"not_picked":["Flex","Clothesline"],"picked":"Exhume","floor":14}],"player_experience":168393,"relics_obtained":[{"floor":8,"key":"Blue Candle"},{"floor":9,"key":"Meat on the Bone"},{"floor":12,"key":"Omamori"},{"floor":14,"key":"Bronze Scales"}],"event_choices":[{"damage_healed":0,"gold_gain":0,"cards_transformed":["Strike_R"],"player_choice":"Transformed","damage_taken":0,"max_hp_gain":0,"max_hp_loss":0,"event_name":"Transmorgrifier","floor":2,"gold_loss":0,"cards_obtained":["Inflame"]},{"damage_healed":0,"gold_gain":0,"player_choice":"Donut","damage_taken":0,"max_hp_gain":5,"max_hp_loss":0,"event_name":"Big Fish","floor":7,"gold_loss":0},{"damage_healed":0,"gold_gain":0,"player_choice":"Searched \u00272\u0027 times","damage_taken":0,"max_hp_gain":0,"max_hp_loss":0,"event_name":"Dead Adventurer","floor":8,"gold_loss":0},{"damage_healed":0,"gold_gain":0,"player_choice":"Ignored","damage_taken":0,"max_hp_gain":0,"max_hp_loss":0,"event_name":"Golden Wing","floor":11,"gold_loss":0}],"is_beta":false,"boss_relics":[],"items_purged_floors":[],"is_endless":false,"potions_floor_spawned":[5,8,13],"killed_by":"Hexaghost","ascension_level":8}