{"gold_per_floor":[118,133,151,151,163,198,209,225,249,47,81,31,31,46,46,141,141,152,172,192,192,202,202,228,228,228,228,228,228,327,358,358,463,463,481,491,341,341,1340,1340,1367,930,930,930],"floor_reached":44,"playtime":2713,"items_purged":["Regret","Normality"],"score":662,"play_id":"41e3f94e-71d8-402a-bf56-6650ebbcd56a","local_time":"20190707010759","is_ascension_mode":true,"campfire_choices":[{"floor":13,"key":"REST"},{"data":"Armaments","floor":15,"key":"SMITH"},{"floor":23,"key":"REST"},{"floor":25,"key":"REST"},{"data":"Double Tap","floor":27,"key":"SMITH"},{"floor":32,"key":"REST"},{"floor":40,"key":"REST"}],"neow_cost":"NONE","seed_source_timestamp":776151077201556,"circlet_count":0,"master_deck":["Strike_R","Strike_R","Strike_R+1","Strike_R","Strike_R","Defend_R","Defend_R","Defend_R","Bash","Armaments+1","Anger","Anger","Anger","Clash","Bludgeon","Rampage","Berserk","Armaments","Double Tap+1","Flex","Dropkick","Spot Weakness","Heavy Blade","Shrug It Off","Shrug It Off+1","Armaments+1","Flex+1","Perfected Strike","Pommel Strike","Pommel Strike","Reaper","Pain","Pain","Flex+1","Cleave+1","Inflame","Normality","Bludgeon+1","Spot Weakness"],"relics":["Burning Blood","PreservedInsect","Anchor","Brimstone","Bronze Scales","Orrery","Blood Vial","Darkstone Periapt","Centennial Puzzle","Calling Bell","Strawberry","Shuriken","Nunchaku","Ice Cream","Blue Candle","Whetstone"],"potions_floor_usage":[19,31,33,33,44,44],"damage_taken":[{"damage":6,"enemies":"Cultist","floor":1,"turns":4},{"damage":7,"enemies":"Jaw Worm","floor":2,"turns":3},{"damage":13,"enemies":"Small Slimes","floor":3,"turns":3},{"damage":6,"enemies":"3 Louse","floor":5,"turns":4},{"damage":21,"enemies":"3 Sentries","floor":6,"turns":7},{"damage":15,"enemies":"Large Slime","floor":7,"turns":5},{"damage":6,"enemies":"2 Fungi Beasts","floor":8,"turns":3},{"damage":0,"enemies":"Gremlin Nob","floor":11,"turns":2},{"damage":4,"enemies":"Exordium Wildlife","floor":14,"turns":3},{"damage":59,"enemies":"The Guardian","floor":16,"turns":6},{"damage":26,"enemies":"Shell Parasite","floor":18,"turns":4},{"damage":8,"enemies":"Spheric Guardian","floor":19,"turns":3},{"damage":18,"enemies":"Shelled Parasite and Fungi","floor":20,"turns":3},{"damage":13,"enemies":"3 Cultists","floor":22,"turns":4},{"damage":16,"enemies":"Slavers","floor":24,"turns":3},{"damage":17,"enemies":"Gremlin Leader","floor":31,"turns":3},{"damage":71,"enemies":"Automaton","floor":33,"turns":6},{"damage":31,"enemies":"Orb Walker","floor":35,"turns":4},{"damage":32,"enemies":"3 Darklings","floor":36,"turns":4},{"damage":103,"enemies":"Giant Head","floor":41,"turns":7},{"damage":60,"enemies":"Jaw Worm Horde","floor":44,"turns":3}],"seed_played":"-7552267791727421363","potions_obtained":[{"floor":5,"key":"Explosive Potion"},{"floor":6,"key":"Swift Potion"},{"floor":7,"key":"Fire Potion"},{"floor":22,"key":"EssenceOfSteel"},{"floor":33,"key":"LiquidBronze"},{"floor":41,"key":"Regen Potion"}],"is_trial":false,"path_per_floor":["M","M","M","?","M","E","M","M","T","$","E","?","R","M","R","B",null,"M","M","M","$","M","R","E","R","T","R","?","?","?","E","R","B",null,"M","M","$","?","?","R","E","$","T","M"],"character_chosen":"IRONCLAD","items_purchased":["Brimstone","Inflame","Blue Candle","Spot Weakness"],"campfire_rested":5,"item_purchase_floors":[10,37,42,42],"current_hp_per_floor":[80,79,72,72,72,57,48,48,48,48,54,54,78,80,80,27,80,60,58,46,46,39,63,53,77,77,77,61,61,61,52,76,13,105,82,58,58,58,70,103,20,20,20,0],"gold":930,"neow_bonus":"THREE_CARDS","is_prod":false,"is_daily":false,"chose_seed":false,"campfire_upgraded":2,"win_rate":0,"timestamp":1562458079,"path_taken":["M","?","M","?","?","E","M","M","T","$","E","?","R","M","R","BOSS","M","M","M","$","M","R","E","R","T","R","?","?","?","E","R","BOSS","M","M","$","?","?","R","E","?","T","M"],"build_version":"2019-07-05","purchased_purges":2,"victory":false,"max_hp_per_floor":[80,80,80,80,80,80,80,80,80,80,80,80,80,80,80,80,80,80,80,80,80,80,80,80,80,80,80,80,80,80,80,80,80,105,105,105,105,100,112,112,112,112,112,112],"card_choices":[{"not_picked":["Anger","True Grit"],"picked":"Armaments","floor":0},{"not_picked":["Sword Boomerang","Perfected Strike"],"picked":"Anger","floor":1},{"not_picked":["True Grit","Flame Barrier","Entrench"],"picked":"SKIP","floor":2},{"not_picked":["Havoc","Battle Trance"],"picked":"Anger","floor":3},{"not_picked":["Twin Strike","True Grit"],"picked":"Anger","floor":5},{"not_picked":["Dropkick","Sword Boomerang"],"picked":"Clash","floor":6},{"not_picked":["Anger","Twin Strike"],"picked":"Bludgeon","floor":7},{"not_picked":["Wild Strike","Clothesline"],"picked":"Rampage","floor":8},{"not_picked":["Infernal Blade","Perfected Strike"],"picked":"Berserk","floor":11},{"not_picked":["True Grit","Twin Strike"],"picked":"Armaments","floor":14},{"not_picked":["Offering","Barricade"],"picked":"Double Tap","floor":16},{"not_picked":["Perfected Strike","Rampage"],"picked":"Flex","floor":17},{"not_picked":["Flame Barrier","True Grit"],"picked":"Dropkick","floor":17},{"not_picked":["Armaments","Havoc"],"picked":"Spot Weakness","floor":17},{"not_picked":["Anger","Pommel Strike"],"picked":"Heavy Blade","floor":17},{"not_picked":["Fire Breathing","Twin Strike"],"picked":"Shrug It Off","floor":17},{"not_picked":["Searing Blow","Clash"],"picked":"Shrug It Off+1","floor":18},{"not_picked":["Pummel+1","Carnage+1"],"picked":"Armaments+1","floor":19},{"not_picked":["Armaments","Body Slam"],"picked":"Flex+1","floor":20},{"not_picked":["Uppercut","Flex"],"picked":"Perfected Strike","floor":22},{"not_picked":["Warcry","Dark Embrace"],"picked":"Pommel Strike","floor":24},{"not_picked":["Reckless Charge","Twin Strike"],"picked":"Pommel Strike","floor":31},{"not_picked":["Bludgeon","Exhume"],"picked":"Reaper","floor":33},{"not_picked":["Anger+1","Thunderclap"],"picked":"Flex+1","floor":35},{"not_picked":["Thunderclap+1","Sword Boomerang+1"],"picked":"Cleave+1","floor":36},{"not_picked":["Armaments","Clash+1"],"picked":"Bludgeon","floor":41}],"player_experience":52110,"relics_obtained":[{"floor":6,"key":"PreservedInsect"},{"floor":9,"key":"Anchor"},{"floor":11,"key":"Bronze Scales"},{"floor":24,"key":"Blood Vial"},{"floor":26,"key":"Darkstone Periapt"},{"floor":31,"key":"Centennial Puzzle"},{"floor":34,"key":"Strawberry"},{"floor":34,"key":"Shuriken"},{"floor":34,"key":"Nunchaku"},{"floor":41,"key":"Ice Cream"},{"floor":43,"key":"Whetstone"}],"event_choices":[{"damage_healed":0,"gold_gain":0,"player_choice":"Leave","damage_taken":0,"max_hp_gain":0,"max_hp_loss":0,"event_name":"FaceTrader","floor":4,"gold_loss":0},{"cards_removed":["Defend_R"],"damage_healed":0,"gold_gain":0,"player_choice":"Card Removal","damage_taken":0,"max_hp_gain":0,"max_hp_loss":0,"event_name":"The Cleric","floor":12,"gold_loss":50},{"damage_healed":0,"gold_gain":0,"player_choice":"Obtained Book","damage_taken":16,"max_hp_gain":0,"max_hp_loss":0,"event_name":"Cursed Tome","floor":28,"gold_loss":0},{"damage_healed":0,"gold_gain":0,"player_choice":"Ignored","damage_taken":0,"max_hp_gain":0,"max_hp_loss":0,"event_name":"Vampires","floor":29,"gold_loss":0},{"damage_healed":0,"gold_gain":99,"player_choice":"Stole From Cult","damage_taken":0,"max_hp_gain":0,"max_hp_loss":0,"event_name":"Nest","floor":30,"gold_loss":0},{"damage_healed":0,"gold_gain":0,"player_choice":"Max HP","damage_taken":0,"max_hp_gain":0,"max_hp_loss":5,"event_name":"Winding Halls","floor":38,"gold_loss":0},{"damage_healed":0,"gold_gain":999,"player_choice":"Gold","damage_taken":0,"max_hp_gain":0,"max_hp_loss":0,"event_name":"MindBloom","floor":39,"gold_loss":0,"cards_obtained":["Normality","Normality"]}],"is_beta":false,"boss_relics":[{"not_picked":["Black Blood","Runic Dome"],"picked":"Orrery"},{"not_picked":["Coffee Dripper","Lizard Tail"],"picked":"Calling Bell"}],"items_purged_floors":[37,42],"is_endless":false,"potions_floor_spawned":[5,6,7,8,22,24,33,41],"killed_by":"Jaw Worm Horde","ascension_level":2}