{"gold_per_floor":[10,10,10,10,29,43,43,43,96,96,140,215,215,246,246,375,375,330,330,107,24,24,24,24,24,24,24,24,24,24,24,24,24,24,24,24,24,24,24,24,24,24,24,24,24,24,24,24,24,24,24,24,24,24,24],"floor_reached":55,"playtime":1782,"items_purged":["Strike_B"],"score":686,"play_id":"6c25cc76-3b1e-4561-a615-d11ce028c86a","local_time":"20190810180246","is_ascension_mode":false,"campfire_choices":[{"floor":8.0,"key":"RECALL"},{"data":"Beam Cell","floor":10.0,"key":"SMITH"},{"floor":13.0,"key":"REST"},{"floor":15.0,"key":"REST"},{"data":"Scrape","floor":24,"key":"SMITH"},{"data":"Zap","floor":27,"key":"SMITH"},{"floor":32,"key":"REST"},{"floor":40,"key":"REST"},{"floor":42,"key":"REST"},{"data":"Madness","floor":45,"key":"SMITH"},{"floor":49,"key":"REST"},{"data":"Madness","floor":52,"key":"SMITH"}],"neow_cost":"NO_GOLD","seed_source_timestamp":0,"circlet_count":0,"master_deck":["Strike_B","Strike_B","Defend_B","Defend_B","Defend_B","Defend_B+1","Zap+1","Dualcast+1","Ball Lightning","Beam Cell+1","Go for the Eyes","Gash","All For One","Scrape+1","Fission","All For One","Beam Cell+1","Machine Learning+1","Madness+1","Madness+1","Go for the Eyes+1","Gash+1"],"special_seed":0,"relics":["Cracked Core","Nunchaku","Shuriken","Golden Idol","Dream Catcher","Tiny Chest","Regal Pillow","Juzu Bracelet","Ectoplasm","MutagenicStrength","Lantern","Pocketwatch","Frozen Egg 2","MawBank","War Paint","Runic Pyramid","Omamori","Cables","Mummified Hand"],"potions_floor_usage":[30,31,33,54],"damage_taken":[{"damage":1.0,"enemies":"Cultist","floor":1.0,"turns":3.0},{"damage":1.0,"enemies":"Jaw Worm","floor":5.0,"turns":2.0},{"damage":0.0,"enemies":"Small Slimes","floor":6.0,"turns":2.0},{"damage":43.0,"enemies":"3 Sentries","floor":11.0,"turns":7.0},{"damage":22.0,"enemies":"Gremlin Nob","floor":14.0,"turns":4.0},{"damage":44.0,"enemies":"The Guardian","floor":16.0,"turns":7.0},{"damage":10.0,"enemies":"2 Thieves","floor":18.0,"turns":3.0},{"damage":5.0,"enemies":"3 Byrds","floor":22.0,"turns":4.0},{"damage":34,"enemies":"Gremlin Leader","floor":23,"turns":5},{"damage":30,"enemies":"Book of Stabbing","floor":28,"turns":5},{"damage":0,"enemies":"Snake Plant","floor":30,"turns":2},{"damage":0,"enemies":"Centurion and Healer","floor":31,"turns":1},{"damage":12,"enemies":"Automaton","floor":33,"turns":6},{"damage":10,"enemies":"Orb Walker","floor":35,"turns":2},{"damage":20,"enemies":"3 Darklings","floor":38,"turns":4},{"damage":37,"enemies":"Sphere and 2 Shapes","floor":41,"turns":4},{"damage":0,"enemies":"Transient","floor":44,"turns":5},{"damage":35,"enemies":"3 Darklings","floor":46,"turns":4},{"damage":12,"enemies":"Writhing Mass","floor":47,"turns":4},{"damage":36,"enemies":"Donu and Deca","floor":50,"turns":3},{"damage":2,"enemies":"Shield and Spear","floor":54,"turns":2},{"damage":79,"enemies":"The Heart","floor":55,"turns":3}],"seed_played":"6292857181621020140","potions_obtained":[{"floor":1.0,"key":"Regen Potion"},{"floor":6.0,"key":"Fruit Juice"},{"floor":14.0,"key":"Swift Potion"},{"floor":23,"key":"FearPotion"},{"floor":28,"key":"Block Potion"},{"floor":30,"key":"Swift Potion"},{"floor":38,"key":"GamblersBrew"}],"is_trial":false,"path_per_floor":["M","T","?","?","M","M","?","R","T","R","E","?","R","E","R","B",null,"M","?","$","?","M","E","R","?","T","R","E","T","M","M","R","B",null,"M","T","?","M","?","R","M","R","T","M","R","M","M","?","R","B",null,"R","$","E","B"],"character_chosen":"DEFECT","items_purchased":["Scrape","Fission"],"campfire_rested":6,"item_purchase_floors":[20,20],"current_hp_per_floor":[74,74,56,56,55,60,48,48,48,48,20,9,48,26,65,21,80,70,70,70,70,65,31,31,31,31,31,1,1,1,1,40,28,80,70,70,70,50,40,79,42,80,80,80,80,45,33,33,72,36,80,80,80,78,0],"gold":24,"neow_bonus":"ONE_RARE_RELIC","is_prod":false,"is_daily":false,"chose_seed":false,"campfire_upgraded":5,"win_rate":0,"timestamp":1565452966,"path_taken":["M","?","?","?","M","M","?","R","T","R","E","?","R","E","R","BOSS","M","?","$","?","M","E","R","?","T","R","E","?","M","M","R","BOSS","M","?","?","M","?","R","M","R","T","M","R","M","M","?","R","BOSS","R","$","E","BOSS"],"build_version":"2019-07-18","purchased_purges":1,"victory":false,"max_hp_per_floor":[75,75,75,75,75,80,80,80,80,80,80,80,80,80,80,80,80,80,80,80,80,80,80,80,80,80,80,80,80,80,80,80,80,80,80,80,80,80,80,80,80,80,80,80,80,80,80,80,80,80,80,80,80,80,80],"card_choices":[{"not_picked":["Static Discharge","Cold Snap"],"picked":"Ball Lightning","floor":1.0},{"not_picked":["Hologram","Recycle"],"picked":"Beam Cell","floor":5.0},{"not_picked":["Force Field","Aggregate","Conserve Battery"],"picked":"SKIP","floor":6.0},{"not_picked":["Sweeping Beam","Barrage","BootSequence"],"picked":"SKIP","floor":11.0},{"not_picked":["Hologram","Defragment"],"picked":"Go for the Eyes","floor":13.0},{"not_picked":["Amplify","Heatsinks"],"picked":"Gash","floor":14.0},{"not_picked":["Amplify","Hyperbeam"],"picked":"All For One","floor":16.0},{"not_picked":["Heatsinks","Coolheaded","Defragment"],"picked":"SKIP","floor":18.0},{"not_picked":["Chaos","Stack","Turbo"],"picked":"SKIP","floor":22.0},{"not_picked":["Cold Snap","Leap","Barrage+1"],"picked":"SKIP","floor":23},{"not_picked":["Darkness","Compile Driver"],"picked":"All For One","floor":28},{"not_picked":["Sweeping Beam","Rebound","Stack"],"picked":"SKIP","floor":30},{"not_picked":["Redo+1","Streamline","Compile Driver+1"],"picked":"SKIP","floor":31},{"not_picked":["Doom and Gloom","Stack"],"picked":"Beam Cell+1","floor":32},{"not_picked":["Biased Cognition+1","Rainbow"],"picked":"Machine Learning+1","floor":33},{"not_picked":["Streamline","Rebound+1","White Noise"],"picked":"SKIP","floor":35},{"not_picked":["Leap","Auto Shields","Static Discharge+1"],"picked":"SKIP","floor":38},{"not_picked":["Conserve Battery+1","Steam+1"],"picked":"Go for the Eyes+1","floor":40},{"not_picked":["Turbo","BootSequence+1","Steam+1"],"picked":"SKIP","floor":41},{"not_picked":["Stack+1","Storm+1"],"picked":"Gash+1","floor":44},{"not_picked":["Rebound","Stack+1","Beam Cell"],"picked":"SKIP","floor":46},{"not_picked":["Streamline+1","Redo+1","Rebound+1"],"picked":"SKIP","floor":47},{"not_picked":["Melter","Static Discharge+1","Redo+1"],"picked":"SKIP","floor":54}],"player_experience":590929,"relics_obtained":[{"floor":2.0,"key":"Shuriken"},{"floor":9.0,"key":"Tiny Chest"},{"floor":11.0,"key":"Regal Pillow"},{"floor":14.0,"key":"Juzu Bracelet"},{"floor":23,"key":"Pocketwatch"},{"floor":28,"key":"MawBank"},{"floor":29,"key":"War Paint"},{"floor":36,"key":"Omamori"},{"floor":43,"key":"Cables"},{"floor":54,"key":"Mummified Hand"}],"event_choices":[{"damage_healed":0.0,"max_hp_gain":0.0,"max_hp_loss":0.0,"gold_gain":0.0,"event_name":"Golden Idol","player_choice":"Take Damage","floor":3.0,"gold_loss":0.0,"damage_taken":18.0,"relics_obtained":["Golden Idol"]},{"cards_removed":["Strike_B"],"damage_healed":0.0,"max_hp_gain":0.0,"max_hp_loss":0.0,"gold_gain":0.0,"event_name":"Living Wall","player_choice":"Forget","floor":4.0,"gold_loss":0.0,"damage_taken":0.0},{"damage_healed":0.0,"max_hp_gain":0.0,"max_hp_loss":0.0,"gold_gain":0.0,"event_name":"Scrap Ooze","player_choice":"Success","floor":7.0,"gold_loss":0.0,"damage_taken":12.0,"relics_obtained":["Dream Catcher"]},{"damage_healed":0.0,"max_hp_gain":0.0,"max_hp_loss":0.0,"gold_gain":75.0,"event_name":"World of Goop","player_choice":"Gather Gold","floor":12.0,"gold_loss":0.0,"damage_taken":11.0},{"damage_healed":0.0,"max_hp_gain":0.0,"max_hp_loss":0.0,"gold_gain":0.0,"event_name":"Drug Dealer","player_choice":"Inject Mutagens","floor":19.0,"gold_loss":0.0,"damage_taken":0.0,"relics_obtained":["MutagenicStrength"]},{"damage_healed":0.0,"max_hp_gain":0.0,"max_hp_loss":0.0,"gold_gain":0.0,"event_name":"WeMeetAgain","player_choice":"Paid Gold","floor":21.0,"gold_loss":83.0,"damage_taken":0.0,"relics_obtained":["Lantern"]},{"damage_healed":0,"gold_gain":0,"player_choice":"Opened","damage_taken":0,"relics_obtained":["Frozen Egg 2"],"max_hp_gain":0,"max_hp_loss":0,"event_name":"The Mausoleum","floor":25,"gold_loss":0,"cards_obtained":["Writhe"]},{"cards_removed":["Writhe"],"damage_healed":0,"gold_gain":0,"player_choice":"Purged","damage_taken":0,"max_hp_gain":0,"max_hp_loss":0,"event_name":"Purifier","floor":37,"gold_loss":0},{"damage_healed":0,"gold_gain":0,"player_choice":"Embrace Madness","damage_taken":10,"max_hp_gain":0,"max_hp_loss":0,"event_name":"Winding Halls","floor":39,"gold_loss":0,"cards_obtained":["Madness","Madness"]},{"damage_healed":0,"gold_gain":0,"player_choice":"Ignored","damage_taken":0,"max_hp_gain":0,"max_hp_loss":0,"event_name":"The Moai Head","floor":48,"gold_loss":0}],"is_beta":true,"boss_relics":[{"not_picked":["Busted Crown","Cursed Key"],"picked":"Ectoplasm"},{"not_picked":["Tiny House","Snecko Eye"],"picked":"Runic Pyramid"}],"items_purged_floors":[20],"is_endless":false,"potions_floor_spawned":[1,6,14,23,28,30,38],"killed_by":"The Heart","ascension_level":0}