{"gold_per_floor":[109,34,45,63,163,163,196,60,132,149,224,224,224,238,238,335,335,346,359,274,70,70,104,104,137,208,208,133,145,145,20,20,117,117,129,146,120,120,120,120,154,165,165,211,211],"floor_reached":45,"playtime":4209,"items_purged":["Strike_R","Bash","Strike_R"],"score":501,"play_id":"0613c8ad-1cf6-42da-ac55-f965e4dcab7b","local_time":"20181210211952","is_ascension_mode":true,"campfire_choices":[{"data":"Uppercut","floor":6,"key":"SMITH"},{"data":"True Grit","floor":13,"key":"SMITH"},{"data":"Sentinel","floor":15,"key":"SMITH"},{"data":"Evolve","floor":24,"key":"SMITH"},{"data":"Warcry","floor":27,"key":"SMITH"},{"data":"Heavy Blade","floor":30,"key":"SMITH"},{"data":"Spot Weakness","floor":32,"key":"SMITH"},{"data":"True Grit","floor":40,"key":"SMITH"}],"neow_cost":"NONE","seed_source_timestamp":522336187700498,"circlet_count":0,"master_deck":["Strike_R","Strike_R","Strike_R","Defend_R","Defend_R","Defend_R","Defend_R","Headbutt","Uppercut+1","Battle Trance","True Grit+1","Sentinel+1","Spot Weakness+1","Reaper","Evolve+1","Warcry+1","Heavy Blade+1","Offering","True Grit+1","Madness","Madness","Fire Breathing+1"],"relics":["Burning Blood","Blood Vial","Matryoshka","Velvet Choker","Torii","Strange Spoon","Omamori","Bag of Preparation","Meat on the Bone","Lantern","Mercury Hourglass","Mark of Pain","Question Card","Happy Flower","Letter Opener","Anchor","Thread and Needle"],"potions_floor_usage":[7,16,16,16,16,16,16,23,33,33,42,44],"damage_taken":[{"damage":3,"enemies":"Small Slimes","floor":1,"turns":3},{"damage":4,"enemies":"Cultist","floor":3,"turns":3},{"damage":0,"enemies":"2 Louse","floor":4,"turns":2},{"damage":26,"enemies":"Lagavulin","floor":7,"turns":5},{"damage":25,"enemies":"Lots of Slimes","floor":10,"turns":5},{"damage":8,"enemies":"Looter","floor":14,"turns":3},{"damage":16,"enemies":"Slime Boss","floor":16,"turns":8},{"damage":10,"enemies":"Spheric Guardian","floor":18,"turns":4},{"damage":13,"enemies":"Shell Parasite","floor":19,"turns":5},{"damage":57,"enemies":"Slavers","floor":23,"turns":9},{"damage":40,"enemies":"Gremlin Leader","floor":25,"turns":9},{"damage":34,"enemies":"Snecko","floor":29,"turns":6},{"damage":69,"enemies":"Automaton","floor":33,"turns":10},{"damage":17,"enemies":"Orb Walker","floor":35,"turns":2},{"damage":19,"enemies":"3 Darklings","floor":36,"turns":5},{"damage":57,"enemies":"Nemesis","floor":41,"turns":7},{"damage":44,"enemies":"Spire Growth","floor":42,"turns":4},{"damage":54,"enemies":"2 Orb Walkers","floor":44,"turns":5},{"damage":51,"enemies":"Giant Head","floor":45,"turns":7}],"seed_played":"8926609098823581212","potions_obtained":[{"floor":3,"key":"Poison Potion"},{"floor":7,"key":"Strength Potion"},{"floor":12,"key":"EntropicBrew"},{"floor":12,"key":"Swift Potion"},{"floor":16,"key":"FearPotion"},{"floor":25,"key":"GamblersBrew"},{"floor":29,"key":"BloodPotion"},{"floor":35,"key":"SkillPotion"},{"floor":42,"key":"Ancient Potion"}],"is_trial":false,"path_per_floor":["M","$","M","M","?","R","E","$","T","M","?","?","R","M","R","B",null,"M","M","?","$","?","E","R","E","T","R","?","M","R","$","R","B",null,"M","M","$","?","T","R","E","M","T","?","E"],"character_chosen":"IRONCLAD","items_purchased":["Sentinel","Strange Spoon","True Grit"],"campfire_rested":0,"item_purchase_floors":[8,21,37],"current_hp_per_floor":[80,80,80,80,80,80,60,60,60,43,32,32,32,32,32,24,80,76,80,80,80,80,49,49,58,58,58,58,48,48,48,48,23,80,75,73,73,63,63,63,51,47,47,25,0],"gold":211,"neow_bonus":"THREE_CARDS","is_prod":false,"is_daily":false,"chose_seed":false,"campfire_upgraded":8,"win_rate":0,"timestamp":1544501992,"path_taken":["M","$","M","M","?","R","E","$","T","?","?","?","R","M","R","BOSS","M","?","?","$","?","E","R","E","T","R","?","?","R","?","R","BOSS","M","M","$","?","?","R","E","M","T","?","E"],"build_version":"2018-12-06","purchased_purges":3,"victory":false,"max_hp_per_floor":[80,80,80,80,80,80,80,80,80,80,80,80,80,80,80,80,80,80,80,80,80,80,80,80,80,80,80,80,80,80,80,80,80,80,80,80,80,80,80,80,80,80,80,80,80],"card_choices":[{"not_picked":["Warcry","Power Through"],"picked":"Headbutt","floor":0},{"not_picked":["Warcry","Pommel Strike"],"picked":"Uppercut","floor":1},{"not_picked":["Clothesline","Wild Strike","Infernal Blade"],"picked":"SKIP","floor":3},{"not_picked":["Hemokinesis","Pommel Strike"],"picked":"Battle Trance","floor":4},{"not_picked":["Battle Trance","Spot Weakness"],"picked":"True Grit","floor":7},{"not_picked":["Armaments","Flame Barrier","Pommel Strike"],"picked":"SKIP","floor":10},{"not_picked":["Cleave","Seeing Red"],"picked":"Spot Weakness","floor":14},{"not_picked":["Feed","Immolate"],"picked":"Reaper","floor":16},{"not_picked":["Armaments","Wild Strike+1","Havoc+1"],"picked":"SKIP","floor":18},{"not_picked":["Havoc","Metallicize"],"picked":"Evolve","floor":19},{"not_picked":["Flex","Pummel+1","Rupture"],"picked":"SKIP","floor":23},{"not_picked":["Twin Strike+1","Clothesline"],"picked":"Warcry","floor":25},{"not_picked":["Blood for Blood","Flex"],"picked":"Heavy Blade","floor":29},{"not_picked":["Brutality","Double Tap"],"picked":"Offering","floor":33},{"not_picked":["Hemokinesis+1","Cleave","Shockwave"],"picked":"SKIP","floor":35},{"not_picked":["Armaments","Pommel Strike","Headbutt"],"picked":"SKIP","floor":36},{"not_picked":["Iron Wave+1","Metallicize+1","Havoc"],"picked":"Fire Breathing+1","floor":41},{"not_picked":["Burning Pact","Flame Barrier","Rupture","Armaments"],"picked":"SKIP","floor":42}],"player_experience":62051,"relics_obtained":[{"floor":7,"key":"Blood Vial"},{"floor":9,"key":"Matryoshka"},{"floor":23,"key":"Bag of Preparation"},{"floor":25,"key":"Meat on the Bone"},{"floor":26,"key":"Lantern"},{"floor":26,"key":"Mercury Hourglass"},{"floor":39,"key":"Question Card"},{"floor":39,"key":"Happy Flower"},{"floor":41,"key":"Letter Opener"},{"floor":43,"key":"Anchor"},{"floor":44,"key":"Thread and Needle"}],"event_choices":[{"damage_healed":0,"gold_gain":100,"player_choice":"Pray","damage_taken":0,"max_hp_gain":0,"max_hp_loss":0,"event_name":"Golden Shrine","floor":5,"gold_loss":0},{"damage_healed":0,"gold_gain":75,"player_choice":"Gather Gold","damage_taken":11,"max_hp_gain":0,"max_hp_loss":0,"event_name":"World of Goop","floor":11,"gold_loss":0},{"damage_healed":0,"gold_gain":0,"player_choice":"Got Potions","damage_taken":0,"max_hp_gain":0,"max_hp_loss":0,"event_name":"Lab","floor":12,"gold_loss":0},{"damage_healed":0,"gold_gain":0,"player_choice":"Obtained Relic","damage_taken":0,"relics_obtained":["Torii"],"max_hp_gain":0,"max_hp_loss":0,"event_name":"Addict","floor":20,"gold_loss":85},{"damage_healed":0,"gold_gain":0,"player_choice":"Opened","damage_taken":0,"relics_obtained":["Omamori"],"max_hp_gain":0,"max_hp_loss":0,"event_name":"The Mausoleum","floor":22,"gold_loss":0,"cards_obtained":["Writhe"]},{"cards_removed":["Writhe"],"damage_healed":0,"gold_gain":0,"player_choice":"Gave Gold","damage_taken":0,"max_hp_gain":0,"max_hp_loss":0,"event_name":"Beggar","floor":28,"gold_loss":75},{"damage_healed":0,"gold_gain":0,"player_choice":"Embrace Madness","damage_taken":10,"max_hp_gain":0,"max_hp_loss":0,"event_name":"Winding Halls","floor":38,"gold_loss":0,"cards_obtained":["Madness","Madness"]},{"damage_healed":0,"gold_gain":0,"player_choice":"Fight","damage_taken":0,"max_hp_gain":0,"max_hp_loss":0,"event_name":"Mysterious Sphere","floor":44,"gold_loss":0}],"is_beta":false,"boss_relics":[{"not_picked":["Lizard Tail","Astrolabe"],"picked":"Velvet Choker"},{"not_picked":["Black Star","Eternal Feather"],"picked":"Mark of Pain"}],"items_purged_floors":[2,8,31],"is_endless":false,"potions_floor_spawned":[3,7,16,25,29,35,42],"killed_by":"Giant Head","ascension_level":1}