{"gold_per_floor":[110,120,138,138,156,187,187,216,294,310,310,322,322,322,322,417,417,437,448,464,482,482],"floor_reached":22,"playtime":2138,"items_purged":[],"score":225,"play_id":"5b84c596-b9d7-4454-907b-29dae1443d1d","local_time":"20190704231316","is_ascension_mode":false,"campfire_choices":[{"floor":7,"key":"REST"},{"floor":13,"key":"REST"},{"data":"Anger","floor":15,"key":"SMITH"}],"neow_cost":"NONE","seed_source_timestamp":658945619253895,"circlet_count":0,"master_deck":["Strike_R","Strike_R","Strike_R","Strike_R","Strike_R","Defend_R","Defend_R","Defend_R","Defend_R","Bash","Flame Barrier","Pommel Strike","Anger+1","Shrug It Off","Heavy Blade","Blood for Blood","Heavy Blade","Power Through","Clash","Double Tap","Inflame","Clash+1","Demon Form","Heavy Blade"],"relics":["Burning Blood","Strawberry","Charon\u0027s Ashes","Oddly Smooth Stone","Letter Opener","Runic Cube"],"potions_floor_usage":[16,19,20,21,22],"damage_taken":[{"damage":3,"enemies":"Small Slimes","floor":1,"turns":3},{"damage":7,"enemies":"Jaw Worm","floor":2,"turns":3},{"damage":9,"enemies":"Cultist","floor":3,"turns":4},{"damage":5,"enemies":"Looter","floor":5,"turns":4},{"damage":38,"enemies":"Lagavulin","floor":6,"turns":8},{"damage":30,"enemies":"Gremlin Nob","floor":8,"turns":6},{"damage":9,"enemies":"2 Fungi Beasts","floor":10,"turns":3},{"damage":1,"enemies":"Blue Slaver","floor":12,"turns":5},{"damage":41,"enemies":"The Guardian","floor":16,"turns":11},{"damage":44,"enemies":"2 Thieves","floor":18,"turns":5},{"damage":20,"enemies":"3 Byrds","floor":19,"turns":5},{"damage":27,"enemies":"Snake Plant","floor":20,"turns":5},{"damage":38,"enemies":"Sentry and Sphere","floor":21,"turns":6},{"damage":43,"enemies":"Masked Bandits","floor":22,"turns":3}],"seed_played":"-402626129846472815","potions_obtained":[{"floor":1,"key":"SkillPotion"},{"floor":3,"key":"Ancient Potion"},{"floor":10,"key":"BloodPotion"},{"floor":18,"key":"Weak Potion"},{"floor":20,"key":"BloodPotion"}],"is_trial":false,"path_per_floor":["M","M","M","?","M","E","R","E","T","M","?","M","R","?","R","B",null,"M","M","M","M","?"],"character_chosen":"IRONCLAD","items_purchased":[],"campfire_rested":2,"item_purchase_floors":[],"current_hp_per_floor":[88,87,84,84,85,53,81,57,57,54,54,59,87,87,87,52,95,57,66,45,36,0],"gold":482,"neow_bonus":"TEN_PERCENT_HP_BONUS","is_prod":false,"is_daily":false,"chose_seed":false,"campfire_upgraded":1,"win_rate":0.0,"timestamp":1562278396,"path_taken":["M","M","M","?","M","E","R","E","T","M","?","M","R","?","R","BOSS","M","M","M","?","?"],"build_version":"2019-07-01","purchased_purges":0,"victory":false,"max_hp_per_floor":[88,88,88,95,95,95,95,95,95,95,95,95,95,95,95,95,95,95,95,95,95,95],"card_choices":[{"not_picked":["Combust","Warcry"],"picked":"Flame Barrier","floor":1},{"not_picked":["Clothesline","Iron Wave"],"picked":"Pommel Strike","floor":2},{"not_picked":["Shockwave","Fire Breathing"],"picked":"Anger","floor":3},{"not_picked":["Warcry","Entrench"],"picked":"Shrug It Off","floor":5},{"not_picked":["Anger","Sword Boomerang"],"picked":"Heavy Blade","floor":6},{"not_picked":["Flex","Dual Wield"],"picked":"Fire Breathing","floor":8},{"not_picked":["Whirlwind","Rage"],"picked":"Blood for Blood","floor":10},{"not_picked":["Headbutt","Shrug It Off"],"picked":"Heavy Blade","floor":12},{"not_picked":["Fiend Fire","Feed"],"picked":"Double Tap","floor":16},{"not_picked":["Shrug It Off+1","Spot Weakness+1"],"picked":"Inflame","floor":18},{"not_picked":["Pommel Strike","Body Slam+1"],"picked":"Clash+1","floor":19},{"not_picked":["Twin Strike","Anger"],"picked":"Demon Form","floor":20},{"not_picked":["Warcry","Whirlwind"],"picked":"Heavy Blade","floor":21}],"player_experience":11077,"relics_obtained":[{"floor":6,"key":"Charon\u0027s Ashes"},{"floor":8,"key":"Oddly Smooth Stone"},{"floor":9,"key":"Letter Opener"}],"event_choices":[{"damage_healed":0,"gold_gain":0,"player_choice":"Success","damage_taken":7,"relics_obtained":["Strawberry"],"max_hp_gain":0,"max_hp_loss":0,"event_name":"Scrap Ooze","floor":4,"gold_loss":0},{"cards_removed":["Fire Breathing"],"damage_healed":0,"gold_gain":0,"player_choice":"Forget","damage_taken":0,"max_hp_gain":0,"max_hp_loss":0,"event_name":"Living Wall","floor":11,"gold_loss":0},{"damage_healed":0,"gold_gain":0,"player_choice":"2 cards matched","damage_taken":0,"max_hp_gain":0,"max_hp_loss":0,"event_name":"Match and Keep!","floor":14,"gold_loss":0,"cards_obtained":["Power Through","Clash"]},{"damage_healed":0,"gold_gain":0,"player_choice":"Fought Bandits","damage_taken":0,"max_hp_gain":0,"max_hp_loss":0,"event_name":"Masked Bandits","floor":22,"gold_loss":0}],"is_beta":false,"boss_relics":[{"not_picked":["Ectoplasm","Coffee Dripper"],"picked":"Runic Cube"}],"items_purged_floors":[],"is_endless":false,"potions_floor_spawned":[1,3,10,18,20],"killed_by":"Masked Bandits","ascension_level":0}