{"gold_per_floor":[14,14,30,46,71,110,110,128,128,128,128,27,45,61,61,185,185,208,231,38,38,58,58,58,58,138,151,172,196,196,229,229,229],"floor_reached":33,"playtime":3595,"items_purged":["Parasite"],"score":271,"play_id":"17045a3c-72d5-44d2-8539-8be3084ee03a","local_time":"20190804193142","is_ascension_mode":false,"campfire_choices":[{"data":"Offering","floor":7,"key":"SMITH"},{"data":"Pummel","floor":15,"key":"SMITH"},{"floor":23,"key":"REST"},{"floor":25,"key":"REST"},{"floor":30,"key":"REST"},{"floor":32,"key":"REST"}],"neow_cost":"NO_GOLD","seed_source_timestamp":2073138896057840,"circlet_count":0,"master_deck":["Strike_R","Strike_R","Strike_R","Strike_R","Strike_R","Defend_R","Defend_R","Defend_R","Defend_R","Bash","Headbutt","Twin Strike","Anger","Shrug It Off","Offering+1","Sever Soul","Headbutt","Pummel+1","Anger","Berserk","Clash+1","Headbutt","Body Slam","Panache","RitualDagger","Twin Strike","Searing Blow","Twin Strike+1","Iron Wave","Rupture"],"relics":["Burning Blood","Golden Idol","Bottled Lightning","Magic Flower","Philosopher\u0027s Stone","Pantograph","Self Forming Clay"],"potions_floor_usage":[6,14,22,27,28,28,33,33,33],"damage_taken":[{"damage":3,"enemies":"Small Slimes","floor":1,"turns":3},{"damage":6,"enemies":"Jaw Worm","floor":3,"turns":4},{"damage":3,"enemies":"2 Louse","floor":4,"turns":3},{"damage":4,"enemies":"Blue Slaver","floor":5,"turns":4},{"damage":27,"enemies":"3 Sentries","floor":6,"turns":9},{"damage":7,"enemies":"Looter","floor":8,"turns":4},{"damage":6,"enemies":"Large Slime","floor":13,"turns":3},{"damage":21,"enemies":"Gremlin Gang","floor":14,"turns":4},{"damage":74,"enemies":"Slime Boss","floor":16,"turns":12},{"damage":6,"enemies":"Chosen","floor":18,"turns":3},{"damage":41,"enemies":"Spheric Guardian","floor":19,"turns":4},{"damage":39,"enemies":"Centurion and Healer","floor":22,"turns":4},{"damage":17,"enemies":"Shelled Parasite and Fungi","floor":27,"turns":3},{"damage":15,"enemies":"Snecko","floor":28,"turns":3},{"damage":16,"enemies":"Centurion and Healer","floor":29,"turns":4},{"damage":50,"enemies":"Book of Stabbing","floor":31,"turns":4},{"damage":95,"enemies":"Collector","floor":33,"turns":7}],"seed_played":"-2721957269828339432","potions_obtained":[{"floor":1,"key":"Swift Potion"},{"floor":3,"key":"Poison Potion"},{"floor":6,"key":"LiquidBronze"},{"floor":16,"key":"Dexterity Potion"},{"floor":22,"key":"GamblersBrew"},{"floor":24,"key":"Swift Potion"},{"floor":24,"key":"Block Potion"},{"floor":28,"key":"Dexterity Potion"},{"floor":29,"key":"Swift Potion"},{"floor":31,"key":"AttackPotion"}],"is_trial":false,"path_per_floor":["M","?","M","M","M","E","R","M","T","?","?","$","M","M","R","B",null,"M","M","$","?","M","R","?","R","T","M","M","M","R","E","R","B"],"character_chosen":"IRONCLAD","items_purchased":["Headbutt","Body Slam","Panache"],"campfire_rested":4,"item_purchase_floors":[12,20,20],"current_hp_per_floor":[96,96,96,96,96,75,75,74,74,67,91,91,93,81,81,16,93,93,61,61,55,25,52,52,79,79,71,65,58,85,44,71,0],"gold":229,"neow_bonus":"TWENTY_PERCENT_HP_BONUS","is_prod":false,"is_daily":false,"chose_seed":false,"campfire_upgraded":2,"win_rate":0.0,"timestamp":1564965102,"path_taken":["M","?","M","M","M","E","R","M","T","?","?","?","M","M","R","BOSS","M","M","$","?","M","R","?","R","T","?","M","M","R","E","R","BOSS"],"build_version":"2019-07-17","purchased_purges":1,"victory":false,"max_hp_per_floor":[96,96,96,96,96,96,96,96,96,96,96,93,93,93,93,93,93,93,93,93,93,93,93,93,93,93,93,93,93,93,93,93,93],"card_choices":[{"not_picked":["Corruption","Sword Boomerang"],"picked":"Headbutt","floor":1},{"not_picked":["Sword Boomerang","True Grit"],"picked":"Twin Strike","floor":3},{"not_picked":["Body Slam","Intimidate"],"picked":"Anger","floor":4},{"not_picked":["Body Slam","Intimidate"],"picked":"Shrug It Off","floor":5},{"not_picked":["Combust","Shrug It Off"],"picked":"Offering","floor":6},{"not_picked":["Twin Strike","Warcry"],"picked":"Sever Soul","floor":8},{"not_picked":["Flex","Sword Boomerang"],"picked":"Pummel","floor":13},{"not_picked":["Flame Barrier","Second Wind"],"picked":"Anger","floor":14},{"not_picked":["Juggernaut","Bludgeon"],"picked":"Berserk","floor":16},{"not_picked":["Pommel Strike","Anger"],"picked":"Clash+1","floor":18},{"not_picked":["Perfected Strike","Spot Weakness"],"picked":"Headbutt","floor":19},{"not_picked":["Shockwave","Corruption"],"picked":"Twin Strike","floor":22},{"not_picked":["Bloodletting","Corruption"],"picked":"Searing Blow","floor":27},{"not_picked":["Shrug It Off","Metallicize"],"picked":"Twin Strike+1","floor":28},{"not_picked":["Flame Barrier","Shockwave+1"],"picked":"Iron Wave","floor":29},{"not_picked":["Dark Embrace","Whirlwind"],"picked":"Rupture","floor":31}],"player_experience":20497,"relics_obtained":[{"floor":6,"key":"Bottled Lightning"},{"floor":9,"key":"Magic Flower"},{"floor":26,"key":"Pantograph"},{"floor":31,"key":"Self Forming Clay"}],"event_choices":[{"damage_healed":0,"gold_gain":0,"player_choice":"Take Wound","damage_taken":0,"relics_obtained":["Golden Idol"],"max_hp_gain":0,"max_hp_loss":0,"event_name":"Golden Idol","floor":2,"gold_loss":0,"cards_obtained":["Injury"]},{"cards_removed":["Injury"],"damage_healed":0,"gold_gain":0,"player_choice":"Card Removal","damage_taken":7,"max_hp_gain":0,"max_hp_loss":0,"event_name":"Golden Wing","floor":10,"gold_loss":0},{"damage_healed":24,"gold_gain":0,"player_choice":"Healed and dodged fight","damage_taken":0,"max_hp_gain":0,"max_hp_loss":0,"event_name":"Mushrooms","floor":11,"gold_loss":0,"cards_obtained":["Parasite"]},{"damage_healed":0,"gold_gain":0,"player_choice":"Joined the Cult","damage_taken":6,"max_hp_gain":0,"max_hp_loss":0,"event_name":"Nest","floor":21,"gold_loss":0,"cards_obtained":["RitualDagger"]},{"damage_healed":0,"gold_gain":0,"player_choice":"Got Potions","damage_taken":0,"max_hp_gain":0,"max_hp_loss":0,"event_name":"Lab","floor":24,"gold_loss":0}],"is_beta":false,"boss_relics":[{"not_picked":["Tiny House","Black Blood"],"picked":"Philosopher\u0027s Stone"}],"items_purged_floors":[12],"is_endless":false,"potions_floor_spawned":[1,3,6,16,22,28,29,31],"killed_by":"Collector","ascension_level":0}