{"gold_per_floor":[114,114,138,158,174,215,215,315,615,659,672,690,704,728,728,857,920,935,70,53,53],"floor_reached":21,"playtime":2106,"items_purged":["Strike_R"],"score":195,"play_id":"538219bd-1295-4f6c-bb2a-824af5ffdd9b","local_time":"20190813174234","is_ascension_mode":false,"campfire_choices":[{"data":"Searing Blow","floor":7,"key":"SMITH"},{"data":"Armaments","floor":15,"key":"SMITH"}],"neow_cost":"NONE","seed_source_timestamp":172393792302300,"circlet_count":0,"master_deck":["Strike_R","Strike_R","Strike_R","Strike_R","Defend_R","Defend_R","Defend_R","Defend_R","Bash","Iron Wave","Body Slam","Rage","Searing Blow+1","Iron Wave","Armaments+1","Rage","Seeing Red+1","Armaments","Armaments","Flex","Demon Form","Spot Weakness","True Grit+1","Finesse","Limit Break","Metallicize","Secret Technique","Entrench","Twin Strike","Barricade"],"relics":["Burning Blood","Golden Idol","Ornamental Fan","Old Coin","Magic Flower","Tiny House","Membership Card","Girya","Bottled Flame"],"potions_floor_usage":[14,16,21],"damage_taken":[{"damage":1,"enemies":"2 Louse","floor":1,"turns":3},{"damage":0,"enemies":"Small Slimes","floor":3,"turns":4},{"damage":0,"enemies":"Cultist","floor":4,"turns":4},{"damage":5,"enemies":"Looter","floor":5,"turns":3},{"damage":25,"enemies":"3 Sentries","floor":6,"turns":10},{"damage":35,"enemies":"Lagavulin","floor":10,"turns":9},{"damage":3,"enemies":"3 Louse","floor":11,"turns":4},{"damage":7,"enemies":"2 Fungi Beasts","floor":12,"turns":4},{"damage":6,"enemies":"Looter","floor":13,"turns":4},{"damage":2,"enemies":"Blue Slaver","floor":14,"turns":4},{"damage":104,"enemies":"Hexaghost","floor":16,"turns":18},{"damage":61,"enemies":"3 Byrds","floor":18,"turns":7},{"damage":9,"enemies":"2 Thieves","floor":20,"turns":4},{"damage":63,"enemies":"Chosen and Byrds","floor":21,"turns":13}],"seed_played":"1323941197962235014","potions_obtained":[{"floor":1,"key":"BloodPotion"},{"floor":6,"key":"GamblersBrew"},{"floor":11,"key":"FairyPotion"},{"floor":12,"key":"AttackPotion"},{"floor":13,"key":"BloodPotion"},{"floor":17,"key":"AttackPotion"},{"floor":18,"key":"FairyPotion"}],"is_trial":false,"path_per_floor":["M","?","M","M","M","E","R","?","T","E","M","M","M","M","R","B",null,"M","$","M","M"],"character_chosen":"IRONCLAD","items_purchased":["Membership Card","Girya","Finesse","Limit Break","Metallicize","Secret Technique","Entrench","Bottled Flame","Twin Strike"],"campfire_rested":0,"item_purchase_floors":[19,19,19,19,19,19,19,19,19],"current_hp_per_floor":[80,60,66,72,73,54,54,54,54,25,31,33,36,73,73,20,85,33,33,33,0],"gold":53,"neow_bonus":"THREE_CARDS","is_prod":false,"is_daily":false,"chose_seed":false,"campfire_upgraded":2,"win_rate":0.0,"timestamp":1565732554,"path_taken":["M","?","M","M","M","E","R","?","T","E","M","M","M","M","R","BOSS","M","$","M","?"],"build_version":"2019-07-17","purchased_purges":1,"victory":false,"max_hp_per_floor":[80,80,80,80,80,80,80,80,80,80,80,80,80,80,80,80,85,85,85,85,85],"card_choices":[{"not_picked":["True Grit","Flex"],"picked":"Iron Wave","floor":0},{"not_picked":["Disarm","True Grit"],"picked":"Body Slam","floor":1},{"not_picked":["Reckless Charge","Headbutt"],"picked":"Rage","floor":3},{"not_picked":["Twin Strike","Disarm"],"picked":"Searing Blow","floor":4},{"not_picked":["Burning Pact","Headbutt"],"picked":"Iron Wave","floor":5},{"not_picked":["Perfected Strike","Bludgeon"],"picked":"Armaments","floor":6},{"not_picked":["Cleave","Combust"],"picked":"Rage","floor":10},{"not_picked":["Combust","Disarm"],"picked":"Seeing Red","floor":11},{"not_picked":["Heavy Blade","Flex"],"picked":"Armaments","floor":12},{"not_picked":["Cleave","True Grit"],"picked":"Armaments","floor":13},{"not_picked":["Hemokinesis","Twin Strike"],"picked":"Flex","floor":14},{"not_picked":["Feed","Impervious"],"picked":"Demon Form","floor":16},{"not_picked":["Perfected Strike","Twin Strike"],"picked":"Spot Weakness","floor":17},{"not_picked":["Twin Strike","Armaments"],"picked":"True Grit+1","floor":18},{"not_picked":["Thunderclap","Iron Wave"],"picked":"Barricade","floor":20}],"player_experience":24725,"relics_obtained":[{"floor":6,"key":"Ornamental Fan"},{"floor":9,"key":"Old Coin"},{"floor":10,"key":"Magic Flower"}],"event_choices":[{"damage_healed":0,"gold_gain":0,"player_choice":"Take Damage","damage_taken":20,"relics_obtained":["Golden Idol"],"max_hp_gain":0,"max_hp_loss":0,"event_name":"Golden Idol","floor":2,"gold_loss":0},{"damage_healed":0,"gold_gain":100,"player_choice":"Gold","damage_taken":0,"max_hp_gain":0,"max_hp_loss":0,"event_name":"Wheel of Change","floor":8,"gold_loss":0}],"is_beta":false,"boss_relics":[{"not_picked":["Orrery","Lizard Tail"],"picked":"Tiny House"}],"items_purged_floors":[19],"is_endless":false,"potions_floor_spawned":[1,6,11,12,13,18],"killed_by":"Chosen and Byrds","ascension_level":0}