{"gold_per_floor":[117,128,142,160,179,214,214,231,256,283,309,348,360,386,398,511,523,547,759,783,814,841,885,897,923,960,514,514,514,534,563,563,660,660,678,697,717,14,14,26,58,58,83,103,114,142,142,161,161,161],"floor_reached":51,"playtime":8073,"items_purged":[],"score":869,"play_id":"5d142f23-7b44-4b99-b719-56f9adc6e243","local_time":"20190808175407","is_ascension_mode":false,"campfire_choices":[{"floor":7.0,"key":"REST"},{"floor":15.0,"key":"REST"},{"floor":24.0,"key":"REST"},{"floor":28.0,"key":"REST"},{"floor":32.0,"key":"REST"},{"floor":42.0,"key":"REST"},{"data":"1","floor":47,"key":"LIFT"},{"floor":49,"key":"REST"}],"neow_cost":"NONE","seed_source_timestamp":2407948739672514,"circlet_count":0,"master_deck":["Strike_B","Strike_B","Strike_B","Strike_B+1","Defend_B","Defend_B+1","Defend_B","Defend_B","Zap+1","Dualcast","Conserve Battery","Rebound","Loop","Glacier","Glacier","Capacitor","Electrodynamics","Rebound","Storm","Seek","Genetic Algorithm","Chill","Compile Driver","Creative AI","Conserve Battery+1","Skim","Leap+1","Hello World","Buffer","Fusion+1","Coolheaded+1","Self Repair","Seek","Coolheaded","Melter+1","Heatsinks","Echo Form","Compile Driver","Creative AI","Hologram","Hologram+1","Blizzard+1","FTL","Self Repair","Conserve Battery","Ball Lightning","Finesse","Conserve Battery+1","Double Energy+1","Stack","FTL","Hello World","Reinforced Body","Aggregate+1","Coolheaded"],"special_seed":0,"relics":["Black Star","Omamori","Dream Catcher","MawBank","Bronze Scales","War Paint","Fusion Hammer","Smiling Mask","Dodecahedron","Boot","MealTicket","Girya","Ancient Tea Set","Lizard Tail","Gremlin Horn","ClockworkSouvenir","PreservedInsect","Whetstone","Blood Vial","Kunai","Pear"],"potions_floor_usage":[45,50,50],"damage_taken":[{"damage":4.0,"enemies":"2 Louse","floor":1.0,"turns":3.0},{"damage":1.0,"enemies":"Cultist","floor":2.0,"turns":4.0},{"damage":0.0,"enemies":"Small Slimes","floor":3.0,"turns":2.0},{"damage":0.0,"enemies":"2 Fungi Beasts","floor":4.0,"turns":3.0},{"damage":0.0,"enemies":"Blue Slaver","floor":5.0,"turns":5.0},{"damage":21.0,"enemies":"Gremlin Nob","floor":6.0,"turns":8.0},{"damage":10.0,"enemies":"Lots of Slimes","floor":8.0,"turns":3.0},{"damage":2.0,"enemies":"Exordium Thugs","floor":10.0,"turns":6.0},{"damage":0.0,"enemies":"Blue Slaver","floor":11.0,"turns":4.0},{"damage":14.0,"enemies":"Lagavulin","floor":12.0,"turns":8.0},{"damage":0.0,"enemies":"Large Slime","floor":14.0,"turns":4.0},{"damage":19.0,"enemies":"Hexaghost","floor":16.0,"turns":9.0},{"damage":0.0,"enemies":"3 Byrds","floor":18.0,"turns":3.0},{"damage":2.0,"enemies":"Chosen","floor":20.0,"turns":5.0},{"damage":0.0,"enemies":"Snecko","floor":21.0,"turns":5.0},{"damage":0.0,"enemies":"Sentry and Sphere","floor":22.0,"turns":8.0},{"damage":8.0,"enemies":"Slavers","floor":23.0,"turns":5.0},{"damage":0.0,"enemies":"Cultist and Chosen","floor":25.0,"turns":4.0},{"damage":0.0,"enemies":"Shelled Parasite and Fungi","floor":30.0,"turns":6.0},{"damage":9.0,"enemies":"Gremlin Leader","floor":31.0,"turns":5.0},{"damage":20.0,"enemies":"Automaton","floor":33.0,"turns":7.0},{"damage":0.0,"enemies":"Orb Walker","floor":35.0,"turns":4.0},{"damage":14.0,"enemies":"3 Shapes","floor":36.0,"turns":6.0},{"damage":54.0,"enemies":"Transient","floor":37.0,"turns":5.0},{"damage":10.0,"enemies":"Spire Growth","floor":40.0,"turns":9.0},{"damage":1.0,"enemies":"Nemesis","floor":41.0,"turns":8.0},{"damage":0.0,"enemies":"4 Shapes","floor":44.0,"turns":6.0},{"damage":1,"enemies":"Jaw Worm Horde","floor":45,"turns":5},{"damage":11,"enemies":"Giant Head","floor":46,"turns":11},{"damage":16,"enemies":"Transient","floor":48,"turns":5},{"damage":0,"enemies":"Donu and Deca","floor":50,"turns":9}],"seed_played":"3716003974887100692","potions_obtained":[{"floor":1.0,"key":"Block Potion"},{"floor":4.0,"key":"Swift Potion"},{"floor":5.0,"key":"Block Potion"},{"floor":8.0,"key":"SkillPotion"},{"floor":12.0,"key":"LiquidBronze"},{"floor":14.0,"key":"FocusPotion"},{"floor":20.0,"key":"AttackPotion"},{"floor":21.0,"key":"Poison Potion"},{"floor":23.0,"key":"Dexterity Potion"},{"floor":25.0,"key":"Block Potion"},{"floor":31.0,"key":"Poison Potion"},{"floor":37.0,"key":"AttackPotion"},{"floor":40.0,"key":"Explosive Potion"},{"floor":45,"key":"Ancient Potion"},{"floor":48,"key":"PowerPotion"}],"is_trial":false,"path_per_floor":["M","M","M","M","M","E","R","M","T","M","M","E","?","M","R","B",null,"M","?","M","M","M","E","R","M","T","$","R","?","M","E","R","B",null,"M","M","M","$","?","M","E","R","T","M","M","E","R","M","R","B",null],"character_chosen":"DEFECT","items_purchased":["Self Repair","MealTicket","Seek","Coolheaded","Gremlin Horn","ClockworkSouvenir","FTL","Self Repair","Conserve Battery","Fire Potion","Ball Lightning"],"campfire_rested":7,"item_purchase_floors":[27,27,27,27,38,38,38,38,38,38,38],"current_hp_per_floor":[71,70,70,70,70,49,71,61,61,59,59,45,45,45,67,48,75,75,75,73,73,73,65,75,75,75,75,75,75,75,73,75,55,75,75,75,28,43,43,47,67,75,75,75,75,85,85,76,85,85],"gold":161,"neow_bonus":"BOSS_RELIC","is_prod":false,"is_daily":false,"chose_seed":false,"campfire_upgraded":0,"win_rate":0.0,"timestamp":1565304847,"path_taken":["M","M","M","M","M","E","R","M","T","M","M","E","?","M","R","BOSS","M","?","M","M","M","E","R","?","T","?","R","?","M","E","R","BOSS","M","M","M","$","?","M","E","R","T","M","M","E","R","M","R","BOSS"],"build_version":"2019-07-17","purchased_purges":0,"victory":true,"max_hp_per_floor":[75,75,75,75,75,75,75,75,75,75,75,75,75,75,75,75,75,75,75,75,75,75,75,75,75,75,75,75,75,75,75,75,75,75,75,75,75,75,75,75,75,75,75,75,75,85,85,85,85,85],"card_choices":[{"not_picked":["Darkness","Doom and Gloom"],"picked":"Conserve Battery","floor":1.0},{"not_picked":["Beam Cell","Heatsinks"],"picked":"Rebound","floor":2.0},{"not_picked":["Force Field","Genetic Algorithm"],"picked":"Loop","floor":3.0},{"not_picked":["Beam Cell","FTL"],"picked":"Glacier","floor":4.0},{"not_picked":["Stack","Redo"],"picked":"Glacier","floor":5.0},{"not_picked":["Gash","Reprogram"],"picked":"Capacitor","floor":6.0},{"not_picked":["Coolheaded","Stack"],"picked":"Electrodynamics","floor":7.0},{"not_picked":["Ball Lightning","Gash"],"picked":"Rebound","floor":8.0},{"not_picked":["Streamline","Beam Cell"],"picked":"Storm","floor":10.0},{"not_picked":["Steam","Redo"],"picked":"Seek","floor":11.0},{"not_picked":["Static Discharge","Auto Shields"],"picked":"Genetic Algorithm","floor":12.0},{"not_picked":["Rebound","Ball Lightning"],"picked":"Chill","floor":14.0},{"not_picked":["Steam","Streamline"],"picked":"Compile Driver","floor":15.0},{"not_picked":["Thunder Strike","Fission"],"picked":"Creative AI","floor":16.0},{"not_picked":["Go for the Eyes","Rebound"],"picked":"Conserve Battery+1","floor":18.0},{"not_picked":["Hologram","Redo"],"picked":"Skim","floor":20.0},{"not_picked":["Fusion","Coolheaded"],"picked":"Leap+1","floor":21.0},{"not_picked":["Gash+1","Melter"],"picked":"Hello World","floor":22.0},{"not_picked":["Tempest+1","Barrage"],"picked":"Buffer","floor":23.0},{"not_picked":["Rebound+1","Ball Lightning+1"],"picked":"Fusion+1","floor":24.0},{"not_picked":["Compile Driver","Cold Snap"],"picked":"Coolheaded+1","floor":25.0},{"not_picked":["Beam Cell","Self Repair"],"picked":"Melter","floor":28.0},{"not_picked":["Cold Snap","Compile Driver+1"],"picked":"Heatsinks","floor":30.0},{"not_picked":["Conserve Battery","Leap"],"picked":"Echo Form","floor":31.0},{"not_picked":["Go for the Eyes","Streamline"],"picked":"Compile Driver","floor":32.0},{"not_picked":["Rainbow","Multi-Cast"],"picked":"Creative AI","floor":33.0},{"not_picked":["Leap","Coolheaded"],"picked":"Hologram","floor":35.0},{"not_picked":["Self Repair+1","Streamline"],"picked":"Hologram+1","floor":36.0},{"not_picked":["Redo+1","Rainbow"],"picked":"Blizzard+1","floor":37.0},{"not_picked":["The Bomb","Panacea"],"picked":"Finesse","floor":39.0},{"not_picked":["Auto Shields+1","Ball Lightning+1"],"picked":"Conserve Battery+1","floor":40.0},{"not_picked":["Rebound+1","All For One"],"picked":"Double Energy+1","floor":41.0},{"not_picked":["Steam+1","Darkness+1"],"picked":"Stack","floor":42.0},{"not_picked":["Streamline+1","Compile Driver"],"picked":"FTL","floor":44.0},{"not_picked":["Rip and Tear+1","Fission"],"picked":"Hello World","floor":45},{"not_picked":["Leap+1","All For One"],"picked":"Reinforced Body","floor":46},{"not_picked":["Compile Driver","Rebound"],"picked":"Aggregate+1","floor":48},{"not_picked":["Rip and Tear+1","Streamline"],"picked":"Coolheaded","floor":49}],"player_experience":62244,"relics_obtained":[{"floor":6.0,"key":"Omamori"},{"floor":6.0,"key":"Dream Catcher"},{"floor":9.0,"key":"MawBank"},{"floor":12.0,"key":"Bronze Scales"},{"floor":12.0,"key":"War Paint"},{"floor":23.0,"key":"Smiling Mask"},{"floor":23.0,"key":"Dodecahedron"},{"floor":26.0,"key":"Boot"},{"floor":31.0,"key":"Girya"},{"floor":31.0,"key":"Ancient Tea Set"},{"floor":41.0,"key":"PreservedInsect"},{"floor":41.0,"key":"Whetstone"},{"floor":43.0,"key":"Blood Vial"},{"floor":46,"key":"Kunai"},{"floor":46,"key":"Pear"}],"event_choices":[{"damage_healed":0.0,"max_hp_gain":0.0,"max_hp_loss":0.0,"gold_gain":0.0,"event_name":"Golden Wing","player_choice":"Ignored","floor":13.0,"gold_loss":0.0,"damage_taken":0.0},{"damage_healed":0.0,"max_hp_gain":0.0,"max_hp_loss":0.0,"gold_gain":200.0,"event_name":"Wheel of Change","player_choice":"Gold","floor":19.0,"gold_loss":0.0,"damage_taken":0.0},{"damage_healed":0.0,"max_hp_gain":0.0,"max_hp_loss":0.0,"gold_gain":0.0,"event_name":"Beggar","player_choice":"Ignored","floor":29.0,"gold_loss":0.0,"damage_taken":0.0},{"damage_healed":0.0,"max_hp_gain":0.0,"max_hp_loss":0.0,"gold_gain":0.0,"event_name":"SensoryStone","player_choice":"Memory 1","floor":39.0,"gold_loss":0.0,"damage_taken":0.0}],"is_beta":false,"boss_relics":[{"not_picked":["Tiny House","Runic Pyramid"],"picked":"Fusion Hammer"},{"not_picked":["Empty Cage","Busted Crown"],"picked":"Lizard Tail"}],"items_purged_floors":[],"is_endless":false,"potions_floor_spawned":[1,4,5,8,12,14,20,21,23,25,31,37,40,45,48],"ascension_level":0}