{"gold_per_floor":[117,117,4,16,31,31,31,31,31,49,63,63,29,40,40,145,145,161,161,180,190,210,210,225,86,135,135,468,468,468],"floor_reached":30,"playtime":1638,"items_purged":["Strike_G","Strike_G"],"score":254,"play_id":"abb6b3b9-0d63-4fe1-b83a-0736951cc183","local_time":"20181219190515","is_ascension_mode":true,"campfire_choices":[{"data":"Accuracy","floor":6,"key":"SMITH"},{"floor":12,"key":"REST"},{"data":"Accuracy","floor":15,"key":"SMITH"},{"data":"Blade Dance","floor":23,"key":"SMITH"},{"data":"Neutralize","floor":27,"key":"SMITH"},{"data":"Backflip","floor":29,"key":"SMITH"}],"neow_cost":"NONE","seed_source_timestamp":33812892326281,"circlet_count":0,"master_deck":["Defend_G","Defend_G","Defend_G","Defend_G","Defend_G","Strike_G","Strike_G","Survivor","Neutralize+1","Accuracy+1","Blade Dance","Caltrops","Dodge and Roll","Backflip+1","Blade Dance","Infinite Blades","Finisher","Accuracy+1","Phantasmal Killer","Flying Knee+1","A Thousand Cuts","Blade Dance+1","Well Laid Plans","Noxious Fumes","Tools of the Trade"],"relics":["Ring of the Snake","Singing Bowl","Pocketwatch","Coffee Dripper","PreservedInsect","Old Coin"],"potions_floor_usage":[16,16,16,28],"damage_taken":[{"damage":0,"enemies":"Jaw Worm","floor":1,"turns":6},{"damage":0,"enemies":"Small Slimes","floor":4,"turns":4},{"damage":3,"enemies":"2 Louse","floor":5,"turns":3},{"damage":19,"enemies":"Gremlin Gang","floor":10,"turns":5},{"damage":0,"enemies":"Large Slime","floor":11,"turns":7},{"damage":2,"enemies":"Blue Slaver","floor":14,"turns":4},{"damage":10,"enemies":"Slime Boss","floor":16,"turns":6},{"damage":7,"enemies":"Spheric Guardian","floor":18,"turns":4},{"damage":8,"enemies":"Shell Parasite","floor":20,"turns":4},{"damage":15,"enemies":"Snecko","floor":21,"turns":3},{"damage":9,"enemies":"Centurion and Healer","floor":22,"turns":4},{"damage":9,"enemies":"Chosen and Byrds","floor":24,"turns":4},{"damage":10,"enemies":"Gremlin Leader","floor":28,"turns":4},{"damage":17,"enemies":"Snake Plant","floor":30,"turns":4}],"seed_played":"-1154110863040960349","potions_obtained":[{"floor":1,"key":"Poison Potion"},{"floor":5,"key":"Dexterity Potion"},{"floor":14,"key":"Swift Potion"},{"floor":24,"key":"SneckoOil"},{"floor":28,"key":"GamblersBrew"}],"is_trial":false,"path_per_floor":["M","?","$","M","M","R","?","?","T","M","M","R","$","M","R","B",null,"M","?","M","M","M","R","M","$","T","R","E","R","M"],"character_chosen":"THE_SILENT","items_purchased":["Caltrops","Finisher","Noxious Fumes"],"campfire_rested":1,"item_purchase_floors":[3,13,25],"current_hp_per_floor":[70,63,63,63,60,60,27,27,27,8,8,29,29,27,27,17,70,63,63,57,42,33,33,26,26,26,26,16,16,0],"gold":468,"neow_bonus":"THREE_CARDS","is_prod":false,"is_daily":false,"chose_seed":false,"campfire_upgraded":5,"win_rate":0,"timestamp":1545271515,"path_taken":["M","?","$","M","M","R","?","?","T","M","M","R","?","M","R","BOSS","M","?","M","M","M","R","?","$","T","R","E","R","M"],"build_version":"2018-12-13","purchased_purges":2,"victory":false,"max_hp_per_floor":[70,70,70,70,70,70,70,70,70,70,70,70,70,70,70,70,70,70,70,72,72,72,72,74,74,74,74,74,74,74],"card_choices":[{"not_picked":["Footwork","Underhanded Strike"],"picked":"Accuracy","floor":0},{"not_picked":["Prepared","Dodge and Roll"],"picked":"Blade Dance","floor":1},{"not_picked":["Reflex","Prepared"],"picked":"Dodge and Roll","floor":4},{"not_picked":["Calculated Gamble","Outmaneuver"],"picked":"Backflip","floor":5},{"not_picked":["Acrobatics","Flying Knee"],"picked":"Blade Dance","floor":10},{"not_picked":["Prepared","Eviscerate"],"picked":"Infinite Blades","floor":11},{"not_picked":["Finisher","Outmaneuver"],"picked":"Accuracy","floor":14},{"not_picked":["Unload","Doppelganger"],"picked":"Phantasmal Killer","floor":16},{"not_picked":["Backflip","Predator"],"picked":"Flying Knee+1","floor":18},{"not_picked":["Bouncing Flask","Dash+1","Eviscerate+1"],"picked":"Singing Bowl","floor":20},{"not_picked":["Dagger Spray","Backstab"],"picked":"Blade Dance","floor":21},{"not_picked":["Deflect+1","Acrobatics"],"picked":"Well Laid Plans","floor":22},{"not_picked":["Poisoned Stab","Crippling Poison","Underhanded Strike+1"],"picked":"Singing Bowl","floor":24},{"not_picked":["Flying Knee","Dagger Throw+1"],"picked":"Tools of the Trade","floor":28}],"player_experience":113961,"relics_obtained":[{"floor":9,"key":"Pocketwatch"},{"floor":26,"key":"PreservedInsect"},{"floor":28,"key":"Old Coin"}],"event_choices":[{"cards_removed":["Strike_G"],"damage_healed":0,"gold_gain":0,"player_choice":"Card Removal","damage_taken":7,"max_hp_gain":0,"max_hp_loss":0,"event_name":"Golden Wing","floor":2,"gold_loss":0},{"damage_healed":0,"gold_gain":0,"player_choice":"Success","damage_taken":33,"relics_obtained":["Singing Bowl"],"max_hp_gain":0,"max_hp_loss":0,"event_name":"Scrap Ooze","floor":7,"gold_loss":0},{"damage_healed":0,"gold_gain":0,"player_choice":"Leave","damage_taken":0,"max_hp_gain":0,"max_hp_loss":0,"event_name":"The Cleric","floor":8,"gold_loss":0},{"damage_healed":0,"gold_gain":0,"player_choice":"1 cards matched","damage_taken":0,"max_hp_gain":0,"max_hp_loss":0,"event_name":"Match and Keep!","floor":19,"gold_loss":0,"cards_obtained":["A Thousand Cuts"]}],"is_beta":false,"boss_relics":[{"not_picked":["HoveringKite","Lizard Tail"],"picked":"Coffee Dripper"}],"items_purged_floors":[3,25],"is_endless":false,"potions_floor_spawned":[1,5,14,24,28],"killed_by":"Snake Plant","ascension_level":1}