{"gold_per_floor":[116,44,119,136,211,245,245,277,277,277,302,321,347,347,347,452,452,469,79,79,94,109,109,140,18,18,18,44,54,88,88,88,184,184,201,201,121,133,151,151,186,201,225,254,254,254,273,273,273,273,273,273,14,49,49],"floor_reached":55,"playtime":7245,"items_purged":["Defend_G","Bite","Defend_G"],"score":1137,"play_id":"500856c2-192b-4e13-89af-9097db8e18b0","local_time":"20190115214750","is_ascension_mode":true,"campfire_choices":[{"data":"Noxious Fumes","floor":7,"key":"SMITH"},{"floor":10,"key":"REST"},{"data":"Footwork","floor":15,"key":"SMITH"},{"data":"Burst","floor":23,"key":"SMITH"},{"floor":27,"key":"REST"},{"floor":32,"key":"REST"},{"data":"Hologram","floor":40,"key":"SMITH"},{"data":"Rampage","floor":46,"key":"SMITH"},{"floor":49,"key":"RECALL"},{"data":"Chrysalis","floor":52,"key":"SMITH"}],"neow_cost":"NONE","seed_source_timestamp":401276746542411,"circlet_count":0,"master_deck":["Defend_G","Survivor","Neutralize","Backflip","Noxious Fumes+1","Well Laid Plans","Tools of the Trade","Blur","Calculated Gamble+1","Backflip","Footwork+1","Burst+1","Blade Dance","Hologram+1","Rampage+1","Bite","Bite","Bite","Calculated Gamble+1","Chrysalis+1","Deflect+1","Fusion"],"relics":["Ring of the Snake","NeowsBlessing","The Courier","Darkstone Periapt","Paper Crane","FossilizedHelix","Omamori","Busted Crown","PrismaticShard","PreservedInsect","Dodecahedron","Vajra","Ginger","Runic Pyramid","Boot","Regal Pillow","Orichalcum","Medical Kit","Kunai"],"potions_floor_usage":[16,22,24,30,33,33,41],"damage_taken":[{"damage":0,"enemies":"Jaw Worm","floor":1,"turns":1},{"damage":0,"enemies":"2 Louse","floor":4,"turns":1},{"damage":0,"enemies":"3 Sentries","floor":6,"turns":1},{"damage":40,"enemies":"Lagavulin","floor":8,"turns":8},{"damage":9,"enemies":"3 Sentries","floor":11,"turns":8},{"damage":0,"enemies":"Cultist","floor":12,"turns":5},{"damage":0,"enemies":"Lagavulin","floor":13,"turns":9},{"damage":0,"enemies":"Slime Boss","floor":16,"turns":13},{"damage":10,"enemies":"3 Byrds","floor":18,"turns":6},{"damage":31,"enemies":"2 Thieves","floor":21,"turns":5},{"damage":0,"enemies":"Centurion and Healer","floor":22,"turns":7},{"damage":27,"enemies":"Gremlin Leader","floor":24,"turns":6},{"damage":0,"enemies":"Book of Stabbing","floor":28,"turns":8},{"damage":5,"enemies":"Snecko","floor":29,"turns":9},{"damage":6,"enemies":"Gremlin Leader","floor":30,"turns":6},{"damage":35,"enemies":"Collector","floor":33,"turns":13},{"damage":0,"enemies":"3 Darklings","floor":35,"turns":6},{"damage":0,"enemies":"Orb Walker","floor":38,"turns":5},{"damage":0,"enemies":"Maw","floor":39,"turns":8},{"damage":0,"enemies":"Reptomancer","floor":41,"turns":8},{"damage":0,"enemies":"Transient","floor":42,"turns":5},{"damage":0,"enemies":"Giant Head","floor":44,"turns":8},{"damage":0,"enemies":"4 Shapes","floor":47,"turns":7},{"damage":0,"enemies":"Awakened One","floor":50,"turns":13},{"damage":20,"enemies":"Shield and Spear","floor":54,"turns":5},{"damage":62,"enemies":"The Heart","floor":55,"turns":2}],"seed_played":"-3694243053340821709","potions_obtained":[{"floor":1,"key":"GhostInAJar"},{"floor":4,"key":"SteroidPotion"},{"floor":8,"key":"Strength Potion"},{"floor":12,"key":"PowerPotion"},{"floor":16,"key":"Strength Potion"},{"floor":24,"key":"AttackPotion"},{"floor":30,"key":"Fruit Juice"},{"floor":33,"key":"Poison Potion"},{"floor":38,"key":"Explosive Potion"},{"floor":39,"key":"SneckoOil"},{"floor":47,"key":"SkillPotion"},{"floor":54,"key":"Swift Potion"}],"is_trial":false,"path_per_floor":["M","$","?","M","?","E","R","E","T","R","E","M","E","?","R","B",null,"M","$","?","M","M","R","E","$","T","R","E","M","E","?","R","B",null,"M","?","$","M","M","R","E","M","T","E","?","R","M","?","R","B",null,"R","$","E","B"],"character_chosen":"THE_SILENT","items_purchased":["Noxious Fumes","PrismaticShard","PreservedInsect","Blade Dance","Blood Vial","Medical Kit"],"campfire_rested":3,"item_purchase_floors":[2,19,19,19,25,53],"current_hp_per_floor":[70,70,59,59,52,52,52,12,12,33,24,24,24,24,24,24,70,60,60,60,29,29,29,2,2,2,23,25,22,18,18,39,35,75,75,75,75,75,75,75,75,75,75,75,75,75,75,75,75,75,75,75,75,57,0],"gold":49,"neow_bonus":"THREE_ENEMY_KILL","is_prod":false,"is_daily":false,"chose_seed":false,"campfire_upgraded":6,"win_rate":0,"timestamp":1547614070,"path_taken":["M","$","?","M","?","E","R","E","T","R","E","?","E","?","R","BOSS","M","$","?","M","M","R","E","$","T","R","E","?","E","?","R","BOSS","M","?","?","M","M","R","E","M","T","E","?","R","?","?","R","BOSS","R","$","E","BOSS"],"build_version":"2019-01-10","purchased_purges":3,"victory":false,"max_hp_per_floor":[70,70,70,70,70,70,70,70,70,70,70,70,70,70,70,70,70,70,70,70,70,70,70,70,70,70,70,70,70,70,70,70,75,75,75,75,75,75,75,75,75,75,75,75,75,75,75,75,75,75,75,75,75,75,75],"card_choices":[{"not_picked":["Blur","Footwork"],"picked":"Backflip","floor":1},{"not_picked":["Choke","Poisoned Stab"],"picked":"Well Laid Plans","floor":4},{"not_picked":["Bane","Cloak And Dagger"],"picked":"Tools of the Trade","floor":6},{"not_picked":["Concentrate","Accuracy"],"picked":"Blur","floor":8},{"not_picked":["Eviscerate","Deflect"],"picked":"Calculated Gamble","floor":11},{"not_picked":["PiercingWail","Slice"],"picked":"Backflip","floor":12},{"not_picked":["Dodge and Roll","Blur"],"picked":"Footwork","floor":13},{"not_picked":["A Thousand Cuts","Doppelganger"],"picked":"Burst","floor":16},{"not_picked":["Quick Slash"],"picked":"SKIP","floor":18},{"not_picked":["Backflip"],"picked":"SKIP","floor":21},{"not_picked":["True Grit"],"picked":"SKIP","floor":22},{"not_picked":["Sweeping Beam"],"picked":"SKIP","floor":24},{"not_picked":["Infernal Blade"],"picked":"SKIP","floor":28},{"not_picked":[],"picked":"Hologram","floor":29},{"not_picked":[],"picked":"Rampage","floor":30},{"not_picked":["Sword Boomerang+1"],"picked":"SKIP","floor":35},{"not_picked":["FTL"],"picked":"SKIP","floor":38},{"not_picked":["Aggregate+1"],"picked":"SKIP","floor":39},{"not_picked":["Clothesline"],"picked":"SKIP","floor":41},{"not_picked":["Wild Strike"],"picked":"SKIP","floor":42},{"not_picked":["All Out Attack"],"picked":"SKIP","floor":44},{"not_picked":["Deflect+1"],"picked":"SKIP","floor":47},{"not_picked":[],"picked":"Deflect+1","floor":47},{"not_picked":[],"picked":"Fusion","floor":54}],"player_experience":295023,"relics_obtained":[{"floor":6,"key":"The Courier"},{"floor":8,"key":"Darkstone Periapt"},{"floor":9,"key":"Paper Crane"},{"floor":11,"key":"FossilizedHelix"},{"floor":13,"key":"Omamori"},{"floor":24,"key":"Dodecahedron"},{"floor":28,"key":"Vajra"},{"floor":30,"key":"Ginger"},{"floor":41,"key":"Boot"},{"floor":43,"key":"Regal Pillow"},{"floor":44,"key":"Orichalcum"},{"floor":54,"key":"Kunai"}],"event_choices":[{"damage_healed":0,"gold_gain":75,"player_choice":"Gather Gold","damage_taken":11,"max_hp_gain":0,"max_hp_loss":0,"event_name":"World of Goop","floor":3,"gold_loss":0},{"damage_healed":0,"gold_gain":75,"player_choice":"Touch","damage_taken":7,"max_hp_gain":0,"max_hp_loss":0,"event_name":"FaceTrader","floor":5,"gold_loss":0},{"damage_healed":0,"gold_gain":0,"player_choice":"Grow","damage_taken":0,"max_hp_gain":0,"max_hp_loss":0,"event_name":"Living Wall","floor":14,"gold_loss":0,"cards_upgraded":["Calculated Gamble"]},{"cards_removed":["Defend_G"],"damage_healed":0,"gold_gain":0,"player_choice":"Card Removal","damage_taken":0,"max_hp_gain":0,"max_hp_loss":0,"event_name":"Wheel of Change","floor":20,"gold_loss":0},{"damage_healed":0,"gold_gain":0,"player_choice":"Became a vampire (Vial)","damage_taken":0,"max_hp_gain":0,"max_hp_loss":0,"event_name":"Vampires","floor":31,"relics_lost":["Blood Vial"],"gold_loss":0,"cards_obtained":["Bite","Bite","Bite","Bite","Bite"]},{"damage_healed":0,"gold_gain":0,"player_choice":"Copied","damage_taken":0,"max_hp_gain":0,"max_hp_loss":0,"event_name":"Duplicator","floor":36,"gold_loss":0,"cards_obtained":["Calculated Gamble"]},{"damage_healed":0,"gold_gain":0,"cards_transformed":["Bite"],"player_choice":"Transformed","damage_taken":0,"max_hp_gain":0,"max_hp_loss":0,"event_name":"Transmorgrifier","floor":45,"gold_loss":0,"cards_obtained":["Chrysalis"]},{"cards_removed":["Defend_G"],"damage_healed":0,"gold_gain":0,"player_choice":"Purged","damage_taken":0,"max_hp_gain":0,"max_hp_loss":0,"event_name":"Purifier","floor":48,"gold_loss":0}],"is_beta":false,"boss_relics":[{"not_picked":["Snecko Eye","White Beast Statue"],"picked":"Busted Crown"},{"not_picked":["Astrolabe","Sozu"],"picked":"Runic Pyramid"}],"items_purged_floors":[19,37,53],"is_endless":false,"potions_floor_spawned":[1,4,8,12,16,24,30,33,38,39,47,54],"killed_by":"The Heart","ascension_level":2}