{"gold_per_floor":[118,132,103,126,142,142,172,185,185,218,218,218,218,236,236,339,339,352,364,377,389,400,400,400,416,440,440,457,457,475,86,86,181,181,200,200,213,113,132,162,162,173,249,47,79,79,111,121,121,121],"floor_reached":50,"playtime":6412,"items_purged":["Strike_B","Defend_B","Defend_B"],"score":598,"play_id":"55059fcb-f298-4b96-81bd-f209c5048a9c","local_time":"20190813153237","is_ascension_mode":true,"campfire_choices":[{"data":"Rebound","floor":6.0,"key":"SMITH"},{"floor":11.0,"key":"REST"},{"data":"Defragment","floor":13.0,"key":"SMITH"},{"data":"Ball Lightning","floor":15.0,"key":"SMITH"},{"floor":23.0,"key":"RECALL"},{"floor":27.0,"key":"REST"},{"data":"Creative AI","floor":29.0,"key":"SMITH"},{"data":"Seek","floor":32.0,"key":"SMITH"},{"data":"Steam Power","floor":41.0,"key":"SMITH"},{"floor":46.0,"key":"REST"},{"floor":49,"key":"REST"}],"neow_cost":"NONE","seed_source_timestamp":197425554676184,"circlet_count":0,"master_deck":["Defend_B","Defend_B","Zap","Dualcast","Leap","Rebound+1","Leap","Defragment+1","Ball Lightning+1","BootSequence","Cold Snap","Steam Power+1","Good Instincts","Machine Learning","Hologram+1","Turbo+1","Seek+1","Self Repair","Creative AI+1","Buffer","Consume"],"special_seed":0,"relics":["Cracked Core","Art of War","Dream Catcher","Torii","Ancient Tea Set","Lizard Tail","Calipers","Philosopher\u0027s Stone","Bag of Marbles","Bottled Flame","Singing Bowl","Dead Branch"],"potions_floor_usage":[48],"damage_taken":[{"damage":0.0,"enemies":"2 Louse","floor":1.0,"turns":2.0},{"damage":1.0,"enemies":"Jaw Worm","floor":2.0,"turns":4.0},{"damage":1.0,"enemies":"Small Slimes","floor":5.0,"turns":3.0},{"damage":26.0,"enemies":"Lagavulin","floor":7.0,"turns":5.0},{"damage":11.0,"enemies":"Gremlin Gang","floor":8.0,"turns":5.0},{"damage":1.0,"enemies":"3 Sentries","floor":10.0,"turns":7.0},{"damage":0.0,"enemies":"Lots of Slimes","floor":14.0,"turns":3.0},{"damage":5.0,"enemies":"Hexaghost","floor":16.0,"turns":10.0},{"damage":0.0,"enemies":"Chosen","floor":18.0,"turns":5.0},{"damage":0.0,"enemies":"3 Byrds","floor":19.0,"turns":3.0},{"damage":17.0,"enemies":"Sentry and Sphere","floor":20.0,"turns":6.0},{"damage":1.0,"enemies":"Centurion and Healer","floor":21.0,"turns":15.0},{"damage":14.0,"enemies":"Shelled Parasite and Fungi","floor":22.0,"turns":7.0},{"damage":9.0,"enemies":"Sentry and Sphere","floor":25.0,"turns":7.0},{"damage":1.0,"enemies":"Cultist and Chosen","floor":28.0,"turns":7.0},{"damage":10.0,"enemies":"Centurion and Healer","floor":30.0,"turns":7.0},{"damage":47.0,"enemies":"Automaton","floor":33.0,"turns":10.0},{"damage":11.0,"enemies":"3 Darklings","floor":35.0,"turns":5.0},{"damage":0.0,"enemies":"Orb Walker","floor":37.0,"turns":5.0},{"damage":1.0,"enemies":"4 Shapes","floor":39.0,"turns":9.0},{"damage":52.0,"enemies":"Nemesis","floor":40.0,"turns":9.0},{"damage":1.0,"enemies":"Spire Growth","floor":42.0,"turns":7.0},{"damage":18.0,"enemies":"Giant Head","floor":45.0,"turns":13.0},{"damage":54.0,"enemies":"Reptomancer","floor":47.0,"turns":9.0},{"damage":1,"enemies":"3 Darklings","floor":48,"turns":7},{"damage":113,"enemies":"Awakened One","floor":50,"turns":12}],"seed_played":"5553621051395429528","potions_obtained":[{"floor":5.0,"key":"FearPotion"},{"floor":7.0,"key":"Dexterity Potion"},{"floor":16.0,"key":"LiquidBronze"},{"floor":19.0,"key":"AttackPotion"},{"floor":22.0,"key":"Fire Potion"},{"floor":30.0,"key":"GamblersBrew"},{"floor":33.0,"key":"SpeedPotion"},{"floor":40.0,"key":"Fire Potion"},{"floor":42.0,"key":"AttackPotion"},{"floor":47.0,"key":"PowerPotion"}],"is_trial":false,"path_per_floor":["M","M","?","T","M","R","E","M","T","E","R","?","R","M","R","B",null,"M","M","M","M","M","R","?","M","T","R","M","R","M","$","R","B",null,"M","?","M","$","M","E","R","M","T","$","E","R","E","M","R","B"],"character_chosen":"DEFECT","items_purchased":["Calipers","EssenceOfSteel"],"campfire_rested":4,"item_purchase_floors":[31,44],"current_hp_per_floor":[75,74,74,74,73,73,47,36,36,35,57,57,57,57,57,52,75,75,75,58,57,43,43,43,34,34,56,62,62,52,52,52,12,75,71,85,85,85,85,40,40,46,46,46,37,65,20,28,57,0],"gold":121,"neow_bonus":"REMOVE_CARD","is_prod":false,"is_daily":false,"chose_seed":false,"campfire_upgraded":6,"win_rate":0,"timestamp":1565728357,"path_taken":["M","M","?","?","M","R","E","M","T","E","R","?","R","M","R","BOSS","M","M","M","?","?","R","?","M","T","R","M","R","M","$","R","BOSS","M","?","M","$","M","E","R","?","T","$","E","R","E","M","R","BOSS"],"build_version":"2019-07-17","purchased_purges":3,"victory":false,"max_hp_per_floor":[75,75,75,75,75,75,75,75,75,75,75,75,75,75,75,75,75,75,75,75,75,75,75,75,75,75,75,75,75,75,75,75,75,75,75,85,85,85,85,85,85,85,85,85,87,89,91,93,95,95],"card_choices":[{"not_picked":["Go for the Eyes","Sunder"],"picked":"Leap","floor":1.0},{"not_picked":["Steam Power","Redo"],"picked":"Rebound","floor":2.0},{"not_picked":["Stack","Tempest"],"picked":"Leap","floor":5.0},{"not_picked":["Barrage","Streamline"],"picked":"Defragment","floor":7.0},{"not_picked":["Chaos","Tempest"],"picked":"Ball Lightning","floor":8.0},{"not_picked":["Undo","Stack"],"picked":"BootSequence","floor":10.0},{"not_picked":["Coolheaded","Barrage"],"picked":"Cold Snap","floor":11.0},{"not_picked":["Chill","White Noise","Double Energy"],"picked":"SKIP","floor":14.0},{"not_picked":["Reboot","Electrodynamics"],"picked":"Machine Learning","floor":16.0},{"not_picked":["Steam","Doom and Gloom","Stack+1"],"picked":"SKIP","floor":18.0},{"not_picked":["Barrage","Hello World+1","Reprogram"],"picked":"SKIP","floor":19.0},{"not_picked":["Rebound","Compile Driver"],"picked":"Hologram+1","floor":20.0},{"not_picked":["Hello World","Hologram","Sweeping Beam"],"picked":"SKIP","floor":21.0},{"not_picked":["Leap+1","Static Discharge"],"picked":"Turbo+1","floor":22.0},{"not_picked":["Hologram","Recycle"],"picked":"Self Repair","floor":25.0},{"not_picked":["Turbo","Streamline"],"picked":"Creative AI","floor":27.0},{"not_picked":["Coolheaded+1","Gash","Hologram+1"],"picked":"SKIP","floor":28.0},{"not_picked":["Hello World","Compile Driver","Sweeping Beam"],"picked":"SKIP","floor":30.0},{"not_picked":["Fission","Creative AI"],"picked":"Buffer","floor":33.0},{"not_picked":["Lockon","Turbo","Leap"],"picked":"SKIP","floor":35.0},{"not_picked":["Rebound+1","Steam+1","Streamline+1"],"picked":"SKIP","floor":37.0},{"not_picked":["Sweeping Beam","Chill","Storm"],"picked":"SKIP","floor":39.0},{"not_picked":["Undo","Rebound"],"picked":"Consume","floor":40.0},{"not_picked":["Go for the Eyes","Double Energy","Barrage+1"],"picked":"SKIP","floor":42.0},{"not_picked":["Steam Power","Hologram","Coolheaded+1"],"picked":"Singing Bowl","floor":45.0},{"not_picked":["Seek","Double Energy+1","Compile Driver+1"],"picked":"Singing Bowl","floor":46.0},{"not_picked":["Rebound","Steam","Redo"],"picked":"Singing Bowl","floor":47.0},{"not_picked":["Melter","Blizzard+1","Cold Snap"],"picked":"Singing Bowl","floor":48},{"not_picked":["Rebound","Undo","Reprogram+1"],"picked":"Singing Bowl","floor":49}],"player_experience":119540,"relics_obtained":[{"floor":4.0,"key":"Art of War"},{"floor":7.0,"key":"Dream Catcher"},{"floor":9.0,"key":"Torii"},{"floor":10.0,"key":"Ancient Tea Set"},{"floor":40.0,"key":"Bag of Marbles"},{"floor":43.0,"key":"Bottled Flame"},{"floor":45.0,"key":"Singing Bowl"},{"floor":47.0,"key":"Dead Branch"}],"event_choices":[{"damage_healed":0.0,"max_hp_gain":0.0,"max_hp_loss":0.0,"gold_gain":0.0,"event_name":"World of Goop","player_choice":"Left Gold","floor":3.0,"gold_loss":29.0,"damage_taken":0.0},{"damage_healed":0.0,"max_hp_gain":0.0,"max_hp_loss":0.0,"gold_gain":0.0,"event_name":"Match and Keep!","player_choice":"2 cards matched","floor":12.0,"gold_loss":0.0,"damage_taken":0.0,"cards_obtained":["Steam Power","Good Instincts"]},{"damage_healed":0.0,"max_hp_gain":0.0,"max_hp_loss":0.0,"gold_gain":0.0,"cards_transformed":["Strike_B","Strike_B"],"event_name":"Drug Dealer","player_choice":"Became Test Subject","floor":24.0,"gold_loss":0.0,"damage_taken":0.0,"cards_obtained":["Rainbow","Seek"]},{"cards_removed":["Rainbow"],"damage_healed":4.0,"max_hp_gain":10.0,"max_hp_loss":0.0,"gold_gain":0.0,"event_name":"Bonfire Elementals","player_choice":"Offered Rare","floor":36.0,"gold_loss":0.0,"damage_taken":0.0}],"is_beta":false,"boss_relics":[{"not_picked":["Busted Crown","Black Star"],"picked":"Lizard Tail"},{"not_picked":["Sozu","Orrery"],"picked":"Philosopher\u0027s Stone"}],"items_purged_floors":[31,38,44],"is_endless":false,"potions_floor_spawned":[5,7,16,19,22,30,33,40,42,47],"killed_by":"Awakened One","ascension_level":1}