{"gold_per_floor":[116,130,9,19,37,66,76,102,102,102,102,114,141,157,157,157],"floor_reached":16,"playtime":914,"items_purged":["Strike_R"],"score":155,"play_id":"54d22656-7eb3-4ce9-8a75-67238db872f7","local_time":"20190110203342","is_ascension_mode":true,"campfire_choices":[{"data":"Inflame","floor":10,"key":"SMITH"},{"data":"Heavy Blade","floor":15,"key":"SMITH"}],"neow_cost":"NONE","seed_source_timestamp":6114956762415,"circlet_count":0,"master_deck":["Strike_R","Strike_R","Strike_R","Strike_R","Defend_R","Defend_R","Defend_R","Defend_R","Bash","Inflame+1","Heavy Blade+1","True Grit","Thunderclap","Dual Wield","Reaper","Feed"],"relics":["Burning Blood","Bronze Scales","Bag of Preparation","Meat on the Bone","Dead Branch"],"potions_floor_usage":[6,8],"damage_taken":[{"damage":6,"enemies":"Cultist","floor":1,"turns":4},{"damage":4,"enemies":"Small Slimes","floor":2,"turns":5},{"damage":5,"enemies":"Jaw Worm","floor":4,"turns":3},{"damage":22,"enemies":"Exordium Thugs","floor":5,"turns":4},{"damage":21,"enemies":"Lagavulin","floor":6,"turns":6},{"damage":6,"enemies":"Exordium Wildlife","floor":7,"turns":4},{"damage":35,"enemies":"3 Sentries","floor":8,"turns":6},{"damage":19,"enemies":"3 Louse","floor":12,"turns":3},{"damage":37,"enemies":"Gremlin Nob","floor":13,"turns":4},{"damage":30,"enemies":"Large Slime","floor":14,"turns":3},{"damage":40,"enemies":"Slime Boss","floor":16,"turns":6}],"seed_played":"-8431996919933063996","potions_obtained":[{"floor":2,"key":"Block Potion"},{"floor":4,"key":"Explosive Potion"},{"floor":7,"key":"SmokeBomb"}],"is_trial":false,"path_per_floor":["M","M","$","M","M","E","M","E","T","R","?","M","E","M","R","B"],"character_chosen":"IRONCLAD","items_purchased":["True Grit"],"campfire_rested":0,"item_purchase_floors":[3],"current_hp_per_floor":[88,88,88,88,72,57,57,28,28,28,57,57,38,39,39,0],"gold":157,"neow_bonus":"TEN_PERCENT_HP_BONUS","is_prod":false,"is_daily":false,"chose_seed":false,"campfire_upgraded":2,"win_rate":0,"timestamp":1547177622,"path_taken":["M","M","$","M","M","E","M","E","T","R","?","M","E","M","R","BOSS"],"build_version":"2019-01-10","purchased_purges":1,"victory":false,"max_hp_per_floor":[88,88,88,88,88,88,88,88,88,88,88,88,88,91,91,91],"card_choices":[{"not_picked":["Clash","Iron Wave"],"picked":"Inflame","floor":1},{"not_picked":["Second Wind","Inflame"],"picked":"Heavy Blade","floor":2},{"not_picked":["Wild Strike","Sword Boomerang"],"picked":"Thunderclap","floor":4},{"not_picked":["Heavy Blade","Perfected Strike"],"picked":"Dual Wield","floor":5},{"not_picked":["Intimidate","Pommel Strike","Flame Barrier"],"picked":"SKIP","floor":6},{"not_picked":["Combust","Iron Wave","Sever Soul"],"picked":"SKIP","floor":7},{"not_picked":["Twin Strike","Thunderclap"],"picked":"Reaper","floor":8},{"not_picked":["Clash","True Grit","Blood for Blood"],"picked":"SKIP","floor":12},{"not_picked":["Iron Wave","Clothesline"],"picked":"Feed","floor":13},{"not_picked":["Flex","Thunderclap","Wild Strike"],"picked":"SKIP","floor":14}],"player_experience":287671,"relics_obtained":[{"floor":6,"key":"Bronze Scales"},{"floor":8,"key":"Bag of Preparation"},{"floor":9,"key":"Meat on the Bone"},{"floor":13,"key":"Dead Branch"}],"event_choices":[{"damage_healed":29,"gold_gain":0,"player_choice":"Banana","damage_taken":0,"max_hp_gain":0,"max_hp_loss":0,"event_name":"Big Fish","floor":11,"gold_loss":0}],"is_beta":false,"boss_relics":[],"items_purged_floors":[3],"is_endless":false,"potions_floor_spawned":[2,4,7],"killed_by":"Slime Boss","ascension_level":5}