{"gold_per_floor":[112,112,112,124,139,139,214,214,214,139,139,173,193,210,210,308,308,326,154,168,185,48,48,66,66,66,81,98,98,98,98,98,196,196,212,232,248,248,248,248,248,274,328,347,362,362],"floor_reached":46,"playtime":3247,"items_purged":["Strike_B","Strike_B"],"score":424,"play_id":"59046dd2-ebf4-478c-84af-015b7f77c522","local_time":"20190809222150","is_ascension_mode":false,"campfire_choices":[{"data":"Loop","floor":6,"key":"SMITH"},{"floor":8,"key":"REST"},{"data":"Melter","floor":11,"key":"SMITH"},{"floor":15,"key":"REST"},{"floor":23,"key":"REST"},{"floor":25,"key":"REST"},{"floor":29,"key":"REST"},{"floor":32,"key":"REST"},{"floor":40,"key":"REST"}],"neow_cost":"NONE","seed_source_timestamp":179636882714299,"circlet_count":0,"master_deck":["Strike_B+1","Strike_B+1","Defend_B","Defend_B","Defend_B","Defend_B","Zap","Dualcast","Melter+1","Loop+1","Go for the Eyes","Undo","Cold Snap+1","Echo Form+1","Loop+1","Conserve Battery+1","Consume","Capacitor+1","Consume","Hologram","Ball Lightning+1","Skim","Purity","Electrodynamics+1","Loop+1","Undo","Self Repair+1","Parasite","Tempest+1","Hologram+1"],"relics":["Cracked Core","NeowsBlessing","Frozen Egg 2","Strawberry","Fusion Hammer","WingedGreaves","Runic Pyramid","Anchor","Whetstone"],"potions_floor_usage":[12,12,20,21,27,33,39],"damage_taken":[{"damage":0,"enemies":"Jaw Worm","floor":1,"turns":1},{"damage":0,"enemies":"2 Louse","floor":4,"turns":1},{"damage":0,"enemies":"Small Slimes","floor":5,"turns":1},{"damage":30,"enemies":"Gremlin Nob","floor":12,"turns":5},{"damage":0,"enemies":"2 Fungi Beasts","floor":13,"turns":4},{"damage":0,"enemies":"Large Slime","floor":14,"turns":3},{"damage":18,"enemies":"The Guardian","floor":16,"turns":13},{"damage":0,"enemies":"Spheric Guardian","floor":18,"turns":3},{"damage":21,"enemies":"3 Byrds","floor":20,"turns":5},{"damage":0,"enemies":"Snecko","floor":21,"turns":5},{"damage":29,"enemies":"Shelled Parasite and Fungi","floor":24,"turns":5},{"damage":24,"enemies":"3 Cultists","floor":27,"turns":7},{"damage":15,"enemies":"Cultist and Chosen","floor":28,"turns":6},{"damage":67,"enemies":"Collector","floor":33,"turns":7},{"damage":28,"enemies":"3 Darklings","floor":35,"turns":5},{"damage":13,"enemies":"Orb Walker","floor":36,"turns":5},{"damage":21,"enemies":"Jaw Worm Horde","floor":37,"turns":2},{"damage":22,"enemies":"3 Darklings","floor":39,"turns":3},{"damage":22,"enemies":"Writhing Mass","floor":44,"turns":7},{"damage":47,"enemies":"Spire Growth","floor":45,"turns":6},{"damage":44,"enemies":"3 Darklings","floor":46,"turns":4}],"seed_played":"-6448438190421377407","potions_obtained":[{"floor":1,"key":"Fruit Juice"},{"floor":4,"key":"Regen Potion"},{"floor":14,"key":"SpeedPotion"},{"floor":16,"key":"PowerPotion"},{"floor":24,"key":"PowerPotion"},{"floor":27,"key":"FearPotion"},{"floor":28,"key":"PowerPotion"},{"floor":36,"key":"FairyPotion"},{"floor":37,"key":"SmokeBomb"}],"is_trial":false,"path_per_floor":["M","?","?","M","M","R","?","R","T","$","R","E","M","M","R","B",null,"M","$","M","M","$","R","M","R","T","M","M","R","?","?","R","B",null,"M","M","M","?","M","R","?","T","T","M","M","M"],"character_chosen":"DEFECT","items_purchased":["Loop+1","Capacitor+1","Consume"],"campfire_rested":7,"item_purchase_floors":[19,22,22],"current_hp_per_floor":[75,60,65,65,65,65,54,78,78,78,78,69,69,69,92,74,92,92,92,71,71,71,92,63,90,90,66,51,78,60,60,89,22,97,69,56,35,85,73,85,85,85,85,73,36,0],"gold":362,"neow_bonus":"THREE_ENEMY_KILL","is_prod":false,"is_daily":false,"chose_seed":false,"campfire_upgraded":2,"win_rate":0.0,"timestamp":1565403710,"path_taken":["M","?","?","M","M","R","?","R","T","$","R","E","M","M","R","BOSS","M","$","M","M","$","R","M","R","T","M","M","R","?","?","R","BOSS","M","M","?","?","M","R","?","?","T","?","?","M"],"build_version":"2019-07-17","purchased_purges":2,"victory":false,"max_hp_per_floor":[75,75,80,80,80,80,80,80,80,80,80,92,92,92,92,92,92,92,92,92,92,92,92,92,92,92,92,92,92,97,97,97,97,97,97,97,97,85,85,85,85,85,85,85,85,85],"card_choices":[{"not_picked":["BootSequence","Lockon"],"picked":"Melter","floor":1},{"not_picked":["Steam","Barrage"],"picked":"Loop","floor":4},{"not_picked":["Leap","Reprogram"],"picked":"Go for the Eyes","floor":5},{"not_picked":["Hologram","Streamline"],"picked":"Undo","floor":12},{"not_picked":["Sweeping Beam","Streamline","Redo"],"picked":"SKIP","floor":13},{"not_picked":["Rip and Tear","Leap"],"picked":"Cold Snap","floor":14},{"not_picked":["Thunder Strike","Amplify"],"picked":"Echo Form+1","floor":16},{"not_picked":["Heatsinks+1","Hello World+1","Go for the Eyes"],"picked":"SKIP","floor":18},{"not_picked":["FTL","Hologram"],"picked":"Conserve Battery+1","floor":20},{"not_picked":["Fusion","Hologram"],"picked":"Consume","floor":21},{"not_picked":["Gash+1","Compile Driver+1"],"picked":"Hologram","floor":24},{"not_picked":["Steam","Rip and Tear"],"picked":"Ball Lightning","floor":27},{"not_picked":["Barrage+1","Meteor Strike"],"picked":"Skim","floor":28},{"not_picked":["Echo Form+1","Creative AI+1"],"picked":"Electrodynamics+1","floor":33},{"not_picked":["Ball Lightning+1","Aggregate"],"picked":"Loop+1","floor":35},{"not_picked":["Conserve Battery","Sweeping Beam+1"],"picked":"Undo","floor":36},{"not_picked":["Fusion","Cold Snap+1"],"picked":"Self Repair+1","floor":37},{"not_picked":["Stack","White Noise"],"picked":"Tempest+1","floor":44},{"not_picked":["Chill","Rainbow"],"picked":"Hologram+1","floor":45}],"player_experience":38466,"relics_obtained":[{"floor":9,"key":"Frozen Egg 2"},{"floor":12,"key":"Strawberry"},{"floor":26,"key":"WingedGreaves"},{"floor":42,"key":"Anchor"},{"floor":43,"key":"Whetstone"}],"event_choices":[{"damage_healed":0,"gold_gain":0,"player_choice":"Entered Light","damage_taken":15,"max_hp_gain":0,"max_hp_loss":0,"event_name":"Shining Light","floor":2,"gold_loss":0,"cards_upgraded":["Strike_B","Strike_B"]},{"damage_healed":0,"gold_gain":0,"player_choice":"Donut","damage_taken":0,"max_hp_gain":5,"max_hp_loss":0,"event_name":"Big Fish","floor":3,"gold_loss":0},{"damage_healed":0,"gold_gain":75,"player_choice":"Gather Gold","damage_taken":11,"max_hp_gain":0,"max_hp_loss":0,"event_name":"World of Goop","floor":7,"gold_loss":0},{"damage_healed":0,"gold_gain":0,"player_choice":"Shed Blood","damage_taken":23,"max_hp_gain":5,"max_hp_loss":0,"event_name":"Forgotten Altar","floor":30,"gold_loss":0},{"damage_healed":0,"gold_gain":0,"player_choice":"1 cards matched","damage_taken":0,"max_hp_gain":0,"max_hp_loss":0,"event_name":"Match and Keep!","floor":31,"gold_loss":0,"cards_obtained":["Purity"]},{"damage_healed":85,"gold_gain":0,"player_choice":"Heal","damage_taken":0,"max_hp_gain":0,"max_hp_loss":12,"event_name":"The Moai Head","floor":38,"gold_loss":0},{"damage_healed":0,"gold_gain":0,"player_choice":"Ignored","damage_taken":0,"max_hp_gain":0,"max_hp_loss":0,"event_name":"Mysterious Sphere","floor":41,"gold_loss":0}],"is_beta":false,"boss_relics":[{"not_picked":["Runic Dome","Astrolabe"],"picked":"Fusion Hammer"},{"not_picked":["Cursed Key","Lizard Tail"],"picked":"Runic Pyramid"}],"items_purged_floors":[10,19],"is_endless":false,"potions_floor_spawned":[1,4,14,16,24,27,28,36,37],"killed_by":"3 Darklings","ascension_level":0}