{"gold_per_floor":[360,334,409,584,97,97,97,124,150,150,184,184,199,229,229,333,333,346,346,361,378,392,392,410,424,424,424],"floor_reached":27,"playtime":2280,"items_purged":["Doubt"],"score":370,"play_id":"c76bfdba-c687-4c30-8020-0752c6aef6d2","local_time":"20190627175608","is_ascension_mode":true,"campfire_choices":[{"data":"Wild Strike","floor":6,"key":"SMITH"},{"floor":10,"key":"REST"},{"floor":12,"key":"REST"},{"floor":15,"key":"REST"},{"floor":23,"key":"REST"}],"neow_cost":"TEN_PERCENT_HP_LOSS","seed_source_timestamp":1335856950998800,"circlet_count":0,"master_deck":["AscendersBane","Strike_R+1","Strike_R+1","Strike_R+1","Strike_R+1","Strike_R+1","Defend_R+1","Defend_R+1","Defend_R+1","Defend_R+1","Bash","Burning Pact","Wild Strike+1","Evolve+1","Blind","Slice","Flying Knee","Rampage","Secret Technique","Conserve Battery","Prepared","Fusion","Shrug It Off","Reinforced Body"],"relics":["Burning Blood","PrismaticShard","Shuriken","Happy Flower","Letter Opener","Ice Cream","Lizard Tail","Ornamental Fan"],"potions_floor_usage":[8,16,18,18,20,25,27],"damage_taken":[{"damage":8,"enemies":"Small Slimes","floor":1,"turns":5},{"damage":32,"enemies":"3 Sentries","floor":8,"turns":7},{"damage":40,"enemies":"Lagavulin","floor":11,"turns":6},{"damage":0,"enemies":"2 Louse","floor":13,"turns":2},{"damage":24,"enemies":"Gremlin Nob","floor":14,"turns":4},{"damage":36,"enemies":"The Guardian","floor":16,"turns":8},{"damage":5,"enemies":"3 Byrds","floor":18,"turns":6},{"damage":9,"enemies":"Shell Parasite","floor":20,"turns":4},{"damage":39,"enemies":"Sentry and Sphere","floor":21,"turns":6},{"damage":26,"enemies":"Shelled Parasite and Fungi","floor":22,"turns":6},{"damage":22,"enemies":"Centurion and Healer","floor":24,"turns":7},{"damage":42,"enemies":"Snecko","floor":25,"turns":6},{"damage":32,"enemies":"Gremlin Leader","floor":27,"turns":5}],"seed_played":"3520264771054533541","potions_obtained":[{"floor":14,"key":"Swift Potion"},{"floor":16,"key":"EntropicBrew"},{"floor":22,"key":"SpeedPotion"},{"floor":25,"key":"Fire Potion"}],"is_trial":false,"path_per_floor":["M","$","?","?","$","R","?","E","T","R","E","R","M","E","R","B",null,"M","?","M","M","M","R","M","M","T","E"],"character_chosen":"IRONCLAD","items_purchased":["Wild Strike","PrismaticShard","Evolve","Blind","PowerPotion"],"campfire_rested":4,"item_purchase_floors":[2,5,5,5,5],"current_hp_per_floor":[70,70,70,70,70,70,70,44,44,65,31,52,58,40,61,31,62,63,63,60,27,7,28,12,31,31,0],"gold":424,"neow_bonus":"TWO_FIFTY_GOLD","is_prod":false,"is_daily":false,"chose_seed":false,"campfire_upgraded":1,"win_rate":0,"timestamp":1561683368,"path_taken":["M","$","?","?","$","R","?","E","T","R","E","R","?","E","R","BOSS","M","?","M","M","M","R","M","M","T","E"],"build_version":"2019-01-23","purchased_purges":1,"victory":false,"max_hp_per_floor":[72,72,72,72,72,72,72,72,72,72,72,72,72,72,72,72,72,72,72,72,72,72,72,72,72,72,72],"card_choices":[{"not_picked":["Flex","Rupture"],"picked":"Burning Pact","floor":1},{"not_picked":["Perfected Strike","Cleave","Skim"],"picked":"SKIP","floor":8},{"not_picked":["Escape Plan","Deadly Poison"],"picked":"Slice","floor":11},{"not_picked":["Perfected Strike","Thunderclap"],"picked":"Flying Knee","floor":13},{"not_picked":["Dodge and Roll","Cleave"],"picked":"Rampage","floor":14},{"not_picked":["Reaper","Barricade"],"picked":"Secret Technique","floor":16},{"not_picked":["Clothesline","Dual Wield"],"picked":"Conserve Battery","floor":18},{"not_picked":["Force Field","Sword Boomerang","Heatsinks"],"picked":"SKIP","floor":20},{"not_picked":["Clash","Sucker Punch"],"picked":"Prepared","floor":21},{"not_picked":["Reckless Charge","Havoc"],"picked":"Fusion","floor":22},{"not_picked":["Dagger Spray","Bandage Up"],"picked":"Shrug It Off","floor":24},{"not_picked":["Clash+1","Terror"],"picked":"Reinforced Body","floor":25}],"player_experience":681084,"relics_obtained":[{"floor":8,"key":"Shuriken"},{"floor":9,"key":"Happy Flower"},{"floor":11,"key":"Letter Opener"},{"floor":14,"key":"Ice Cream"},{"floor":26,"key":"Ornamental Fan"}],"event_choices":[{"damage_healed":0,"gold_gain":75,"player_choice":"Gained Gold","damage_taken":0,"max_hp_gain":0,"max_hp_loss":0,"event_name":"Golden Wing","floor":3,"gold_loss":0},{"damage_healed":0,"gold_gain":175,"player_choice":"AGREE","damage_taken":0,"max_hp_gain":0,"max_hp_loss":0,"event_name":"Liars Game","floor":4,"gold_loss":0,"cards_obtained":["Doubt"]},{"damage_healed":0,"gold_gain":0,"player_choice":"Grow","damage_taken":0,"max_hp_gain":0,"max_hp_loss":0,"event_name":"Living Wall","floor":7,"gold_loss":0,"cards_upgraded":["Evolve"]},{"damage_healed":0,"gold_gain":0,"player_choice":"Simplicity","damage_taken":0,"max_hp_gain":0,"max_hp_loss":0,"event_name":"Back to Basics","floor":19,"gold_loss":0,"cards_upgraded":["Strike_R","Strike_R","Strike_R","Strike_R","Strike_R","Defend_R","Defend_R","Defend_R","Defend_R"]}],"is_beta":false,"boss_relics":[{"not_picked":["Philosopher\u0027s Stone","Runic Pyramid"],"picked":"Lizard Tail"}],"items_purged_floors":[5],"is_endless":false,"potions_floor_spawned":[14,16,22,25],"killed_by":"Gremlin Leader","ascension_level":12}