{"gold_per_floor":[218,237,247,261,276,310,310,310,392,406,406],"floor_reached":11,"playtime":813,"items_purged":[],"score":77,"play_id":"47e7a4c7-ddf0-41fd-9ddc-cefe3c0ce31a","local_time":"20190808210248","is_ascension_mode":false,"campfire_choices":[{"data":"Searing Blow","floor":8.0,"key":"SMITH"}],"neow_cost":"NONE","seed_source_timestamp":2426927876138698,"circlet_count":0,"master_deck":["Strike_R","Strike_R","Strike_R","Strike_R","Strike_R","Defend_R","Defend_R","Defend_R","Defend_R","Bash","Second Wind","Searing Blow+1","Body Slam","Body Slam","Armaments","Corruption","Intimidate"],"special_seed":0,"relics":["Burning Blood","Ancient Tea Set","Darkstone Periapt"],"potions_floor_usage":[],"damage_taken":[{"damage":5.0,"enemies":"Cultist","floor":1.0,"turns":4.0},{"damage":0.0,"enemies":"Small Slimes","floor":2.0,"turns":3.0},{"damage":6.0,"enemies":"Jaw Worm","floor":3.0,"turns":4.0},{"damage":8.0,"enemies":"Large Slime","floor":4.0,"turns":6.0},{"damage":9.0,"enemies":"2 Fungi Beasts","floor":5.0,"turns":4.0},{"damage":35.0,"enemies":"Gremlin Nob","floor":6.0,"turns":5.0},{"damage":35,"enemies":"Gremlin Gang","floor":10,"turns":6},{"damage":50,"enemies":"Lagavulin","floor":11,"turns":9}],"seed_played":"-5821249437692141194","potions_obtained":[{"floor":1.0,"key":"Swift Potion"},{"floor":2.0,"key":"SkillPotion"},{"floor":4.0,"key":"Weak Potion"},{"floor":5.0,"key":"SkillPotion"}],"is_trial":false,"path_per_floor":["M","M","M","M","M","E","?","R","T","M","E"],"character_chosen":"IRONCLAD","items_purchased":[],"campfire_rested":0,"item_purchase_floors":[],"current_hp_per_floor":[80,80,80,78,75,46,72,72,72,43,0],"gold":406,"neow_bonus":"HUNDRED_GOLD","is_prod":false,"is_daily":false,"chose_seed":false,"campfire_upgraded":1,"win_rate":0.0,"timestamp":1565316168,"path_taken":["M","M","M","M","M","E","?","R","T","M","E"],"build_version":"2019-07-17","purchased_purges":0,"victory":false,"max_hp_per_floor":[80,80,80,80,80,80,80,80,80,80,80],"card_choices":[{"not_picked":["Flame Barrier","Flex"],"picked":"Second Wind","floor":1.0},{"not_picked":["Heavy Blade","Carnage"],"picked":"Searing Blow","floor":2.0},{"not_picked":["Pummel","Rupture"],"picked":"Body Slam","floor":3.0},{"not_picked":["Iron Wave","Armaments"],"picked":"Body Slam","floor":4.0},{"not_picked":["Searing Blow","Shrug It Off"],"picked":"Armaments","floor":5.0},{"not_picked":["Burning Pact","Flame Barrier"],"picked":"Corruption","floor":6.0},{"not_picked":["Blood for Blood","Cleave"],"picked":"Intimidate","floor":10}],"player_experience":73036,"relics_obtained":[{"floor":6.0,"key":"Ancient Tea Set"},{"floor":9.0,"key":"Darkstone Periapt"}],"event_choices":[{"damage_healed":26.0,"max_hp_gain":0.0,"max_hp_loss":0.0,"gold_gain":0.0,"event_name":"Big Fish","player_choice":"Banana","floor":7.0,"gold_loss":0.0,"damage_taken":0.0}],"is_beta":false,"boss_relics":[],"items_purged_floors":[],"is_endless":false,"potions_floor_spawned":[1,2,4,5],"killed_by":"Lagavulin","ascension_level":0}