{"gold_per_floor":[109,32,32,51,51,86,99,99,99,113,113,130,130,145,145,145],"floor_reached":16,"playtime":503,"items_purged":[],"score":102,"play_id":"daaa0f92-f4fa-410a-a280-c91791f3ace4","local_time":"20190205224416","is_ascension_mode":false,"campfire_choices":[{"data":"Bash","floor":11,"key":"SMITH"},{"data":"True Grit","floor":15,"key":"SMITH"}],"neow_cost":"NONE","seed_source_timestamp":759395225546685,"circlet_count":0,"master_deck":["Strike_R","Strike_R","Strike_R","Strike_R","Defend_R","Defend_R","Defend_R+1","Defend_R","Bash+1","Whirlwind","Dropkick+1","Seeing Red","Dropkick","Decay","True Grit+1"],"relics":["Burning Blood","Champion Belt","Ice Cream"],"potions_floor_usage":[6,16,16],"damage_taken":[{"damage":0,"enemies":"2 Louse","floor":1,"turns":2},{"damage":13,"enemies":"Jaw Worm","floor":4,"turns":3},{"damage":16,"enemies":"Gremlin Nob","floor":6,"turns":5},{"damage":0,"enemies":"Small Slimes","floor":7,"turns":3},{"damage":1,"enemies":"Blue Slaver","floor":10,"turns":2},{"damage":0,"enemies":"2 Fungi Beasts","floor":12,"turns":3},{"damage":0,"enemies":"Lots of Slimes","floor":14,"turns":1},{"damage":72,"enemies":"Slime Boss","floor":16,"turns":8}],"seed_played":"-8033708840731965979","potions_obtained":[{"floor":1,"key":"Weak Potion"},{"floor":6,"key":"EssenceOfSteel"},{"floor":10,"key":"GamblersBrew"},{"floor":12,"key":"Explosive Potion"},{"floor":14,"key":"SmokeBomb"}],"is_trial":false,"path_per_floor":["M","$","?","M","?","E","M","?","T","M","R","M","?","M","R","B"],"character_chosen":"IRONCLAD","items_purchased":["Dropkick"],"campfire_rested":0,"item_purchase_floors":[2],"current_hp_per_floor":[80,80,73,66,50,40,46,46,46,51,51,57,57,63,63,0],"gold":145,"neow_bonus":"THREE_CARDS","is_prod":false,"is_daily":false,"chose_seed":false,"campfire_upgraded":2,"win_rate":0,"timestamp":1549431856,"path_taken":["M","$","?","M","?","E","M","?","T","?","R","M","?","M","R","BOSS"],"build_version":"2019-01-23","purchased_purges":0,"victory":false,"max_hp_per_floor":[80,80,80,80,80,80,80,80,80,80,80,80,80,80,80,80],"card_choices":[{"not_picked":["Carnage","Headbutt"],"picked":"Whirlwind","floor":0},{"not_picked":["Ghostly Armor","Headbutt","Armaments"],"picked":"SKIP","floor":1},{"not_picked":["Shrug It Off","Anger"],"picked":"Seeing Red","floor":4},{"not_picked":["Headbutt","Perfected Strike","Sever Soul"],"picked":"SKIP","floor":6},{"not_picked":["Thunderclap","Iron Wave"],"picked":"Dropkick","floor":7},{"not_picked":["Iron Wave","Infernal Blade","Perfected Strike"],"picked":"SKIP","floor":10},{"not_picked":["Fire Breathing","Clothesline","Intimidate"],"picked":"SKIP","floor":12},{"not_picked":["Pummel","Clothesline"],"picked":"True Grit","floor":14}],"player_experience":372009,"relics_obtained":[{"floor":6,"key":"Champion Belt"},{"floor":9,"key":"Ice Cream"}],"event_choices":[{"cards_removed":["Strike_R"],"damage_healed":0,"gold_gain":0,"player_choice":"Card Removal","damage_taken":7,"max_hp_gain":0,"max_hp_loss":0,"event_name":"Golden Wing","floor":3,"gold_loss":0},{"damage_healed":0,"gold_gain":0,"player_choice":"Entered Light","damage_taken":16,"max_hp_gain":0,"max_hp_loss":0,"event_name":"Shining Light","floor":5,"gold_loss":0,"cards_upgraded":["Dropkick","Defend_R"]},{"damage_healed":0,"gold_gain":0,"player_choice":"Ignored","damage_taken":0,"max_hp_gain":0,"max_hp_loss":0,"event_name":"Liars Game","floor":8,"gold_loss":0},{"damage_healed":0,"gold_gain":0,"player_choice":"Cursed","damage_taken":0,"max_hp_gain":0,"max_hp_loss":0,"event_name":"Wheel of Change","floor":13,"gold_loss":0,"cards_obtained":["Decay"]}],"is_beta":false,"boss_relics":[],"items_purged_floors":[],"is_endless":false,"potions_floor_spawned":[1,6,10,12,14],"killed_by":"Slime Boss","ascension_level":0}