{"gold_per_floor":[361,371,386,386,211,211,223,69,116,116,68,97,97,97],"floor_reached":14,"playtime":655,"items_purged":["Injury"],"score":144,"play_id":"cdcb0f80-fa48-4198-af4b-8471a3e5652c","local_time":"20190505142130","is_ascension_mode":true,"campfire_choices":[{"data":"Rampage","floor":6,"key":"SMITH"}],"neow_cost":"CURSE","seed_source_timestamp":460533609047443,"circlet_count":0,"master_deck":["AscendersBane","Strike_R","Strike_R","Strike_R","Strike_R","Strike_R","Defend_R+1","Defend_R","Defend_R","Defend_R+1","Bash+1","Rampage+1","Fire Breathing+1","Shrug It Off","Shrug It Off","Whirlwind","Flame Barrier"],"relics":["Burning Blood","Happy Flower","Vajra","War Paint","Matryoshka"],"potions_floor_usage":[3,13],"damage_taken":[{"damage":10,"enemies":"Small Slimes","floor":1,"turns":3},{"damage":23,"enemies":"Jaw Worm","floor":2,"turns":4},{"damage":6,"enemies":"Cultist","floor":3,"turns":3},{"damage":12,"enemies":"Gremlin Gang","floor":7,"turns":6},{"damage":19,"enemies":"3 Sentries","floor":12,"turns":7},{"damage":0,"enemies":"Exordium Wildlife","floor":13,"turns":1},{"damage":15,"enemies":"2 Fungi Beasts","floor":14,"turns":2}],"seed_played":"5416221860963061871","potions_obtained":[{"floor":1,"key":"SmokeBomb"},{"floor":2,"key":"Energy Potion"}],"is_trial":false,"path_per_floor":["M","M","M","?","$","R","M","$","T","?","$","E","M","M"],"character_chosen":"IRONCLAD","items_purchased":["Vajra","Shrug It Off","Whirlwind","SpeedPotion"],"campfire_rested":0,"item_purchase_floors":[5,5,8,11],"current_hp_per_floor":[68,51,51,44,44,44,38,38,38,22,22,9,15,0],"gold":97,"neow_bonus":"TWO_FIFTY_GOLD","is_prod":false,"is_daily":false,"chose_seed":false,"campfire_upgraded":1,"win_rate":0,"timestamp":1557091290,"path_taken":["M","M","M","?","$","R","M","$","T","?","$","E","M","M"],"build_version":"2019-01-23","purchased_purges":1,"victory":false,"max_hp_per_floor":[80,80,80,80,80,80,80,80,80,80,80,80,80,80],"card_choices":[{"not_picked":["Warcry","Corruption"],"picked":"Rampage","floor":1},{"not_picked":["Reckless Charge","Blood for Blood"],"picked":"Fire Breathing","floor":2},{"not_picked":["Infernal Blade","Searing Blow"],"picked":"Shrug It Off","floor":3},{"not_picked":["Twin Strike","Havoc","Infernal Blade"],"picked":"SKIP","floor":7},{"not_picked":["Headbutt","Twin Strike"],"picked":"Flame Barrier","floor":12}],"player_experience":671382,"relics_obtained":[{"floor":9,"key":"War Paint"},{"floor":12,"key":"Matryoshka"}],"event_choices":[{"damage_healed":0,"gold_gain":0,"player_choice":"Success","damage_taken":7,"relics_obtained":["Happy Flower"],"max_hp_gain":0,"max_hp_loss":0,"event_name":"Scrap Ooze","floor":4,"gold_loss":0},{"damage_healed":0,"gold_gain":0,"player_choice":"Entered Light","damage_taken":16,"max_hp_gain":0,"max_hp_loss":0,"event_name":"Shining Light","floor":10,"gold_loss":0,"cards_upgraded":["Bash","Fire Breathing"]}],"is_beta":false,"boss_relics":[],"items_purged_floors":[8],"is_endless":false,"potions_floor_spawned":[1,2],"killed_by":"2 Fungi Beasts","ascension_level":12}