{"gold_per_floor":[117,42,58,58,83,83,108,108,108,108,147,147,166,185,185,305,305,318,337,361,36,50,91,110,110,110,10,10,41,41,79,79,79],"floor_reached":33,"playtime":2048,"items_purged":["Strike_G","Strike_G"],"score":322,"play_id":"4109a647-3a2f-481c-92a5-989654d1720f","local_time":"20181230235425","is_ascension_mode":true,"campfire_choices":[{"data":"Neutralize","floor":6,"key":"SMITH"},{"data":"Blade Dance","floor":8,"key":"SMITH"},{"data":"Accuracy","floor":12,"key":"SMITH"},{"floor":15,"key":"REST"},{"data":"Blade Dance","floor":28,"key":"SMITH"},{"floor":30,"key":"REST"},{"floor":32,"key":"REST"}],"neow_cost":"NONE","seed_source_timestamp":50378006074693,"circlet_count":0,"master_deck":["Defend_G","Defend_G","Defend_G","Defend_G","Defend_G","Strike_G","Strike_G","Survivor","Neutralize+1","Blade Dance+1","Accuracy+1","Escape Plan","Calculated Gamble","After Image","Blade Dance+1","Finisher","Well Laid Plans","Caltrops","Writhe","Accuracy+1"],"relics":["Ring of the Snake","NeowsBlessing","Golden Idol","Kunai","Incense Burner","Philosopher\u0027s Stone","Singing Bowl","Boot","Paper Crane","Frozen Egg 2","Bag of Preparation","PreservedInsect"],"potions_floor_usage":[7,16,19,24,29,29,33],"damage_taken":[{"damage":0,"enemies":"Cultist","floor":1,"turns":1},{"damage":0,"enemies":"Jaw Worm","floor":3,"turns":1},{"damage":0,"enemies":"2 Louse","floor":5,"turns":1},{"damage":18,"enemies":"Gremlin Gang","floor":7,"turns":6},{"damage":17,"enemies":"Gremlin Nob","floor":11,"turns":6},{"damage":1,"enemies":"2 Fungi Beasts","floor":13,"turns":4},{"damage":0,"enemies":"Exordium Thugs","floor":14,"turns":5},{"damage":1,"enemies":"The Guardian","floor":16,"turns":13},{"damage":0,"enemies":"Shell Parasite","floor":18,"turns":6},{"damage":0,"enemies":"Spheric Guardian","floor":19,"turns":4},{"damage":6,"enemies":"Snake Plant","floor":20,"turns":6},{"damage":6,"enemies":"Centurion and Healer","floor":22,"turns":9},{"damage":24,"enemies":"Book of Stabbing","floor":23,"turns":7},{"damage":0,"enemies":"Chosen and Byrds","floor":24,"turns":6},{"damage":31,"enemies":"Slavers","floor":29,"turns":7},{"damage":19,"enemies":"Gremlin Leader","floor":31,"turns":6},{"damage":38,"enemies":"Champ","floor":33,"turns":8}],"seed_played":"-8424145986827629720","potions_obtained":[{"floor":1,"key":"Swift Potion"},{"floor":5,"key":"Swift Potion"},{"floor":14,"key":"GamblersBrew"},{"floor":16,"key":"Swift Potion"},{"floor":22,"key":"Explosive Potion"},{"floor":24,"key":"AttackPotion"},{"floor":31,"key":"AttackPotion"}],"is_trial":false,"path_per_floor":["M","$","M","?","M","R","M","R","T","?","E","R","M","M","R","B",null,"M","M","M","$","M","E","M","?","T","$","R","E","R","E","R","B"],"character_chosen":"THE_SILENT","items_purchased":["Well Laid Plans","Singing Bowl"],"campfire_rested":3,"item_purchase_floors":[21,21],"current_hp_per_floor":[70,70,70,53,53,53,35,35,35,35,18,18,17,17,38,37,70,70,70,64,64,58,36,38,38,38,38,38,7,29,12,34,0],"gold":79,"neow_bonus":"THREE_ENEMY_KILL","is_prod":false,"is_daily":false,"chose_seed":false,"campfire_upgraded":4,"win_rate":0,"timestamp":1546239265,"path_taken":["M","$","?","?","M","R","M","R","T","?","E","R","M","M","R","BOSS","M","?","M","$","M","E","M","?","T","?","R","E","R","E","R","BOSS"],"build_version":"2018-12-20","purchased_purges":2,"victory":false,"max_hp_per_floor":[70,70,70,70,70,70,70,70,70,70,70,70,70,70,70,70,70,70,70,70,70,70,72,74,74,74,74,74,74,74,76,76,76],"card_choices":[{"not_picked":["Underhanded Strike","Predator","Setup"],"picked":"SKIP","floor":1},{"not_picked":["Dagger Spray","Acrobatics","Dagger Throw"],"picked":"SKIP","floor":3},{"not_picked":["Underhanded Strike","Tactician"],"picked":"Blade Dance","floor":5},{"not_picked":["Poisoned Stab","Predator"],"picked":"Accuracy","floor":7},{"not_picked":["Cloak And Dagger","PiercingWail","A Thousand Cuts"],"picked":"SKIP","floor":11},{"not_picked":["Deflect","Sucker Punch"],"picked":"Escape Plan","floor":13},{"not_picked":["Catalyst","Choke"],"picked":"Calculated Gamble","floor":14},{"not_picked":["A Thousand Cuts","Die Die Die"],"picked":"After Image","floor":16},{"not_picked":["Quick Slash+1","Eviscerate","Sucker Punch+1"],"picked":"SKIP","floor":18},{"not_picked":["Prepared+1","Underhanded Strike"],"picked":"Blade Dance","floor":19},{"not_picked":["Malaise","Underhanded Strike"],"picked":"Finisher","floor":20},{"not_picked":["Leg Sweep","Acrobatics"],"picked":"Caltrops","floor":22},{"not_picked":["Prepared","Deflect","Slice"],"picked":"Singing Bowl","floor":23},{"not_picked":["Expertise","Distraction","Bane+1"],"picked":"Singing Bowl","floor":24},{"not_picked":["Terror+1","Crippling Poison"],"picked":"Accuracy+1","floor":29},{"not_picked":["Choke","Grand Finale","Quick Slash+1"],"picked":"Singing Bowl","floor":31}],"player_experience":217642,"relics_obtained":[{"floor":9,"key":"Kunai"},{"floor":11,"key":"Incense Burner"},{"floor":23,"key":"Boot"},{"floor":26,"key":"Frozen Egg 2"},{"floor":29,"key":"Bag of Preparation"},{"floor":31,"key":"PreservedInsect"}],"event_choices":[{"damage_healed":0,"gold_gain":0,"player_choice":"Take Damage","damage_taken":17,"relics_obtained":["Golden Idol"],"max_hp_gain":0,"max_hp_loss":0,"event_name":"Golden Idol","floor":4,"gold_loss":0},{"cards_removed":["Strike_G"],"damage_healed":0,"gold_gain":0,"player_choice":"Purged","damage_taken":0,"max_hp_gain":0,"max_hp_loss":0,"event_name":"Purifier","floor":10,"gold_loss":0},{"damage_healed":0,"gold_gain":0,"player_choice":"Opened","damage_taken":0,"relics_obtained":["Paper Crane"],"max_hp_gain":0,"max_hp_loss":0,"event_name":"The Mausoleum","floor":25,"gold_loss":0,"cards_obtained":["Writhe"]}],"is_beta":false,"boss_relics":[{"not_picked":["Orrery","Fusion Hammer"],"picked":"Philosopher\u0027s Stone"}],"items_purged_floors":[2,27],"is_endless":false,"potions_floor_spawned":[1,5,14,16,22,24,31],"killed_by":"Champ","ascension_level":1}