{"gold_per_floor":[109,34,109,109,9,44,61,61,61,77,77,96,5,15,15,119,119,130,112,128,128],"floor_reached":21,"playtime":2683,"items_purged":["Strike_R","Strike_R"],"score":231,"play_id":"c0aabbc7-f61b-496c-a460-44503a9ba9ff","local_time":"20181203181825","is_ascension_mode":false,"campfire_choices":[{"data":"Anger","floor":8,"key":"SMITH"},{"data":"True Grit","floor":15,"key":"SMITH"}],"neow_cost":"NONE","seed_source_timestamp":777260461235989,"circlet_count":0,"master_deck":["Strike_R","Strike_R","Defend_R","Defend_R","Defend_R","Defend_R","Bash","Anger+1","Reckless Charge","Warcry","Fire Breathing","Heavy Blade","Metallicize","Warcry","True Grit+1","Feed","True Grit","Battle Trance"],"relics":["Burning Blood","NeowsBlessing","Ginger","Strawberry","Vajra","Snecko Eye"],"potions_floor_usage":[16,16,19,20,21],"damage_taken":[{"damage":0,"enemies":"2 Louse","floor":1,"turns":1},{"damage":0,"enemies":"Gremlin Nob","floor":6,"turns":1},{"damage":0,"enemies":"Jaw Worm","floor":7,"turns":1},{"damage":1,"enemies":"Cultist","floor":10,"turns":3},{"damage":5,"enemies":"Exordium Thugs","floor":12,"turns":4},{"damage":21,"enemies":"Lots of Slimes","floor":14,"turns":4},{"damage":44,"enemies":"The Guardian","floor":16,"turns":8},{"damage":9,"enemies":"3 Byrds","floor":18,"turns":4},{"damage":28,"enemies":"2 Thieves","floor":19,"turns":4},{"damage":76,"enemies":"Cultist and Chosen","floor":20,"turns":10},{"damage":17,"enemies":"Centurion and Healer","floor":21,"turns":5}],"seed_played":"7916667129888094117","potions_obtained":[{"floor":1,"key":"SpeedPotion"},{"floor":6,"key":"SkillPotion"},{"floor":7,"key":"SteroidPotion"},{"floor":16,"key":"Regen Potion"},{"floor":20,"key":"AttackPotion"}],"is_trial":false,"path_per_floor":["M","$","?","?","$","E","M","R","T","M","T","M","$","M","R","B",null,"M","M","M","M"],"character_chosen":"IRONCLAD","items_purchased":["Metallicize","Warcry"],"campfire_rested":0,"item_purchase_floors":[13,13],"current_hp_per_floor":[80,80,69,69,69,75,80,80,87,87,87,87,87,72,72,34,87,87,77,10,0],"gold":128,"neow_bonus":"THREE_ENEMY_KILL","is_prod":false,"is_daily":false,"chose_seed":false,"campfire_upgraded":2,"win_rate":0.0,"timestamp":1543886305,"path_taken":["M","$","?","?","$","E","M","R","T","?","?","M","?","M","R","BOSS","M","M","M","M"],"build_version":"2018-11-15","purchased_purges":2,"victory":false,"max_hp_per_floor":[80,80,80,80,80,80,80,80,87,87,87,87,87,87,87,87,87,90,93,96,96],"card_choices":[{"not_picked":["Reckless Charge","Armaments"],"picked":"Anger","floor":1},{"not_picked":["Impervious","Body Slam"],"picked":"Warcry","floor":6},{"not_picked":["Headbutt","Thunderclap","Clothesline"],"picked":"SKIP","floor":7},{"not_picked":["Metallicize","Whirlwind"],"picked":"Fire Breathing","floor":10},{"not_picked":["Rage","Sever Soul"],"picked":"Heavy Blade","floor":12},{"not_picked":["Clothesline","Pummel"],"picked":"True Grit","floor":14},{"not_picked":["Barricade","Dark Embrace"],"picked":"Feed","floor":16},{"not_picked":["Corruption","Clothesline"],"picked":"True Grit","floor":18},{"not_picked":["Twin Strike","Thunderclap"],"picked":"Battle Trance","floor":19},{"not_picked":["Flex","Heavy Blade+1","Dropkick"],"picked":"SKIP","floor":20}],"player_experience":14290,"relics_obtained":[{"floor":6,"key":"Ginger"},{"floor":9,"key":"Strawberry"},{"floor":11,"key":"Vajra"}],"event_choices":[{"damage_healed":0,"gold_gain":75,"player_choice":"Gather Gold","damage_taken":11,"max_hp_gain":0,"max_hp_loss":0,"event_name":"World of Goop","floor":3,"gold_loss":0},{"damage_healed":0,"gold_gain":0,"cards_transformed":["Strike_R"],"player_choice":"Transformed","damage_taken":0,"max_hp_gain":0,"max_hp_loss":0,"event_name":"Transmorgrifier","floor":4,"gold_loss":0,"cards_obtained":["Reckless Charge"]}],"is_beta":false,"boss_relics":[{"not_picked":["Orrery","Busted Crown"],"picked":"Snecko Eye"}],"items_purged_floors":[2,5],"is_endless":false,"potions_floor_spawned":[1,6,7,16,20],"killed_by":"Centurion and Healer","ascension_level":0}