{"gold_per_floor":[109,122,122,47,61,87,87,117,195,209,159,16,16,16,16,115,115,133,33,33,43,43,43,43,43,43,43,59,78,88,88],"floor_reached":31,"playtime":2121,"items_purged":["Strike_G","Strike_G"],"score":243,"play_id":"ac5e2f2a-d05e-4106-83db-b4410b3e3a1a","local_time":"20181213205622","is_ascension_mode":false,"campfire_choices":[{"data":"Infinite Blades","floor":7,"key":"SMITH"},{"data":"Neutralize","floor":13,"key":"SMITH"},{"data":"Accuracy","floor":15,"key":"SMITH"},{"data":"Backstab","floor":23,"key":"SMITH"}],"neow_cost":"NONE","seed_source_timestamp":148227955963209,"circlet_count":0,"master_deck":["Defend_G","Defend_G","Defend_G","Defend_G","Defend_G","Strike_G","Strike_G","Survivor","Neutralize+1","Dramatic Entrance","Prepared","Backstab+1","Bandage Up","Footwork","Bouncing Flask","Infinite Blades+1","Deadly Poison","Accuracy+1","Bane","Prepared","Tools of the Trade","Deadly Poison","Writhe","Dodge and Roll+1","J.A.X.+1","Necronomicurse","Accuracy+1","Blur+1","Reflex+1"],"relics":["Ring of the Snake","Torii","Regal Pillow","Ninja Scroll","Sundial","Coffee Dripper","Toxic Egg 2","Necronomicon","Dodecahedron"],"potions_floor_usage":[6,8,16,18,28],"damage_taken":[{"damage":0,"enemies":"Cultist","floor":1,"turns":5},{"damage":0,"enemies":"Jaw Worm","floor":2,"turns":4},{"damage":0,"enemies":"Small Slimes","floor":5,"turns":2},{"damage":29,"enemies":"Gremlin Nob","floor":6,"turns":4},{"damage":20,"enemies":"3 Sentries","floor":8,"turns":6},{"damage":0,"enemies":"Blue Slaver","floor":10,"turns":2},{"damage":5,"enemies":"Hexaghost","floor":16,"turns":7},{"damage":2,"enemies":"2 Thieves","floor":18,"turns":4},{"damage":2,"enemies":"Chosen","floor":21,"turns":4},{"damage":17,"enemies":"Snecko","floor":28,"turns":5},{"damage":32,"enemies":"Centurion and Healer","floor":29,"turns":6},{"damage":19,"enemies":"Shelled Parasite and Fungi","floor":30,"turns":6},{"damage":12,"enemies":"Colosseum Slavers","floor":31,"turns":1}],"seed_played":"-2248725464076812266","potions_obtained":[{"floor":1,"key":"LiquidBronze"},{"floor":6,"key":"AttackPotion"},{"floor":8,"key":"Dexterity Potion"},{"floor":16,"key":"Weak Potion"},{"floor":21,"key":"Regen Potion"},{"floor":29,"key":"SneckoOil"},{"floor":30,"key":"Dexterity Potion"}],"is_trial":false,"path_per_floor":["M","M","?","$","M","E","R","E","T","M","?","$","R","T","R","B",null,"M","$","?","M","?","R","?","?","T","$","M","M","M","?"],"character_chosen":"THE_SILENT","items_purchased":["Accuracy","Bane","Prepared"],"campfire_rested":0,"item_purchase_floors":[12,12,12],"current_hp_per_floor":[70,70,70,70,70,41,41,25,25,29,29,29,29,29,29,28,70,68,68,68,68,68,68,68,52,52,52,53,25,10,0],"gold":88,"neow_bonus":"RANDOM_COLORLESS","is_prod":false,"is_daily":false,"chose_seed":false,"campfire_upgraded":4,"win_rate":0.0,"timestamp":1544759782,"path_taken":["M","?","?","$","?","E","R","E","T","M","?","$","R","?","R","BOSS","M","$","?","M","?","R","?","?","T","?","M","M","?","?"],"build_version":"2018-12-13","purchased_purges":2,"victory":false,"max_hp_per_floor":[70,70,70,70,70,70,70,70,70,70,70,70,70,70,70,70,70,70,70,70,70,70,70,70,70,70,70,70,70,70,70],"card_choices":[{"not_picked":["Underhanded Strike","Eviscerate"],"picked":"Prepared","floor":1},{"not_picked":["Blade Dance","Calculated Gamble"],"picked":"Backstab","floor":2},{"not_picked":["Dagger Throw","Underhanded Strike"],"picked":"Bouncing Flask","floor":5},{"not_picked":["Acrobatics","Riddle With Holes"],"picked":"Infinite Blades","floor":6},{"not_picked":["Unload","Dash"],"picked":"Deadly Poison","floor":8},{"not_picked":["Underhanded Strike","Backflip","Poisoned Stab"],"picked":"SKIP","floor":10},{"not_picked":["Wraith Form v2","Malaise"],"picked":"Tools of the Trade","floor":16},{"not_picked":["Dagger Throw","Acrobatics"],"picked":"Deadly Poison","floor":18},{"not_picked":["Outmaneuver+1","Poisoned Stab+1"],"picked":"Dodge and Roll+1","floor":21},{"not_picked":["Catalyst+1","Predator"],"picked":"Accuracy+1","floor":28},{"not_picked":["Crippling Poison+1","Bane"],"picked":"Blur+1","floor":29},{"not_picked":["Slice","Prepared+1"],"picked":"Reflex+1","floor":30}],"player_experience":88830,"relics_obtained":[{"floor":6,"key":"Torii"},{"floor":8,"key":"Regal Pillow"},{"floor":9,"key":"Ninja Scroll"},{"floor":14,"key":"Sundial"},{"floor":25,"key":"Necronomicon"},{"floor":26,"key":"Dodecahedron"}],"event_choices":[{"damage_healed":0,"gold_gain":0,"player_choice":"2 cards matched","damage_taken":0,"max_hp_gain":0,"max_hp_loss":0,"event_name":"Match and Keep!","floor":3,"gold_loss":0,"cards_obtained":["Bandage Up","Footwork"]},{"cards_removed":["Strike_G"],"damage_healed":0,"gold_gain":0,"player_choice":"Card Removal","damage_taken":0,"max_hp_gain":0,"max_hp_loss":0,"event_name":"The Cleric","floor":11,"gold_loss":50},{"damage_healed":0,"gold_gain":0,"player_choice":"Opened","damage_taken":0,"relics_obtained":["Toxic Egg 2"],"max_hp_gain":0,"max_hp_loss":0,"event_name":"The Mausoleum","floor":20,"gold_loss":0,"cards_obtained":["Writhe"]},{"damage_healed":0,"gold_gain":0,"player_choice":"Ignored","damage_taken":0,"max_hp_gain":0,"max_hp_loss":0,"event_name":"Vampires","floor":22,"gold_loss":0},{"damage_healed":0,"gold_gain":0,"player_choice":"Obtain J.A.X.","damage_taken":0,"max_hp_gain":0,"max_hp_loss":0,"event_name":"Drug Dealer","floor":24,"gold_loss":0,"cards_obtained":["J.A.X."]},{"damage_healed":0,"gold_gain":0,"player_choice":"Obtained Book","damage_taken":16,"max_hp_gain":0,"max_hp_loss":0,"event_name":"Cursed Tome","floor":25,"gold_loss":0},{"damage_healed":0,"gold_gain":0,"player_choice":"Fight","damage_taken":0,"max_hp_gain":0,"max_hp_loss":0,"event_name":"Colosseum","floor":31,"gold_loss":0}],"is_beta":false,"boss_relics":[{"not_picked":["Ring of the Serpent","Orrery"],"picked":"Coffee Dripper"}],"items_purged_floors":[4,19],"is_endless":false,"potions_floor_spawned":[1,6,8,16,21,29,30],"killed_by":"Colosseum Slavers","ascension_level":0}