{"gold_per_floor":[111,61,61,61,61,61,72,97,97,97,59,59,73,102,102,207,207,224,239,137,52,63,63,90,100,100,100,130,130,90,105,105,105],"floor_reached":33,"playtime":2214,"items_purged":[],"score":378,"play_id":"fdea6a63-5f2f-4664-8d03-44e208d04a57","local_time":"20190716193407","is_ascension_mode":true,"campfire_choices":[{"data":"Bash","floor":6,"key":"SMITH"},{"floor":10,"key":"REST"},{"floor":12,"key":"REST"},{"data":"Corruption","floor":15,"key":"SMITH"},{"floor":23,"key":"REST"},{"floor":29,"key":"REST"},{"floor":32,"key":"REST"}],"neow_cost":"NONE","seed_source_timestamp":111486923714797,"circlet_count":0,"master_deck":["Strike_R+1","Strike_R+1","Strike_R+1","Strike_R+1","Defend_R+1","Defend_R+1","Defend_R+1","Bash+1","Shrug It Off","Iron Wave","Dual Wield","Rampage","Disarm","Corruption+1","Barricade+1","Clothesline+1","Wild Strike+1","Pummel+1","Pommel Strike+1","True Grit","Power Through","Body Slam+1","Iron Wave+1","Headbutt+1"],"relics":["Burning Blood","Anchor","Red Skull","Bronze Scales","Molten Egg 2","Busted Crown","Frozen Egg 2","Question Card","Ice Cream","Blue Candle"],"potions_floor_usage":[8,16,25,33],"damage_taken":[{"damage":9,"enemies":"2 Louse","floor":1,"turns":3},{"damage":6,"enemies":"Jaw Worm","floor":7,"turns":4},{"damage":44,"enemies":"3 Sentries","floor":8,"turns":9},{"damage":1,"enemies":"Cultist","floor":13,"turns":3},{"damage":20,"enemies":"Gremlin Nob","floor":14,"turns":4},{"damage":57,"enemies":"Slime Boss","floor":16,"turns":12},{"damage":27,"enemies":"2 Thieves","floor":18,"turns":5},{"damage":3,"enemies":"3 Byrds","floor":19,"turns":3},{"damage":23,"enemies":"Cultist and Chosen","floor":22,"turns":7},{"damage":29,"enemies":"Book of Stabbing","floor":24,"turns":6},{"damage":27,"enemies":"Snake Plant","floor":25,"turns":4},{"damage":28,"enemies":"Gremlin Leader","floor":28,"turns":6},{"damage":0,"enemies":"Chosen and Byrds","floor":31,"turns":3},{"damage":93,"enemies":"Automaton","floor":33,"turns":10}],"seed_played":"6778505926486827510","potions_obtained":[{"floor":7,"key":"AttackPotion"},{"floor":13,"key":"BloodPotion"},{"floor":24,"key":"Weak Potion"},{"floor":25,"key":"FairyPotion"},{"floor":31,"key":"Swift Potion"}],"is_trial":false,"path_per_floor":["M","?","?","?","T","R","M","E","T","R","$","R","M","E","R","B",null,"M","M","$","?","M","R","E","M","T","?","E","R","?","M","R","B"],"character_chosen":"IRONCLAD","items_purchased":["Rampage","Pummel+1","Pommel Strike+1"],"campfire_rested":5,"item_purchase_floors":[11,20,20],"current_hp_per_floor":[77,77,70,75,75,75,75,37,37,64,64,91,93,79,79,51,83,62,65,65,65,48,75,52,31,31,31,9,36,36,42,69,0],"gold":105,"neow_bonus":"TEN_PERCENT_HP_BONUS","is_prod":false,"is_daily":false,"chose_seed":false,"campfire_upgraded":2,"win_rate":0,"timestamp":1563302047,"path_taken":["M","?","?","?","?","R","M","E","T","R","$","R","?","E","R","BOSS","M","M","?","?","M","R","E","M","T","?","E","R","?","M","R","BOSS"],"build_version":"2019-07-05","purchased_purges":0,"victory":false,"max_hp_per_floor":[88,88,88,93,93,93,93,93,93,93,93,93,93,93,93,93,93,93,93,93,93,93,93,93,93,93,93,93,93,93,93,93,93],"card_choices":[{"not_picked":["Havoc","Wild Strike"],"picked":"Shrug It Off","floor":1},{"not_picked":["Wild Strike","Havoc"],"picked":"Iron Wave","floor":7},{"not_picked":["Second Wind","Reckless Charge"],"picked":"Dual Wield","floor":8},{"not_picked":["Reckless Charge","Body Slam"],"picked":"Disarm","floor":13},{"not_picked":["Perfected Strike","Sword Boomerang"],"picked":"Corruption","floor":14},{"not_picked":["Berserk","Limit Break"],"picked":"Barricade","floor":16},{"not_picked":[],"picked":"Clothesline+1","floor":18},{"not_picked":[],"picked":"Wild Strike+1","floor":19},{"not_picked":[],"picked":"True Grit","floor":22},{"not_picked":[],"picked":"Power Through","floor":24},{"not_picked":["Corruption+1"],"picked":"Body Slam+1","floor":25},{"not_picked":["Carnage+1"],"picked":"Iron Wave+1","floor":28},{"not_picked":["Immolate+1"],"picked":"Headbutt+1","floor":31}],"player_experience":137714,"relics_obtained":[{"floor":5,"key":"Anchor"},{"floor":8,"key":"Red Skull"},{"floor":9,"key":"Bronze Scales"},{"floor":14,"key":"Molten Egg 2"},{"floor":24,"key":"Question Card"},{"floor":26,"key":"Ice Cream"},{"floor":28,"key":"Blue Candle"}],"event_choices":[{"cards_removed":["Defend_R"],"damage_healed":0,"gold_gain":0,"player_choice":"Card Removal","damage_taken":0,"max_hp_gain":0,"max_hp_loss":0,"event_name":"The Cleric","floor":2,"gold_loss":50},{"cards_removed":["Strike_R"],"damage_healed":0,"gold_gain":0,"player_choice":"Card Removal","damage_taken":7,"max_hp_gain":0,"max_hp_loss":0,"event_name":"Golden Wing","floor":3,"gold_loss":0},{"damage_healed":0,"gold_gain":0,"player_choice":"Donut","damage_taken":0,"max_hp_gain":5,"max_hp_loss":0,"event_name":"Big Fish","floor":4,"gold_loss":0},{"damage_healed":0,"gold_gain":0,"player_choice":"Obtained Relic","damage_taken":0,"relics_obtained":["Frozen Egg 2"],"max_hp_gain":0,"max_hp_loss":0,"event_name":"Addict","floor":21,"gold_loss":85},{"damage_healed":0,"gold_gain":0,"player_choice":"Simplicity","damage_taken":0,"max_hp_gain":0,"max_hp_loss":0,"event_name":"Back to Basics","floor":27,"gold_loss":0,"cards_upgraded":["Strike_R","Strike_R","Strike_R","Strike_R","Defend_R","Defend_R","Defend_R"]},{"damage_healed":0,"gold_gain":0,"player_choice":"Upgrade","damage_taken":0,"max_hp_gain":0,"max_hp_loss":0,"event_name":"Designer","floor":30,"gold_loss":40,"cards_upgraded":["Barricade"]}],"is_beta":false,"boss_relics":[{"not_picked":["Lizard Tail","Coffee Dripper"],"picked":"Busted Crown"}],"items_purged_floors":[],"is_endless":false,"potions_floor_spawned":[7,13,24,25,31],"killed_by":"Automaton","ascension_level":6}