{"gold_per_floor":[119,194,144,144,159,159,190,190,258,183,197,212,36,36,36,137,137,150,150,166,184,283,295,135,135,135,135,38,55,55,69,69,169,169,189,289,289,18,28,28,45,56,136,136,136,136,136,149,149,149,149,149,36,68,68],"floor_reached":55,"playtime":3375,"items_purged":["Defend_R","Defend_R","Feel No Pain","Battle Trance","Bludgeon"],"score":690,"play_id":"e7c0c86a-d25a-46ee-b0ed-8fbd89999d75","local_time":"20190205235216","is_ascension_mode":false,"campfire_choices":[{"data":"Bash","floor":6,"key":"SMITH"},{"floor":15,"key":"REST"},{"data":"Dual Wield","floor":30,"key":"SMITH"},{"floor":32,"key":"REST"},{"floor":40,"key":"RECALL"},{"data":"Dropkick","floor":44,"key":"SMITH"},{"data":"Dropkick","floor":45,"key":"SMITH"},{"data":"Iron Wave","floor":47,"key":"SMITH"},{"data":"Second Wind","floor":49,"key":"SMITH"},{"data":"Sentinel","floor":52,"key":"SMITH"}],"neow_cost":"NONE","seed_source_timestamp":760602208395153,"circlet_count":0,"master_deck":["Bash+1","Rage+1","Dropkick+1","Dual Wield+1","Iron Wave+1","Sentinel+1","Dropkick+1","Second Wind+1","True Grit"],"relics":["Burning Blood","NeowsBlessing","War Paint","Matryoshka","Letter Opener","Pandora\u0027s Box","Bag of Preparation","Kunai","Mummified Hand","Coffee Dripper","WingedGreaves","Regal Pillow","Membership Card","Ornamental Fan","NlothsMask","Whetstone"],"potions_floor_usage":[12,19,29,33,42,50,50,54],"damage_taken":[{"damage":0,"enemies":"Jaw Worm","floor":1,"turns":1},{"damage":0,"enemies":"2 Louse","floor":5,"turns":1},{"damage":0,"enemies":"Gremlin Nob","floor":7,"turns":1},{"damage":0,"enemies":"Small Slimes","floor":11,"turns":3},{"damage":31,"enemies":"Exordium Thugs","floor":12,"turns":4},{"damage":40,"enemies":"The Guardian","floor":16,"turns":9},{"damage":9,"enemies":"Shell Parasite","floor":18,"turns":4},{"damage":20,"enemies":"Colosseum Slavers","floor":19,"turns":3},{"damage":0,"enemies":"Chosen","floor":20,"turns":4},{"damage":32,"enemies":"Snecko","floor":21,"turns":5},{"damage":26,"enemies":"Shelled Parasite and Fungi","floor":23,"turns":4},{"damage":5,"enemies":"Cultist and Chosen","floor":29,"turns":4},{"damage":0,"enemies":"Centurion and Healer","floor":31,"turns":3},{"damage":41,"enemies":"Automaton","floor":33,"turns":8},{"damage":0,"enemies":"Orb Walker","floor":35,"turns":2},{"damage":23,"enemies":"Mind Bloom Boss Battle","floor":36,"turns":4},{"damage":22,"enemies":"3 Shapes","floor":39,"turns":3},{"damage":28,"enemies":"Sphere and 2 Shapes","floor":41,"turns":6},{"damage":13,"enemies":"Maw","floor":42,"turns":7},{"damage":0,"enemies":"Writhing Mass","floor":48,"turns":4},{"damage":17,"enemies":"Awakened One","floor":50,"turns":9},{"damage":55,"enemies":"Shield and Spear","floor":54,"turns":7},{"damage":37,"enemies":"The Heart","floor":55,"turns":2}],"seed_played":"-6379140619504926067","potions_obtained":[{"floor":1,"key":"Ancient Potion"},{"floor":5,"key":"SpeedPotion"},{"floor":7,"key":"Energy Potion"},{"floor":11,"key":"Regen Potion"},{"floor":18,"key":"Ancient Potion"},{"floor":21,"key":"Swift Potion"},{"floor":33,"key":"Weak Potion"},{"floor":41,"key":"Energy Potion"},{"floor":48,"key":"Weak Potion"}],"is_trial":false,"path_per_floor":["M","?","?","?","M","R","E","?","T","$","M","M","$","?","R","B",null,"M","?","M","M","?","M","$","T","T","?","$","M","R","M","R","B",null,"M","?","T","$","M","R","M","M","T","R","R","?","R","M","R","B",null,"R","$","E","B"],"character_chosen":"IRONCLAD","items_purchased":["Dropkick","Dropkick","Fruit Juice","Membership Card","True Grit"],"campfire_rested":2,"item_purchase_floors":[13,24,28,38,53],"current_hp_per_floor":[80,69,69,69,75,75,80,80,80,80,80,64,64,57,80,46,80,77,63,69,43,43,23,23,23,23,23,23,29,29,35,60,25,85,85,68,68,68,52,52,30,23,23,23,23,23,23,29,29,18,85,85,85,36,0],"gold":68,"neow_bonus":"THREE_ENEMY_KILL","is_prod":false,"is_daily":false,"chose_seed":false,"campfire_upgraded":7,"win_rate":0,"timestamp":1549435936,"path_taken":["M","?","?","?","?","R","E","?","T","$","?","M","$","?","R","BOSS","M","?","M","M","?","M","$","?","T","?","$","M","R","M","R","BOSS","M","?","?","?","M","R","?","M","T","R","R","?","R","?","R","BOSS","R","$","E","BOSS"],"build_version":"2019-01-23","purchased_purges":5,"victory":false,"max_hp_per_floor":[80,80,80,80,80,80,80,80,80,80,80,80,80,80,80,80,80,80,80,80,80,80,80,80,80,80,80,80,85,85,85,85,85,85,85,85,85,85,85,85,85,85,85,85,85,85,85,85,85,85,85,85,85,85,85],"card_choices":[{"not_picked":["Entrench","Thunderclap"],"picked":"Rage","floor":1},{"not_picked":["Cleave","Iron Wave","Burning Pact"],"picked":"SKIP","floor":5},{"not_picked":["Heavy Blade","Clash","Immolate"],"picked":"SKIP","floor":7},{"not_picked":["Anger","Flame Barrier","Evolve"],"picked":"SKIP","floor":11},{"not_picked":["Iron Wave","Disarm","Twin Strike"],"picked":"SKIP","floor":12},{"not_picked":["Flex","Sword Boomerang","Clash"],"picked":"SKIP","floor":18},{"not_picked":["Twin Strike","Uppercut","Seeing Red+1"],"picked":"SKIP","floor":20},{"not_picked":["Twin Strike+1","Rage+1","Entrench"],"picked":"SKIP","floor":21},{"not_picked":["Armaments+1","Sever Soul","Havoc"],"picked":"SKIP","floor":23},{"not_picked":["Armaments","Bloodletting"],"picked":"Second Wind","floor":29},{"not_picked":["Wild Strike","Corruption","Armaments"],"picked":"SKIP","floor":31},{"not_picked":["Pommel Strike","Sever Soul","Heavy Blade+1"],"picked":"SKIP","floor":35},{"not_picked":["Shrug It Off","Clash+1","Armaments+1"],"picked":"SKIP","floor":39},{"not_picked":["True Grit+1","Cleave","Body Slam+1"],"picked":"SKIP","floor":41},{"not_picked":["Flex+1","Immolate","Thunderclap"],"picked":"SKIP","floor":42},{"not_picked":["Clash","Cleave","Body Slam+1"],"picked":"SKIP","floor":48},{"not_picked":["Sentinel","Flex","Iron Wave"],"picked":"SKIP","floor":54}],"player_experience":373196,"relics_obtained":[{"floor":7,"key":"War Paint"},{"floor":9,"key":"Matryoshka"},{"floor":25,"key":"Bag of Preparation"},{"floor":25,"key":"Kunai"},{"floor":26,"key":"Mummified Hand"},{"floor":36,"key":"WingedGreaves"},{"floor":37,"key":"Regal Pillow"},{"floor":43,"key":"Ornamental Fan"},{"floor":54,"key":"Whetstone"}],"event_choices":[{"damage_healed":0,"gold_gain":75,"player_choice":"Gather Gold","damage_taken":11,"max_hp_gain":0,"max_hp_loss":0,"event_name":"World of Goop","floor":2,"gold_loss":0},{"cards_removed":["Defend_R"],"damage_healed":0,"gold_gain":0,"player_choice":"Card Removal","damage_taken":0,"max_hp_gain":0,"max_hp_loss":0,"event_name":"The Cleric","floor":3,"gold_loss":50},{"damage_healed":0,"gold_gain":0,"player_choice":"0 cards matched","damage_taken":0,"max_hp_gain":0,"max_hp_loss":0,"event_name":"Match and Keep!","floor":4,"gold_loss":0,"cards_obtained":[]},{"damage_healed":0,"gold_gain":0,"player_choice":"Forge","damage_taken":0,"max_hp_gain":0,"max_hp_loss":0,"event_name":"Accursed Blacksmith","floor":8,"gold_loss":0,"cards_upgraded":["Strike_R"]},{"damage_healed":0,"gold_gain":0,"player_choice":"Success","damage_taken":7,"relics_obtained":["Letter Opener"],"max_hp_gain":0,"max_hp_loss":0,"event_name":"Scrap Ooze","floor":14,"gold_loss":0},{"damage_healed":0,"gold_gain":0,"player_choice":"Fight","damage_taken":0,"max_hp_gain":0,"max_hp_loss":0,"event_name":"Colosseum","floor":19,"gold_loss":0},{"damage_healed":0,"gold_gain":0,"player_choice":"Fled From Nobs","damage_taken":0,"max_hp_gain":0,"max_hp_loss":0,"event_name":"Colosseum","floor":19,"gold_loss":0},{"damage_healed":0,"gold_gain":99,"player_choice":"Stole From Cult","damage_taken":0,"max_hp_gain":0,"max_hp_loss":0,"event_name":"Nest","floor":22,"gold_loss":0},{"damage_healed":0,"gold_gain":0,"player_choice":"Ignored","damage_taken":0,"max_hp_gain":0,"max_hp_loss":0,"event_name":"The Mausoleum","floor":27,"gold_loss":0},{"damage_healed":0,"gold_gain":0,"player_choice":"Fight","damage_taken":0,"max_hp_gain":0,"max_hp_loss":0,"event_name":"MindBloom","floor":36,"gold_loss":0},{"damage_healed":0,"gold_gain":0,"player_choice":"Trade","damage_taken":0,"relics_obtained":["NlothsMask"],"max_hp_gain":0,"max_hp_loss":0,"event_name":"FaceTrader","floor":46,"gold_loss":0}],"is_beta":false,"boss_relics":[{"not_picked":["White Beast Statue","Fusion Hammer"],"picked":"Pandora\u0027s Box"},{"not_picked":["Black Star","Snecko Eye"],"picked":"Coffee Dripper"}],"items_purged_floors":[10,13,24,38,53],"is_endless":false,"potions_floor_spawned":[1,5,7,11,18,21,23,33,41,48],"killed_by":"The Heart","ascension_level":0}