{"gold_per_floor":[362,537,812,10,27,55,55,81,126,146,146,157,157,177,177,272,272,286,1,19,35,35,35,61,61,61,73,0,0],"floor_reached":29,"playtime":2011,"items_purged":["Regret","Strike_R"],"score":430,"play_id":"7f2ef5e2-9e13-468f-9c38-cb280eeba168","local_time":"20190629182003","is_ascension_mode":true,"campfire_choices":[{"floor":7,"key":"REST"},{"floor":11,"key":"REST"},{"data":"Armaments","floor":13,"key":"SMITH"},{"data":"Dark Embrace","floor":15,"key":"SMITH"},{"data":"Limit Break","floor":23,"key":"SMITH"},{"data":"Whirlwind","floor":25,"key":"SMITH"}],"neow_cost":"TEN_PERCENT_HP_LOSS","seed_source_timestamp":20884165227372,"circlet_count":0,"master_deck":["AscendersBane","Strike_R","Strike_R","Strike_R+1","Defend_R","Defend_R","Defend_R","Defend_R","Bash","Pommel Strike","Rage","Purity","Bludgeon+1","Armaments+1","Dark Embrace+1","Whirlwind+1","Rupture","Disarm","Limit Break+1","Blood for Blood+1","Inflame","Shrug It Off","True Grit","Pommel Strike","Headbutt"],"relics":["Burning Blood","Medical Kit","Bottled Flame","Potion Belt","Anchor","Whetstone","Empty Cage","PreservedInsect","Matryoshka","Omamori","Shuriken"],"potions_floor_usage":[6,6,8,18,20,21,21,24,27,29],"damage_taken":[{"damage":15,"enemies":"Jaw Worm","floor":1,"turns":6},{"damage":3,"enemies":"Small Slimes","floor":5,"turns":3},{"damage":62,"enemies":"Gremlin Nob","floor":6,"turns":5},{"damage":26,"enemies":"Lagavulin","floor":8,"turns":6},{"damage":0,"enemies":"Cultist","floor":10,"turns":2},{"damage":1,"enemies":"Looter","floor":12,"turns":2},{"damage":0,"enemies":"Blue Slaver","floor":14,"turns":4},{"damage":35,"enemies":"Hexaghost","floor":16,"turns":13},{"damage":38,"enemies":"Chosen","floor":18,"turns":6},{"damage":5,"enemies":"3 Byrds","floor":20,"turns":7},{"damage":3,"enemies":"Snecko","floor":21,"turns":4},{"damage":16,"enemies":"Gremlin Leader","floor":24,"turns":6},{"damage":26,"enemies":"Shelled Parasite and Fungi","floor":27,"turns":9},{"damage":38,"enemies":"Chosen and Byrds","floor":29,"turns":4}],"seed_played":"-2725287566229078079","potions_obtained":[{"floor":5,"key":"PowerPotion"},{"floor":6,"key":"Poison Potion"},{"floor":12,"key":"Explosive Potion"},{"floor":14,"key":"EntropicBrew"},{"floor":16,"key":"Regen Potion"},{"floor":21,"key":"GamblersBrew"},{"floor":27,"key":"Fruit Juice"}],"is_trial":false,"path_per_floor":["M","?","?","$","M","E","R","E","T","M","R","M","R","M","R","B",null,"M","$","M","M","?","R","E","R","T","M","?","M"],"character_chosen":"IRONCLAD","items_purchased":["Rage","Medical Kit","Bottled Flame","Purity","Bludgeon","SteroidPotion","Inflame","PreservedInsect"],"campfire_rested":2,"item_purchase_floors":[4,4,4,4,4,4,19,19],"current_hp_per_floor":[63,63,63,63,66,10,31,11,11,17,38,43,43,49,49,20,59,27,27,43,46,46,46,36,36,36,21,21,0],"gold":0,"neow_bonus":"TWO_FIFTY_GOLD","is_prod":false,"is_daily":false,"chose_seed":false,"campfire_upgraded":4,"win_rate":0,"timestamp":1561857603,"path_taken":["M","?","?","$","?","E","R","E","T","M","R","M","R","M","R","BOSS","M","$","M","M","?","R","E","R","T","M","?","M"],"build_version":"2019-01-23","purchased_purges":2,"victory":false,"max_hp_per_floor":[72,72,72,72,72,72,72,72,72,72,72,72,72,72,72,72,72,72,72,72,72,72,72,72,72,72,77,77,77],"card_choices":[{"not_picked":["Cleave","Headbutt"],"picked":"Pommel Strike","floor":1},{"not_picked":["Sentinel","Searing Blow"],"picked":"Armaments","floor":5},{"not_picked":["Wild Strike","Body Slam"],"picked":"Dark Embrace","floor":6},{"not_picked":["Blood for Blood","Bludgeon","Carnage"],"picked":"SKIP","floor":8},{"not_picked":["Rupture","Armaments"],"picked":"Whirlwind","floor":10},{"not_picked":["Perfected Strike","Wild Strike"],"picked":"Rupture","floor":12},{"not_picked":["Shockwave","Clothesline"],"picked":"Disarm","floor":14},{"not_picked":["Dark Embrace","Offering"],"picked":"Limit Break","floor":16},{"not_picked":["Perfected Strike","Clash"],"picked":"Blood for Blood+1","floor":18},{"not_picked":["Thunderclap","Offering"],"picked":"Shrug It Off","floor":20},{"not_picked":["Iron Wave","Sentinel"],"picked":"True Grit","floor":21},{"not_picked":["Clash+1","Sever Soul"],"picked":"Pommel Strike","floor":24},{"not_picked":["Hemokinesis","Iron Wave"],"picked":"Headbutt","floor":27}],"player_experience":685919,"relics_obtained":[{"floor":6,"key":"Potion Belt"},{"floor":8,"key":"Anchor"},{"floor":9,"key":"Whetstone"},{"floor":24,"key":"Matryoshka"},{"floor":26,"key":"Omamori"},{"floor":26,"key":"Shuriken"}],"event_choices":[{"damage_healed":0,"gold_gain":175,"player_choice":"AGREE","damage_taken":0,"max_hp_gain":0,"max_hp_loss":0,"event_name":"Liars Game","floor":2,"gold_loss":0,"cards_obtained":["Doubt"]},{"damage_healed":0,"gold_gain":275,"player_choice":"Desecrate","damage_taken":0,"max_hp_gain":0,"max_hp_loss":0,"event_name":"Golden Shrine","floor":3,"gold_loss":0,"cards_obtained":["Regret"]},{"damage_healed":0,"gold_gain":0,"player_choice":"Ignored","damage_taken":0,"max_hp_gain":0,"max_hp_loss":0,"event_name":"Beggar","floor":22,"gold_loss":0},{"damage_healed":0,"gold_gain":0,"player_choice":"Paid Fearfully","damage_taken":0,"max_hp_gain":0,"max_hp_loss":0,"event_name":"Masked Bandits","floor":28,"gold_loss":73}],"is_beta":false,"boss_relics":[{"not_picked":["Lizard Tail","Eternal Feather"],"picked":"Empty Cage"}],"items_purged_floors":[4,19],"is_endless":false,"potions_floor_spawned":[5,6,12,14,16,21,27],"killed_by":"Chosen and Byrds","ascension_level":12}