{"gold_per_floor":[113,21,36,111,111,150,325,365,391,100,116,116,116,152,152,282,282,265,26,26,62,121,177,102,2,48,48,48,13,13,69,69,214,214,228,168,234,254,294,329,329,329,329,329],"floor_reached":44,"playtime":3449,"items_purged":["Zap","Strike_B"],"score":643,"play_id":"b23eaad3-9dbd-4c0b-b393-3580627c4229","local_time":"20181221052118","is_ascension_mode":true,"campfire_choices":[{"data":"Buffer","floor":12,"key":"SMITH"},{"floor":15,"key":"REST"},{"data":"HandOfGreed","floor":28,"key":"SMITH"},{"floor":32,"key":"REST"},{"floor":42,"key":"REST"}],"neow_cost":"NONE","seed_source_timestamp":155368438936634,"circlet_count":0,"master_deck":["Defend_B","Defend_B","Defend_B","Dualcast","Gash","Chill","Blizzard","Buffer+1","Leap","Hologram","Undo","Barrage","Machine Learning","HandOfGreed+1","Gash","Recycle","Hologram","Chill+1","J.A.X.","Blizzard","Ghostly","Ghostly","Ghostly","Ghostly","Ghostly","Capacitor","Seek","Redo+1","Scrape+1","Conserve Battery+1","Consume"],"relics":["FrozenCore","NeowsBlessing","Golden Idol","Centennial Puzzle","Omamori","Pen Nib","Bronze Scales","Spirit Poop","PreservedInsect","Matryoshka","Cables","Bottled Flame","White Beast Statue","Potion Belt","Shuriken","Art of War"],"potions_floor_usage":[8,16,16,18,23,33,38,39,40,40,40],"damage_taken":[{"damage":0,"enemies":"Small Slimes","floor":1,"turns":1},{"damage":0,"enemies":"2 Louse","floor":3,"turns":1},{"damage":0,"enemies":"Lagavulin","floor":6,"turns":1},{"damage":22,"enemies":"Gremlin Nob","floor":8,"turns":4},{"damage":0,"enemies":"Cultist","floor":11,"turns":4},{"damage":2,"enemies":"3 Sentries","floor":14,"turns":9},{"damage":6,"enemies":"The Guardian","floor":16,"turns":15},{"damage":7,"enemies":"2 Thieves","floor":18,"turns":4},{"damage":17,"enemies":"Shell Parasite","floor":21,"turns":9},{"damage":14,"enemies":"Centurion and Healer","floor":22,"turns":12},{"damage":0,"enemies":"Book of Stabbing","floor":23,"turns":6},{"damage":18,"enemies":"Gremlin Leader","floor":31,"turns":6},{"damage":21,"enemies":"Automaton","floor":33,"turns":13},{"damage":0,"enemies":"Orb Walker","floor":35,"turns":8},{"damage":13,"enemies":"3 Shapes","floor":37,"turns":5},{"damage":0,"enemies":"Transient","floor":38,"turns":5},{"damage":3,"enemies":"3 Darklings","floor":39,"turns":7},{"damage":9,"enemies":"Giant Head","floor":40,"turns":10},{"damage":29,"enemies":"Maw","floor":44,"turns":11}],"seed_played":"6095501291954747324","potions_obtained":[{"floor":1,"key":"FocusPotion"},{"floor":8,"key":"SteroidPotion"},{"floor":14,"key":"Fire Potion"},{"floor":16,"key":"Dexterity Potion"},{"floor":22,"key":"SkillPotion"},{"floor":31,"key":"Block Potion"},{"floor":33,"key":"Weak Potion"},{"floor":35,"key":"Swift Potion"},{"floor":37,"key":"Dexterity Potion"},{"floor":38,"key":"FearPotion"},{"floor":39,"key":"LiquidBronze"},{"floor":40,"key":"Energy Potion"}],"is_trial":false,"path_per_floor":["M","$","M","?","?","E","?","E","T","$","M","R","?","E","R","B",null,"M","$","?","M","M","E","?","$","T","?","R","$","?","E","R","B",null,"M","?","M","M","M","E","?","R","T","M"],"character_chosen":"DEFECT","items_purchased":["Gash","Chill","Bronze Scales","Leap","Hologram","HandOfGreed","Gash","Blizzard"],"campfire_rested":3,"item_purchase_floors":[2,2,10,10,10,19,19,29],"current_hp_per_floor":[75,75,75,64,46,46,46,24,24,24,24,24,24,22,44,38,75,68,68,68,51,37,37,37,37,37,37,37,37,37,19,30,9,37,37,37,24,24,21,12,12,23,23,0],"gold":329,"neow_bonus":"THREE_ENEMY_KILL","is_prod":false,"is_daily":false,"chose_seed":false,"campfire_upgraded":2,"win_rate":0,"timestamp":1545394878,"path_taken":["M","$","M","?","?","E","?","E","T","$","M","R","?","E","R","BOSS","M","$","?","M","?","E","?","$","T","?","R","?","?","E","R","BOSS","M","?","?","?","M","E","?","R","T","M"],"build_version":"2018-12-20","purchased_purges":2,"victory":false,"max_hp_per_floor":[75,75,75,75,75,75,75,75,75,75,75,75,75,75,75,75,75,75,75,75,75,75,75,75,75,75,75,75,75,37,37,37,37,37,37,37,37,37,37,37,37,37,37,37],"card_choices":[{"not_picked":["Stack","Compile Driver","Sweeping Beam"],"picked":"SKIP","floor":1},{"not_picked":["Stack","Barrage","Sweeping Beam"],"picked":"SKIP","floor":3},{"not_picked":["Compile Driver","Turbo"],"picked":"Blizzard","floor":6},{"not_picked":["Tempest","Reinforced Body"],"picked":"Buffer","floor":8},{"not_picked":["Stack","Rebound"],"picked":"Undo","floor":11},{"not_picked":["Sweeping Beam","Auto Shields"],"picked":"Barrage","floor":14},{"not_picked":["Meteor Strike","Reboot"],"picked":"Machine Learning","floor":16},{"not_picked":["Ball Lightning","Heatsinks","Barrage"],"picked":"SKIP","floor":18},{"not_picked":["Stack","Force Field"],"picked":"Recycle","floor":21},{"not_picked":["Leap","Stack"],"picked":"Hologram","floor":22},{"not_picked":["Scrape","Self Repair"],"picked":"Chill+1","floor":23},{"not_picked":["Barrage+1","Consume"],"picked":"Capacitor","floor":31},{"not_picked":["Multi-Cast","Fission"],"picked":"Seek","floor":33},{"not_picked":["Streamline","Leap+1"],"picked":"Redo+1","floor":35},{"not_picked":["White Noise+1","Blizzard"],"picked":"Scrape+1","floor":37},{"not_picked":["Lockon+1","Skim"],"picked":"Conserve Battery+1","floor":38},{"not_picked":["Fusion","Ball Lightning+1","Storm+1"],"picked":"SKIP","floor":39},{"not_picked":["Ball Lightning","Rebound"],"picked":"Consume","floor":40}],"player_experience":145946,"relics_obtained":[{"floor":6,"key":"Centennial Puzzle"},{"floor":8,"key":"Omamori"},{"floor":9,"key":"Pen Nib"},{"floor":14,"key":"PreservedInsect"},{"floor":23,"key":"Matryoshka"},{"floor":26,"key":"Cables"},{"floor":31,"key":"Bottled Flame"},{"floor":40,"key":"Potion Belt"},{"floor":43,"key":"Shuriken"},{"floor":43,"key":"Art of War"}],"event_choices":[{"damage_healed":0,"gold_gain":75,"player_choice":"Gather Gold","damage_taken":11,"max_hp_gain":0,"max_hp_loss":0,"event_name":"World of Goop","floor":4,"gold_loss":0},{"damage_healed":0,"gold_gain":0,"player_choice":"Take Damage","damage_taken":18,"relics_obtained":["Golden Idol"],"max_hp_gain":0,"max_hp_loss":0,"event_name":"Golden Idol","floor":5,"gold_loss":0},{"damage_healed":0,"gold_gain":175,"player_choice":"AGREE","damage_taken":0,"max_hp_gain":0,"max_hp_loss":0,"event_name":"Liars Game","floor":7,"gold_loss":0,"cards_obtained":["Doubt"]},{"cards_removed":["Doubt"],"damage_healed":0,"gold_gain":0,"player_choice":"Offered Curse","damage_taken":0,"relics_obtained":["Spirit Poop"],"max_hp_gain":0,"max_hp_loss":0,"event_name":"Bonfire Elementals","floor":13,"gold_loss":0},{"cards_removed":["Strike_B"],"damage_healed":0,"gold_gain":0,"player_choice":"Card Removal","damage_taken":0,"max_hp_gain":0,"max_hp_loss":0,"event_name":"Wheel of Change","floor":20,"gold_loss":0},{"cards_removed":["Strike_B"],"damage_healed":0,"gold_gain":0,"player_choice":"Gave Gold","damage_taken":0,"max_hp_gain":0,"max_hp_loss":0,"event_name":"Beggar","floor":24,"gold_loss":75},{"damage_healed":0,"gold_gain":0,"player_choice":"Obtain J.A.X.","damage_taken":0,"max_hp_gain":0,"max_hp_loss":0,"event_name":"Drug Dealer","floor":27,"gold_loss":0,"cards_obtained":["J.A.X."]},{"damage_healed":0,"gold_gain":0,"player_choice":"Became a Ghost","damage_taken":0,"max_hp_gain":0,"max_hp_loss":38,"event_name":"Ghosts","floor":30,"gold_loss":0,"cards_obtained":["Ghostly","Ghostly","Ghostly","Ghostly","Ghostly"]},{"cards_removed":["Strike_B"],"damage_healed":0,"gold_gain":0,"player_choice":"Single Remove","damage_taken":0,"max_hp_gain":0,"max_hp_loss":0,"event_name":"Designer","floor":36,"gold_loss":60},{"cards_removed":["Defend_B"],"damage_healed":0,"gold_gain":0,"player_choice":"Purged","damage_taken":0,"max_hp_gain":0,"max_hp_loss":0,"event_name":"Purifier","floor":41,"gold_loss":0}],"is_beta":false,"boss_relics":[{"not_picked":["Black Star","Eternal Feather"],"picked":"FrozenCore"},{"not_picked":["Orrery","Fusion Hammer"],"picked":"White Beast Statue"}],"items_purged_floors":[10,25],"is_endless":false,"potions_floor_spawned":[1,8,14,16,22,31,33,35,37,38,39,40],"killed_by":"Maw","ascension_level":2}