{"gold_per_floor":[119,194,194,119,129,161,161,189,213,230,130,130,156,4,4,108,108,128,148,148,167,184,214,229,260,286,136,155,155,155,173,173,269,269,281,281,335,351,363,363,363],"floor_reached":41,"playtime":1905,"items_purged":["Defend_R","Defend_R","Strike_R","Strike_R"],"score":596,"play_id":"8a80e754-afaf-4045-877e-2fea3981bc1e","local_time":"20190105001416","is_ascension_mode":true,"campfire_choices":[{"data":"Flex","floor":7,"key":"SMITH"},{"data":"Flex","floor":15,"key":"SMITH"},{"data":"Seeing Red","floor":29,"key":"SMITH"},{"data":"Double Tap","floor":32,"key":"SMITH"},{"data":"Bash","floor":40,"key":"SMITH"}],"neow_cost":"NONE","seed_source_timestamp":15094447796338,"circlet_count":0,"master_deck":["Strike_R","Strike_R+1","Strike_R+1","Defend_R","Bash+1","Flex+1","Flex+1","Bludgeon+1","Ghostly","Ghostly","Ghostly","Ghostly","Ghostly","Seeing Red+1","Writhe","Double Tap+1","Exhume"],"relics":["Burning Blood","NeowsBlessing","Bag of Marbles","Molten Egg 2","Potion Belt","Art of War","Busted Crown","Incense Burner","Matryoshka","Bottled Flame","Mango","Runic Cube","Prayer Wheel"],"potions_floor_usage":[13,16,25,33,33,33,39],"damage_taken":[{"damage":0,"enemies":"2 Louse","floor":1,"turns":1},{"damage":0,"enemies":"Jaw Worm","floor":5,"turns":1},{"damage":0,"enemies":"3 Sentries","floor":6,"turns":2},{"damage":10,"enemies":"Gremlin Nob","floor":8,"turns":3},{"damage":0,"enemies":"Cultist","floor":10,"turns":2},{"damage":25,"enemies":"3 Sentries","floor":13,"turns":5},{"damage":30,"enemies":"Hexaghost","floor":16,"turns":4},{"damage":0,"enemies":"Shell Parasite","floor":18,"turns":1},{"damage":19,"enemies":"3 Byrds","floor":19,"turns":4},{"damage":3,"enemies":"Snake Plant","floor":21,"turns":3},{"damage":2,"enemies":"Centurion and Healer","floor":22,"turns":5},{"damage":25,"enemies":"Slavers","floor":23,"turns":4},{"damage":3,"enemies":"Shelled Parasite and Fungi","floor":24,"turns":4},{"damage":8,"enemies":"Book of Stabbing","floor":25,"turns":7},{"damage":3,"enemies":"Sentry and Sphere","floor":28,"turns":4},{"damage":3,"enemies":"Snake Plant","floor":31,"turns":3},{"damage":8,"enemies":"Automaton","floor":33,"turns":7},{"damage":2,"enemies":"3 Shapes","floor":35,"turns":4},{"damage":9,"enemies":"2 Orb Walkers","floor":37,"turns":4},{"damage":1,"enemies":"Orb Walker","floor":38,"turns":2},{"damage":29,"enemies":"Maw","floor":39,"turns":7},{"damage":49,"enemies":"Giant Head","floor":41,"turns":7}],"seed_played":"697362714401198274","potions_obtained":[{"floor":1,"key":"PowerPotion"},{"floor":6,"key":"Dexterity Potion"},{"floor":13,"key":"SkillPotion"},{"floor":21,"key":"Fire Potion"},{"floor":24,"key":"SteroidPotion"},{"floor":25,"key":"SkillPotion"},{"floor":28,"key":"SkillPotion"},{"floor":38,"key":"Weak Potion"}],"is_trial":false,"path_per_floor":["M","?","?","$","M","E","R","E","T","M","$","?","E","$","R","B",null,"M","M","?","M","M","E","M","E","T","$","M","R","?","M","R","B",null,"M","?","?","M","M","R","E"],"character_chosen":"IRONCLAD","items_purchased":["Flex"],"campfire_rested":0,"item_purchase_floors":[14],"current_hp_per_floor":[80,69,69,69,75,80,80,76,76,80,80,64,45,45,45,21,80,80,67,40,40,40,21,24,22,22,22,25,25,39,42,42,40,54,54,54,51,54,31,31,0],"gold":363,"neow_bonus":"THREE_ENEMY_KILL","is_prod":false,"is_daily":false,"chose_seed":false,"campfire_upgraded":5,"win_rate":0,"timestamp":1546672456,"path_taken":["M","?","?","$","?","E","R","E","T","M","$","?","E","$","R","BOSS","M","M","?","M","M","E","M","E","T","$","M","R","?","?","R","BOSS","M","?","?","M","M","R","E"],"build_version":"2019-01-03v4","purchased_purges":4,"victory":false,"max_hp_per_floor":[80,80,80,80,80,80,80,80,80,80,80,80,80,80,80,80,80,80,80,40,40,40,40,40,40,40,40,40,40,54,54,54,54,54,54,54,54,54,54,54,54],"card_choices":[{"not_picked":["Feel No Pain","Bloodletting","Blood for Blood"],"picked":"SKIP","floor":1},{"not_picked":["Wild Strike","Body Slam","Pummel"],"picked":"SKIP","floor":5},{"not_picked":["Burning Pact","Sword Boomerang"],"picked":"Flex","floor":6},{"not_picked":["Carnage","Wild Strike","Perfected Strike"],"picked":"SKIP","floor":8},{"not_picked":["Infernal Blade","Clothesline+1","Rupture"],"picked":"SKIP","floor":10},{"not_picked":["Blood for Blood+1","Anger+1","Metallicize"],"picked":"SKIP","floor":13},{"not_picked":["Exhume","Berserk"],"picked":"Bludgeon+1","floor":16},{"not_picked":["Wild Strike+1"],"picked":"SKIP","floor":18},{"not_picked":["Wild Strike+1"],"picked":"SKIP","floor":19},{"not_picked":["Flex"],"picked":"SKIP","floor":21},{"not_picked":["Iron Wave+1"],"picked":"SKIP","floor":22},{"not_picked":["Body Slam+1"],"picked":"SKIP","floor":23},{"not_picked":[],"picked":"Seeing Red","floor":24},{"not_picked":["Headbutt+1"],"picked":"SKIP","floor":25},{"not_picked":["Flex"],"picked":"SKIP","floor":28},{"not_picked":[],"picked":"Double Tap","floor":31},{"not_picked":[],"picked":"Exhume","floor":33},{"not_picked":["Warcry"],"picked":"SKIP","floor":35},{"not_picked":["Disarm+1"],"picked":"SKIP","floor":38},{"not_picked":["Cleave+1"],"picked":"SKIP","floor":38},{"not_picked":["Iron Wave+1"],"picked":"SKIP","floor":39},{"not_picked":["Dropkick+1"],"picked":"SKIP","floor":39}],"player_experience":250739,"relics_obtained":[{"floor":6,"key":"Bag of Marbles"},{"floor":8,"key":"Molten Egg 2"},{"floor":9,"key":"Potion Belt"},{"floor":13,"key":"Art of War"},{"floor":23,"key":"Incense Burner"},{"floor":25,"key":"Matryoshka"},{"floor":26,"key":"Bottled Flame"},{"floor":37,"key":"Prayer Wheel"}],"event_choices":[{"damage_healed":0,"gold_gain":75,"player_choice":"Gather Gold","damage_taken":11,"max_hp_gain":0,"max_hp_loss":0,"event_name":"World of Goop","floor":2,"gold_loss":0},{"cards_removed":["Defend_R"],"damage_healed":0,"gold_gain":0,"player_choice":"Forget","damage_taken":0,"max_hp_gain":0,"max_hp_loss":0,"event_name":"Living Wall","floor":3,"gold_loss":0},{"damage_healed":0,"gold_gain":0,"player_choice":"Entered Light","damage_taken":16,"max_hp_gain":0,"max_hp_loss":0,"event_name":"Shining Light","floor":12,"gold_loss":0,"cards_upgraded":["Strike_R","Strike_R"]},{"damage_healed":0,"gold_gain":0,"player_choice":"Became a Ghost","damage_taken":0,"max_hp_gain":0,"max_hp_loss":40,"event_name":"Ghosts","floor":20,"gold_loss":0,"cards_obtained":["Ghostly","Ghostly","Ghostly","Ghostly","Ghostly"]},{"damage_healed":0,"gold_gain":0,"player_choice":"Opened","damage_taken":0,"relics_obtained":["Mango"],"max_hp_gain":0,"max_hp_loss":0,"event_name":"The Mausoleum","floor":30,"gold_loss":0,"cards_obtained":["Writhe"]},{"damage_healed":0,"gold_gain":0,"player_choice":"Ignored","damage_taken":0,"max_hp_gain":0,"max_hp_loss":0,"event_name":"Tomb of Lord Red Mask","floor":36,"gold_loss":0},{"damage_healed":0,"gold_gain":0,"player_choice":"Fight","damage_taken":0,"max_hp_gain":0,"max_hp_loss":0,"event_name":"Mysterious Sphere","floor":37,"gold_loss":0}],"is_beta":false,"boss_relics":[{"not_picked":["Calling Bell","Snecko Eye"],"picked":"Busted Crown"},{"not_picked":["Fusion Hammer","Cursed Key"],"picked":"Runic Cube"}],"items_purged_floors":[4,11,14,27],"is_endless":false,"potions_floor_spawned":[1,6,13,21,24,25,28,38],"killed_by":"Giant Head","ascension_level":4}