{"gold_per_floor":[219,219,236,248,60,106,32,32,32,32,62,62,101,29,29,29],"floor_reached":16,"playtime":642,"items_purged":[],"score":123,"play_id":"62507b9f-322a-4e64-baf9-f05d36daf1b9","local_time":"20190130213736","is_ascension_mode":true,"campfire_choices":[{"data":"Armaments","floor":8,"key":"SMITH"},{"data":"HandOfGreed","floor":10,"key":"SMITH"},{"floor":15,"key":"REST"}],"neow_cost":"NONE","seed_source_timestamp":236822950533713,"circlet_count":0,"master_deck":["Strike_R","Strike_R","Strike_R","Strike_R","Strike_R","Defend_R","Defend_R","Defend_R","Defend_R","Bash","Armaments+1","HandOfGreed+1","Second Wind","Rage+1","Berserk"],"relics":["Burning Blood","Charon\u0027s Ashes","Red Skull"],"potions_floor_usage":[6,16],"damage_taken":[{"damage":12,"enemies":"Jaw Worm","floor":1,"turns":3},{"damage":6,"enemies":"Cultist","floor":3,"turns":3},{"damage":0,"enemies":"Small Slimes","floor":4,"turns":3},{"damage":56,"enemies":"Lagavulin","floor":6,"turns":9},{"damage":6,"enemies":"Blue Slaver","floor":13,"turns":5},{"damage":58,"enemies":"Hexaghost","floor":16,"turns":7}],"seed_played":"-4646842065578965097","potions_obtained":[{"floor":3,"key":"FearPotion"},{"floor":13,"key":"PowerPotion"}],"is_trial":false,"path_per_floor":["M","?","M","M","$","E","$","R","T","R","?","?","M","$","R","B"],"character_chosen":"IRONCLAD","items_purchased":["HandOfGreed","Rage","Berserk"],"campfire_rested":1,"item_purchase_floors":[5,7,14],"current_hp_per_floor":[74,80,80,80,80,30,30,30,30,30,30,30,30,30,54,0],"gold":29,"neow_bonus":"HUNDRED_GOLD","is_prod":false,"is_daily":false,"chose_seed":false,"campfire_upgraded":2,"win_rate":0,"timestamp":1548909456,"path_taken":["M","?","M","M","$","E","?","R","T","R","?","?","M","$","R","BOSS"],"build_version":"2019-01-23","purchased_purges":0,"victory":false,"max_hp_per_floor":[80,80,80,80,80,80,80,80,80,80,80,80,80,80,80,80],"card_choices":[{"not_picked":["Havoc","Reckless Charge","Body Slam"],"picked":"SKIP","floor":1},{"not_picked":["Bloodletting","Spot Weakness","Sever Soul"],"picked":"SKIP","floor":3},{"not_picked":["Battle Trance","Thunderclap"],"picked":"Armaments","floor":4},{"not_picked":["Searing Blow","Flex"],"picked":"Second Wind","floor":6},{"not_picked":["Anger","Flame Barrier","Ghostly Armor"],"picked":"SKIP","floor":13}],"player_experience":348957,"relics_obtained":[{"floor":6,"key":"Charon\u0027s Ashes"}],"event_choices":[{"damage_healed":6,"gold_gain":0,"player_choice":"Full Heal","damage_taken":0,"max_hp_gain":0,"max_hp_loss":0,"event_name":"Wheel of Change","floor":2,"gold_loss":0},{"damage_healed":0,"gold_gain":30,"player_choice":"Searched \u00272\u0027 times","damage_taken":0,"relics_obtained":["Red Skull"],"max_hp_gain":0,"max_hp_loss":0,"event_name":"Dead Adventurer","floor":11,"gold_loss":0},{"damage_healed":0,"gold_gain":30,"player_choice":"Searched \u00272\u0027 times","damage_taken":0,"relics_obtained":["Red Skull"],"max_hp_gain":0,"max_hp_loss":0,"event_name":"Dead Adventurer","floor":11,"gold_loss":0},{"damage_healed":0,"gold_gain":30,"player_choice":"Searched \u00272\u0027 times","damage_taken":0,"relics_obtained":["Red Skull"],"max_hp_gain":0,"max_hp_loss":0,"event_name":"Dead Adventurer","floor":11,"gold_loss":0},{"damage_healed":0,"gold_gain":0,"player_choice":"Upgraded","damage_taken":0,"max_hp_gain":0,"max_hp_loss":0,"event_name":"Upgrade Shrine","floor":12,"gold_loss":0,"cards_upgraded":["Rage"]}],"is_beta":false,"boss_relics":[],"items_purged_floors":[],"is_endless":false,"potions_floor_spawned":[3,13],"killed_by":"Hexaghost","ascension_level":5}