{"gold_per_floor":[212,212,162,180,191,216,234,247,247,264,283,358,358],"floor_reached":13,"playtime":624,"items_purged":[],"score":138,"play_id":"72dd8e3a-6ca8-41f9-8bd7-29291ddb996d","local_time":"20190326074400","is_ascension_mode":true,"campfire_choices":[],"neow_cost":"NONE","seed_source_timestamp":209594860172282,"circlet_count":0,"master_deck":["AscendersBane","Strike_R","Strike_R","Strike_R","Defend_R","Defend_R","Defend_R","Defend_R","Bash","Second Wind","Power Through","Spot Weakness","Warcry","Clash","Pommel Strike","Whirlwind"],"relics":["Burning Blood","Darkstone Periapt","Ice Cream"],"potions_floor_usage":[4,13,13],"damage_taken":[{"damage":9,"enemies":"Jaw Worm","floor":1,"turns":6},{"damage":2,"enemies":"Small Slimes","floor":4,"turns":4},{"damage":0,"enemies":"Cultist","floor":5,"turns":4},{"damage":50,"enemies":"3 Sentries","floor":6,"turns":10},{"damage":23,"enemies":"Large Slime","floor":7,"turns":10},{"damage":3,"enemies":"Exordium Wildlife","floor":8,"turns":6},{"damage":6,"enemies":"Blue Slaver","floor":10,"turns":5},{"damage":0,"enemies":"2 Fungi Beasts","floor":11,"turns":3},{"damage":22,"enemies":"Large Slime","floor":13,"turns":4}],"seed_played":"-3324565131413335969","potions_obtained":[{"floor":1,"key":"Block Potion"},{"floor":10,"key":"GamblersBrew"},{"floor":11,"key":"FearPotion"}],"is_trial":false,"path_per_floor":["M","?","?","M","M","E","M","M","T","M","M","?","M"],"character_chosen":"IRONCLAD","items_purchased":[],"campfire_rested":0,"item_purchase_floors":[],"current_hp_per_floor":[69,69,69,73,79,35,18,21,21,21,27,16,0],"gold":358,"neow_bonus":"HUNDRED_GOLD","is_prod":false,"is_daily":false,"chose_seed":false,"campfire_upgraded":0,"win_rate":0,"timestamp":1553611440,"path_taken":["M","?","?","?","?","E","M","M","T","M","M","?","M"],"build_version":"2019-01-23","purchased_purges":0,"victory":false,"max_hp_per_floor":[80,80,80,80,80,80,80,80,80,80,80,80,80],"card_choices":[{"not_picked":["Armaments","Perfected Strike"],"picked":"Second Wind","floor":1},{"not_picked":["Perfected Strike","Twin Strike"],"picked":"Power Through","floor":4},{"not_picked":["True Grit","Warcry"],"picked":"Spot Weakness","floor":5},{"not_picked":["Perfected Strike","Twin Strike"],"picked":"Warcry","floor":6},{"not_picked":["Headbutt","Brutality"],"picked":"Clash","floor":7},{"not_picked":["Thunderclap","Rupture"],"picked":"Pommel Strike","floor":8},{"not_picked":["Dual Wield","Feel No Pain"],"picked":"Whirlwind","floor":10},{"not_picked":["Whirlwind","Thunderclap","Hemokinesis"],"picked":"SKIP","floor":11},{"not_picked":["Whirlwind","Thunderclap","Hemokinesis"],"picked":"SKIP","floor":11}],"player_experience":550328,"relics_obtained":[{"floor":6,"key":"Darkstone Periapt"},{"floor":9,"key":"Ice Cream"}],"event_choices":[{"cards_removed":["Strike_R"],"damage_healed":0,"gold_gain":0,"player_choice":"Forget","damage_taken":0,"max_hp_gain":0,"max_hp_loss":0,"event_name":"Living Wall","floor":2,"gold_loss":0},{"cards_removed":["Strike_R"],"damage_healed":0,"gold_gain":0,"player_choice":"Card Removal","damage_taken":0,"max_hp_gain":0,"max_hp_loss":0,"event_name":"The Cleric","floor":3,"gold_loss":50},{"damage_healed":0,"gold_gain":75,"player_choice":"Gather Gold","damage_taken":11,"max_hp_gain":0,"max_hp_loss":0,"event_name":"World of Goop","floor":12,"gold_loss":0}],"is_beta":false,"boss_relics":[],"items_purged_floors":[],"is_endless":false,"potions_floor_spawned":[1,10,11],"killed_by":"Large Slime","ascension_level":11}