{"gold_per_floor":[113,188,188,188,188,188,215,227,227,246,211,222,234,244,244,341,341,356,368,387,387],"floor_reached":21,"playtime":1385,"items_purged":[],"score":201,"play_id":"f1abb2d1-49ca-4e44-bb64-447eda59b7e7","local_time":"20190707161254","is_ascension_mode":true,"campfire_choices":[{"floor":6,"key":"REST"},{"floor":15,"key":"REST"}],"neow_cost":"NONE","seed_source_timestamp":806346541340486,"circlet_count":0,"master_deck":["Strike_R","Strike_R","Strike_R","Strike_R","Strike_R","Defend_R","Defend_R","Defend_R","Bash","Warcry","Regret","Anger","Double Tap","Headbutt","Armaments","Ghostly Armor","Shrug It Off","Infernal Blade","Reaper","Barricade","Thunderclap+1","Heavy Blade+1","Cleave+1"],"relics":["Burning Blood","Self Forming Clay","Dream Catcher","Incense Burner","StoneCalendar","Mark of Pain"],"potions_floor_usage":[18,19,20,21],"damage_taken":[{"damage":8,"enemies":"Jaw Worm","floor":1,"turns":4},{"damage":43,"enemies":"Gremlin Nob","floor":7,"turns":5},{"damage":1,"enemies":"Small Slimes","floor":8,"turns":3},{"damage":7,"enemies":"2 Louse","floor":10,"turns":3},{"damage":0,"enemies":"2 Fungi Beasts","floor":12,"turns":2},{"damage":15,"enemies":"3 Louse","floor":13,"turns":4},{"damage":13,"enemies":"Large Slime","floor":14,"turns":4},{"damage":26,"enemies":"Slime Boss","floor":16,"turns":7},{"damage":33,"enemies":"Spheric Guardian","floor":18,"turns":7},{"damage":24,"enemies":"3 Byrds","floor":19,"turns":7},{"damage":54,"enemies":"Snake Plant","floor":20,"turns":5},{"damage":30,"enemies":"Centurion and Healer","floor":21,"turns":5}],"seed_played":"-2117958649481595095","potions_obtained":[{"floor":7,"key":"Poison Potion"},{"floor":10,"key":"EssenceOfSteel"},{"floor":16,"key":"Regen Potion"},{"floor":18,"key":"FairyPotion"},{"floor":20,"key":"FearPotion"}],"is_trial":false,"path_per_floor":["M","?","?","?","?","R","E","M","T","M","?","M","M","M","R","B",null,"M","M","M","M"],"character_chosen":"IRONCLAD","items_purchased":[],"campfire_rested":2,"item_purchase_floors":[],"current_hp_per_floor":[78,67,67,55,55,79,42,47,47,46,66,72,63,56,80,60,80,63,52,9,0],"gold":387,"neow_bonus":"REMOVE_CARD","is_prod":false,"is_daily":false,"chose_seed":false,"campfire_upgraded":0,"win_rate":0,"timestamp":1562512374,"path_taken":["M","?","?","?","?","R","E","M","T","M","?","M","M","M","R","BOSS","M","M","M","M"],"build_version":"2019-07-05","purchased_purges":0,"victory":false,"max_hp_per_floor":[80,80,80,80,80,80,80,80,80,80,80,80,80,80,80,80,80,80,80,80,80],"card_choices":[{"not_picked":["Clash","Armaments"],"picked":"Warcry","floor":1},{"not_picked":["Wild Strike","Havoc"],"picked":"Anger","floor":6},{"not_picked":["Juggernaut","Pommel Strike"],"picked":"Double Tap","floor":7},{"not_picked":["Iron Wave","Heavy Blade"],"picked":"Headbutt","floor":8},{"not_picked":["Dropkick","Second Wind"],"picked":"Armaments","floor":10},{"not_picked":["Intimidate","Havoc"],"picked":"Ghostly Armor","floor":12},{"not_picked":["Power Through","Combust"],"picked":"Shrug It Off","floor":13},{"not_picked":["Feel No Pain","Wild Strike"],"picked":"Infernal Blade","floor":14},{"not_picked":["Anger","Cleave"],"picked":"Reaper","floor":15},{"not_picked":["Immolate","Impervious"],"picked":"Barricade","floor":16},{"not_picked":["Anger","Shrug It Off"],"picked":"Thunderclap+1","floor":18},{"not_picked":["Iron Wave","Clash"],"picked":"Heavy Blade+1","floor":19},{"not_picked":["Dropkick","Flex"],"picked":"Cleave+1","floor":20}],"player_experience":68305,"relics_obtained":[{"floor":7,"key":"Incense Burner"},{"floor":9,"key":"StoneCalendar"}],"event_choices":[{"damage_healed":0,"gold_gain":75,"player_choice":"Gather Gold","damage_taken":11,"max_hp_gain":0,"max_hp_loss":0,"event_name":"World of Goop","floor":2,"gold_loss":0},{"damage_healed":0,"gold_gain":0,"player_choice":"Box","damage_taken":0,"relics_obtained":["Self Forming Clay"],"max_hp_gain":0,"max_hp_loss":0,"event_name":"Big Fish","floor":3,"gold_loss":0,"cards_obtained":["Regret"]},{"damage_healed":0,"gold_gain":0,"player_choice":"Success","damage_taken":12,"relics_obtained":["Dream Catcher"],"max_hp_gain":0,"max_hp_loss":0,"event_name":"Scrap Ooze","floor":4,"gold_loss":0},{"damage_healed":0,"gold_gain":0,"player_choice":"Ignored","damage_taken":0,"max_hp_gain":0,"max_hp_loss":0,"event_name":"Shining Light","floor":5,"gold_loss":0},{"damage_healed":20,"gold_gain":0,"player_choice":"Healed","damage_taken":0,"max_hp_gain":0,"max_hp_loss":0,"event_name":"The Cleric","floor":11,"gold_loss":35}],"is_beta":false,"boss_relics":[{"not_picked":["Eternal Feather","Fusion Hammer"],"picked":"Mark of Pain"}],"items_purged_floors":[],"is_endless":false,"potions_floor_spawned":[7,10,16,18,20],"killed_by":"Centurion and Healer","ascension_level":2}