{"gold_per_floor":[113,113,128,7,17,17,36,36,109,109,141,155,155,85,85,183,183,193,207,219,219,219],"floor_reached":22,"playtime":857,"items_purged":["Defend_R"],"score":186,"play_id":"1f2ed9b1-fdaa-4be5-9edc-eb63f2c65ef4","local_time":"20181231023616","is_ascension_mode":false,"campfire_choices":[{"data":"Shrug It Off","floor":6,"key":"SMITH"},{"data":"Flex","floor":8,"key":"SMITH"},{"data":"Whirlwind","floor":15,"key":"SMITH"}],"neow_cost":"TEN_PERCENT_HP_LOSS","seed_source_timestamp":61279293753788,"circlet_count":0,"master_deck":["Strike_R","Strike_R","Strike_R","Strike_R","Defend_R","Bash","Shrug It Off+1","Flex+1","Thunderclap","Demon Form","Whirlwind+1","Barricade","Body Slam","Heavy Blade"],"relics":["Burning Blood","Mummified Hand","Bag of Marbles","Sundial","Black Star","Nilry\u0027s Codex"],"potions_floor_usage":[16,16,20,22],"damage_taken":[{"damage":5,"enemies":"Small Slimes","floor":1,"turns":3},{"damage":6,"enemies":"Cultist","floor":3,"turns":3},{"damage":3,"enemies":"Jaw Worm","floor":5,"turns":3},{"damage":8,"enemies":"Blue Slaver","floor":7,"turns":3},{"damage":36,"enemies":"Lagavulin","floor":11,"turns":5},{"damage":16,"enemies":"Large Slime","floor":12,"turns":5},{"damage":14,"enemies":"Hexaghost","floor":16,"turns":7},{"damage":0,"enemies":"3 Byrds","floor":18,"turns":3},{"damage":35,"enemies":"2 Thieves","floor":19,"turns":4},{"damage":27,"enemies":"Centurion and Healer","floor":20,"turns":6},{"damage":14,"enemies":"Snake Plant","floor":22,"turns":3}],"seed_played":"-3441684375385849691","potions_obtained":[{"floor":3,"key":"Ancient Potion"},{"floor":7,"key":"SkillPotion"},{"floor":16,"key":"BloodPotion"},{"floor":20,"key":"SneckoOil"}],"is_trial":false,"path_per_floor":["M","?","M","$","M","R","M","R","T","?","E","M","T","$","R","B",null,"M","M","M","?","M"],"character_chosen":"IRONCLAD","items_purchased":["Flex","Whirlwind"],"campfire_rested":0,"item_purchase_floors":[4,14],"current_hp_per_floor":[72,72,72,72,72,72,70,70,70,70,40,30,30,30,30,22,72,72,43,29,13,0],"gold":219,"neow_bonus":"REMOVE_TWO","is_prod":false,"is_daily":false,"chose_seed":false,"campfire_upgraded":3,"win_rate":0,"timestamp":1546248976,"path_taken":["M","?","?","?","M","R","?","R","T","?","E","M","?","$","R","BOSS","M","M","M","?","M"],"build_version":"2018-12-20","purchased_purges":1,"victory":false,"max_hp_per_floor":[72,72,72,72,72,72,72,72,72,72,72,72,72,72,72,72,72,72,72,72,72,72],"card_choices":[{"not_picked":["Wild Strike","Pommel Strike","Perfected Strike"],"picked":"SKIP","floor":1},{"not_picked":["Wild Strike","Combust"],"picked":"Shrug It Off","floor":3},{"not_picked":["Body Slam","True Grit"],"picked":"Thunderclap","floor":5},{"not_picked":["Havoc","Twin Strike","Headbutt"],"picked":"SKIP","floor":7},{"not_picked":["Burning Pact","Cleave"],"picked":"Demon Form","floor":11},{"not_picked":["Flex","Second Wind","Spot Weakness"],"picked":"SKIP","floor":12},{"not_picked":["Bludgeon","Impervious"],"picked":"Barricade","floor":16},{"not_picked":["Flex","Havoc"],"picked":"Body Slam","floor":18},{"not_picked":["Combust+1","Sword Boomerang"],"picked":"Heavy Blade","floor":19},{"not_picked":["Evolve","Havoc","Hemokinesis"],"picked":"SKIP","floor":20}],"player_experience":228367,"relics_obtained":[{"floor":9,"key":"Mummified Hand"},{"floor":11,"key":"Bag of Marbles"},{"floor":13,"key":"Sundial"},{"floor":21,"key":"Nilry\u0027s Codex"}],"event_choices":[{"damage_healed":0,"gold_gain":0,"player_choice":"Ignored","damage_taken":0,"max_hp_gain":0,"max_hp_loss":0,"event_name":"NoteForYourself","floor":2,"gold_loss":0},{"cards_removed":["Strike_R"],"damage_healed":0,"gold_gain":0,"player_choice":"Forget","damage_taken":0,"max_hp_gain":0,"max_hp_loss":0,"event_name":"Living Wall","floor":10,"gold_loss":0},{"damage_healed":0,"gold_gain":0,"player_choice":"Obtained Book","damage_taken":16,"max_hp_gain":0,"max_hp_loss":0,"event_name":"Cursed Tome","floor":21,"gold_loss":0}],"is_beta":false,"boss_relics":[{"not_picked":["White Beast Statue","Runic Pyramid"],"picked":"Black Star"}],"items_purged_floors":[4],"is_endless":false,"potions_floor_spawned":[3,7,16,20],"killed_by":"Snake Plant","ascension_level":0}