{"gold_per_floor":[118,193,158,333,344,375,393,393,418,452,20,20,20,20,20,20],"floor_reached":16,"playtime":791,"items_purged":["Doubt"],"score":176,"play_id":"58b4266f-1a55-4aa3-acd6-57e94bf3f4ad","local_time":"20190810112255","is_ascension_mode":true,"campfire_choices":[{"floor":8,"key":"REST"},{"floor":13,"key":"REST"},{"data":"Bash","floor":15,"key":"SMITH"}],"neow_cost":"PERCENT_DAMAGE","seed_source_timestamp":11434782320997,"circlet_count":0,"master_deck":["Strike_R","Strike_R","Strike_R","Strike_R","Strike_R","Defend_R","Defend_R","Defend_R","Defend_R","Bash+1","Whirlwind","Heavy Blade","True Grit","Rampage","Feel No Pain"],"relics":["Burning Blood","Centennial Puzzle","Regal Pillow","Blue Candle","Charon\u0027s Ashes"],"potions_floor_usage":[6,14],"damage_taken":[{"damage":4,"enemies":"2 Louse","floor":1,"turns":3},{"damage":8,"enemies":"Jaw Worm","floor":5,"turns":5},{"damage":60,"enemies":"3 Sentries","floor":6,"turns":10},{"damage":7,"enemies":"Small Slimes","floor":7,"turns":3},{"damage":38,"enemies":"Gremlin Nob","floor":10,"turns":5},{"damage":0,"enemies":"Exordium Wildlife","floor":14,"turns":1},{"damage":70,"enemies":"The Guardian","floor":16,"turns":12}],"seed_played":"449042500293927435","potions_obtained":[{"floor":5,"key":"Ancient Potion"},{"floor":7,"key":"SmokeBomb"}],"is_trial":false,"path_per_floor":["M","?","?","?","M","E","M","R","T","E","$","$","R","M","R","B"],"character_chosen":"IRONCLAD","items_purchased":["Feel No Pain","Charon\u0027s Ashes"],"campfire_rested":2,"item_purchase_floors":[11,11],"current_hp_per_floor":[69,58,82,82,80,26,25,53,53,21,21,21,64,70,70,0],"gold":20,"neow_bonus":"TWENTY_PERCENT_HP_BONUS","is_prod":false,"is_daily":false,"chose_seed":false,"campfire_upgraded":1,"win_rate":0,"timestamp":1565432575,"path_taken":["M","?","?","?","?","E","M","R","T","E","?","$","R","M","R","BOSS"],"build_version":"2019-07-17","purchased_purges":1,"victory":false,"max_hp_per_floor":[96,96,96,96,96,96,96,96,96,96,96,96,96,96,96,96],"card_choices":[{"not_picked":["Flex","Thunderclap","Sentinel"],"picked":"SKIP","floor":1},{"not_picked":["Entrench","Fire Breathing"],"picked":"Whirlwind","floor":5},{"not_picked":["Intimidate","Thunderclap"],"picked":"Heavy Blade","floor":6},{"not_picked":["Havoc","Sever Soul"],"picked":"True Grit","floor":7},{"not_picked":["Rupture","Evolve"],"picked":"Rampage","floor":10}],"player_experience":177877,"relics_obtained":[{"floor":6,"key":"Centennial Puzzle"},{"floor":9,"key":"Regal Pillow"},{"floor":10,"key":"Blue Candle"}],"event_choices":[{"damage_healed":0,"gold_gain":75,"player_choice":"Gather Gold","damage_taken":11,"max_hp_gain":0,"max_hp_loss":0,"event_name":"World of Goop","floor":2,"gold_loss":0},{"damage_healed":24,"gold_gain":0,"player_choice":"Healed","damage_taken":0,"max_hp_gain":0,"max_hp_loss":0,"event_name":"The Cleric","floor":3,"gold_loss":35},{"damage_healed":0,"gold_gain":175,"player_choice":"AGREE","damage_taken":0,"max_hp_gain":0,"max_hp_loss":0,"event_name":"Liars Game","floor":4,"gold_loss":0,"cards_obtained":["Doubt"]}],"is_beta":false,"boss_relics":[],"items_purged_floors":[11],"is_endless":false,"potions_floor_spawned":[5,7],"killed_by":"The Guardian","ascension_level":8}