{"gold_per_floor":[109,109,119,10,10,20,40,40,40,58,86,86,143,170,170,275,275,290,308,308,308,328,328,57,147,147,147,180,233,233,293,293,293],"floor_reached":33,"playtime":1524,"items_purged":["Defend_R","Defend_R"],"score":272,"play_id":"1d93636a-13be-4f82-adf4-bdd48ae2ab6b","local_time":"20190201220009","is_ascension_mode":false,"campfire_choices":[{"data":"Carnage","floor":8,"key":"SMITH"},{"floor":15,"key":"REST"},{"data":"Bash","floor":23,"key":"SMITH"},{"floor":27,"key":"REST"},{"floor":32,"key":"REST"}],"neow_cost":"PERCENT_DAMAGE","seed_source_timestamp":410107398195580,"circlet_count":0,"master_deck":["Defend_R","Defend_R","Bash+1","Carnage+1","HandOfGreed","Clumsy","Entrench+1","Exhume","Pommel Strike"],"relics":["Burning Blood","Singing Bowl","Odd Mushroom","Shuriken","Ornamental Fan","Cursed Key"],"potions_floor_usage":[7,7,7,13,14,14,16,19,29,31,33],"damage_taken":[{"damage":7,"enemies":"Small Slimes","floor":1,"turns":8},{"damage":10,"enemies":"Cultist","floor":3,"turns":4},{"damage":0,"enemies":"2 Louse","floor":6,"turns":2},{"damage":11,"enemies":"Red Slaver","floor":7,"turns":3},{"damage":5,"enemies":"Looter","floor":10,"turns":2},{"damage":12,"enemies":"The Mushroom Lair","floor":11,"turns":5},{"damage":28,"enemies":"Lagavulin Event","floor":13,"turns":4},{"damage":18,"enemies":"Lagavulin","floor":14,"turns":3},{"damage":30,"enemies":"Slime Boss","floor":16,"turns":8},{"damage":21,"enemies":"2 Thieves","floor":18,"turns":4},{"damage":3,"enemies":"3 Byrds","floor":19,"turns":5},{"damage":28,"enemies":"Shelled Parasite and Fungi","floor":22,"turns":4},{"damage":0,"enemies":"Snecko","floor":28,"turns":2},{"damage":9,"enemies":"Cultist and Chosen","floor":29,"turns":4},{"damage":32,"enemies":"Chosen and Byrds","floor":31,"turns":5},{"damage":57,"enemies":"Collector","floor":33,"turns":6}],"seed_played":"5247213978173001652","potions_obtained":[{"floor":1,"key":"Energy Potion"},{"floor":3,"key":"Regen Potion"},{"floor":5,"key":"EntropicBrew"},{"floor":5,"key":"PowerPotion"},{"floor":14,"key":"FearPotion"},{"floor":18,"key":"Energy Potion"},{"floor":28,"key":"AttackPotion"},{"floor":29,"key":"AttackPotion"}],"is_trial":false,"path_per_floor":["M","?","M","$","?","M","M","R","T","M","?","$","?","E","R","B",null,"M","M","$","?","M","R","$","?","T","R","M","M","?","M","R","B"],"character_chosen":"IRONCLAD","items_purchased":["Carnage","HandOfGreed"],"campfire_rested":3,"item_purchase_floors":[4,24],"current_hp_per_floor":[55,55,51,51,51,57,61,61,61,64,60,60,40,30,56,34,90,77,82,82,82,62,62,62,17,17,45,53,50,50,26,56,0],"gold":293,"neow_bonus":"REMOVE_TWO","is_prod":false,"is_daily":false,"chose_seed":false,"campfire_upgraded":2,"win_rate":0,"timestamp":1549083609,"path_taken":["M","?","?","$","?","?","M","R","T","M","?","?","?","E","R","BOSS","M","M","$","?","M","R","$","?","T","R","?","M","?","M","R","BOSS"],"build_version":"2019-01-23","purchased_purges":2,"victory":false,"max_hp_per_floor":[80,80,80,80,80,80,80,80,80,82,84,84,86,88,88,90,90,92,94,94,94,96,96,96,96,96,96,98,98,98,100,100,100],"card_choices":[{"not_picked":["Battle Trance","Thunderclap","Sword Boomerang"],"picked":"SKIP","floor":1},{"not_picked":["Pommel Strike","Heavy Blade","Anger"],"picked":"SKIP","floor":3},{"not_picked":["Twin Strike","Disarm","Warcry"],"picked":"SKIP","floor":6},{"not_picked":["Sword Boomerang","Headbutt","Flex"],"picked":"SKIP","floor":7},{"not_picked":["Twin Strike","Warcry","Clothesline"],"picked":"Singing Bowl","floor":10},{"not_picked":["Shrug It Off","Inflame","Clothesline"],"picked":"Singing Bowl","floor":11},{"not_picked":["Inflame","Thunderclap","Ghostly Armor"],"picked":"Singing Bowl","floor":13},{"not_picked":["Searing Blow","Evolve","Shrug It Off"],"picked":"Singing Bowl","floor":14},{"not_picked":["Impervious","Dark Embrace","Offering"],"picked":"Singing Bowl","floor":16},{"not_picked":["Iron Wave","Heavy Blade","True Grit"],"picked":"Singing Bowl","floor":18},{"not_picked":["Corruption","Thunderclap","Anger"],"picked":"Singing Bowl","floor":19},{"not_picked":["Heavy Blade","Anger","Thunderclap"],"picked":"Singing Bowl","floor":22},{"not_picked":["Reckless Charge","Pommel Strike+1","Headbutt"],"picked":"Singing Bowl","floor":28},{"not_picked":["Rupture","Clothesline"],"picked":"Entrench+1","floor":29},{"not_picked":["Exhume","Body Slam","Warcry"],"picked":"Singing Bowl","floor":31}],"player_experience":359953,"relics_obtained":[{"floor":9,"key":"Singing Bowl"},{"floor":11,"key":"Odd Mushroom"},{"floor":13,"key":"Shuriken"},{"floor":14,"key":"Ornamental Fan"}],"event_choices":[{"cards_removed":["Strike_R"],"damage_healed":0,"gold_gain":0,"player_choice":"Purged","damage_taken":0,"max_hp_gain":0,"max_hp_loss":0,"event_name":"Purifier","floor":2,"gold_loss":0},{"damage_healed":0,"gold_gain":0,"player_choice":"Got Potions","damage_taken":0,"max_hp_gain":0,"max_hp_loss":0,"event_name":"Lab","floor":5,"gold_loss":0},{"damage_healed":0,"gold_gain":0,"player_choice":"Fought Mushrooms","damage_taken":0,"max_hp_gain":0,"max_hp_loss":0,"event_name":"Mushrooms","floor":11,"gold_loss":0},{"damage_healed":0,"gold_gain":30,"player_choice":"Searched \u00272\u0027 times","damage_taken":0,"max_hp_gain":0,"max_hp_loss":0,"event_name":"Dead Adventurer","floor":13,"gold_loss":0},{"damage_healed":0,"gold_gain":0,"player_choice":"Ignored","damage_taken":0,"max_hp_gain":0,"max_hp_loss":0,"event_name":"Vampires","floor":21,"gold_loss":0},{"damage_healed":0,"gold_gain":90,"player_choice":"POTION POTION POTION GOLD ","damage_taken":45,"max_hp_gain":0,"max_hp_loss":0,"event_name":"Knowing Skull","floor":25,"potions_obtained":["Swift Potion","BloodPotion","SkillPotion"],"gold_loss":0,"cards_obtained":[]},{"damage_healed":0,"gold_gain":0,"cards_transformed":["Strike_R","Strike_R"],"player_choice":"Became Test Subject","damage_taken":0,"max_hp_gain":0,"max_hp_loss":0,"event_name":"Drug Dealer","floor":30,"gold_loss":0,"cards_obtained":["Exhume","Pommel Strike"]}],"is_beta":false,"boss_relics":[{"not_picked":["Orrery","Runic Cube"],"picked":"Cursed Key"}],"items_purged_floors":[4,24],"is_endless":false,"potions_floor_spawned":[1,3,6,14,18,28,29],"killed_by":"Collector","ascension_level":0}