{"gold_per_floor":[369,369,369,382,37,37,52,52,52,71,71,122,165,178,178,178],"floor_reached":16,"playtime":567,"items_purged":[],"score":160,"play_id":"0da970f4-9eb1-4ec3-9202-16658c873fbe","local_time":"20190410210528","is_ascension_mode":true,"campfire_choices":[{"data":"Pommel Strike","floor":6,"key":"SMITH"},{"data":"Pommel Strike","floor":8,"key":"SMITH"},{"floor":15,"key":"REST"}],"neow_cost":"CURSE","seed_source_timestamp":38806697221123,"circlet_count":0,"master_deck":["AscendersBane","Strike_R","Strike_R","Strike_R","Strike_R","Strike_R","Defend_R","Defend_R","Defend_R","Defend_R","Bash","Clumsy","Thunderclap","Decay","Pommel Strike+1","Pommel Strike+1","Rupture","True Grit","True Grit"],"relics":["Burning Blood","Golden Idol","Sundial","Shuriken","Omamori","Singing Bowl"],"potions_floor_usage":[14,14],"damage_taken":[{"damage":12,"enemies":"Small Slimes","floor":1,"turns":4},{"damage":8,"enemies":"Cultist","floor":4,"turns":3},{"damage":13,"enemies":"Jaw Worm","floor":7,"turns":5},{"damage":18,"enemies":"Blue Slaver","floor":10,"turns":3},{"damage":39,"enemies":"Gremlin Nob","floor":13,"turns":5},{"damage":15,"enemies":"Large Slime","floor":14,"turns":4},{"damage":45,"enemies":"Hexaghost","floor":16,"turns":9}],"seed_played":"3380627238818456668","potions_obtained":[{"floor":1,"key":"FearPotion"},{"floor":10,"key":"BloodPotion"}],"is_trial":false,"path_per_floor":["M","?","?","M","$","R","M","R","T","M","?","T","E","M","R","B"],"character_chosen":"IRONCLAD","items_purchased":["Sundial","Pommel Strike","Rupture"],"campfire_rested":1,"item_purchase_floors":[5,5,5],"current_hp_per_floor":[66,46,46,44,44,44,37,37,37,25,51,51,20,19,43,0],"gold":178,"neow_bonus":"TWO_FIFTY_GOLD","is_prod":false,"is_daily":false,"chose_seed":false,"campfire_upgraded":2,"win_rate":0,"timestamp":1554955528,"path_taken":["M","?","?","M","$","R","?","R","T","M","?","?","E","M","R","BOSS"],"build_version":"2019-01-23","purchased_purges":0,"victory":false,"max_hp_per_floor":[80,80,80,80,80,80,80,80,80,80,80,80,82,82,82,82],"card_choices":[{"not_picked":["Warcry","Anger"],"picked":"Thunderclap","floor":1},{"not_picked":["Havoc","Flex"],"picked":"Pommel Strike","floor":4},{"not_picked":["Twin Strike","Anger","Inflame"],"picked":"SKIP","floor":7},{"not_picked":["Pummel","Warcry"],"picked":"True Grit","floor":10},{"not_picked":["Flex","Infernal Blade","Twin Strike"],"picked":"Singing Bowl","floor":13},{"not_picked":["Carnage","Double Tap"],"picked":"True Grit","floor":14}],"player_experience":636180,"relics_obtained":[{"floor":9,"key":"Shuriken"},{"floor":12,"key":"Omamori"},{"floor":13,"key":"Singing Bowl"}],"event_choices":[{"damage_healed":0,"gold_gain":0,"player_choice":"Take Damage","damage_taken":20,"relics_obtained":["Golden Idol"],"max_hp_gain":0,"max_hp_loss":0,"event_name":"Golden Idol","floor":2,"gold_loss":0},{"damage_healed":0,"gold_gain":0,"player_choice":"Cursed","damage_taken":0,"max_hp_gain":0,"max_hp_loss":0,"event_name":"Wheel of Change","floor":3,"gold_loss":0,"cards_obtained":["Decay"]},{"damage_healed":26,"gold_gain":0,"player_choice":"Banana","damage_taken":0,"max_hp_gain":0,"max_hp_loss":0,"event_name":"Big Fish","floor":11,"gold_loss":0}],"is_beta":false,"boss_relics":[],"items_purged_floors":[],"is_endless":false,"potions_floor_spawned":[1,10],"killed_by":"Hexaghost","ascension_level":12}