{"gold_per_floor":[20,37,2,2,2,2,41,41,41,2,2,37,53,67,67,163,163,163,177,198,213,37,37,37],"floor_reached":24,"playtime":2110,"items_purged":[],"score":361,"play_id":"ece193a8-1303-4576-b907-70c7dd302986","local_time":"20190814033332","is_ascension_mode":true,"campfire_choices":[{"data":"Juggernaut","floor":6.0,"key":"SMITH"},{"data":"Barricade","floor":8.0,"key":"SMITH"},{"floor":15.0,"key":"REST"},{"data":"Body Slam","floor":23,"key":"SMITH"}],"neow_cost":"NO_GOLD","seed_source_timestamp":25782492772099,"circlet_count":0,"master_deck":["AscendersBane","Strike_R","Strike_R","Strike_R","Defend_R","Defend_R","Defend_R","Defend_R","Bash","Corruption","Juggernaut+1","Pummel","Shrug It Off","Barricade+1","Rage","Clash","Feed","Pommel Strike","Iron Wave","Entrench","Body Slam+1","Dual Wield"],"special_seed":0,"relics":["Burning Blood","Singing Bowl","Golden Idol","Potion Belt","Kunai","Shovel","Runic Cube"],"potions_floor_usage":[21,24,24],"damage_taken":[{"damage":8.0,"enemies":"Jaw Worm","floor":1.0,"turns":5.0},{"damage":10.0,"enemies":"2 Louse","floor":2.0,"turns":3.0},{"damage":34.0,"enemies":"3 Sentries","floor":7.0,"turns":11.0},{"damage":32.0,"enemies":"Gremlin Nob","floor":12.0,"turns":5.0},{"damage":10.0,"enemies":"Small Slimes","floor":13.0,"turns":4.0},{"damage":3.0,"enemies":"Looter","floor":14.0,"turns":2.0},{"damage":14.0,"enemies":"The Guardian","floor":16.0,"turns":10.0},{"damage":0.0,"enemies":"3 Byrds","floor":18.0,"turns":2.0},{"damage":24.0,"enemies":"2 Thieves","floor":19.0,"turns":5.0},{"damage":35.0,"enemies":"Shelled Parasite and Fungi","floor":20.0,"turns":13.0},{"damage":30,"enemies":"Centurion and Healer","floor":21,"turns":13},{"damage":54,"enemies":"Gremlin Leader","floor":24,"turns":3}],"seed_played":"8422133627179515749","potions_obtained":[{"floor":1.0,"key":"SmokeBomb"},{"floor":12.0,"key":"BloodPotion"},{"floor":13.0,"key":"GamblersBrew"},{"floor":14.0,"key":"BloodPotion"},{"floor":20.0,"key":"Ancient Potion"}],"is_trial":false,"path_per_floor":["M","M","?","?","?","R","E","R","T","$","?","E","M","M","R","B",null,"M","M","M","M","$","R","E"],"character_chosen":"IRONCLAD","items_purchased":["Rage","Body Slam","Dual Wield","Regen Potion"],"campfire_rested":1,"item_purchase_floors":[10,22,22,22],"current_hp_per_floor":[66,62,75,70,68,68,40,40,40,40,40,16,14,17,38,30,62,68,53,27,25,25,25,0],"gold":37,"neow_bonus":"TRANSFORM_TWO_CARDS","is_prod":false,"is_daily":false,"chose_seed":false,"campfire_upgraded":3,"win_rate":0,"timestamp":1565746412,"path_taken":["M","M","?","?","?","R","E","R","T","$","?","E","M","M","R","BOSS","M","M","M","M","$","R","E"],"build_version":"2019-07-17","purchased_purges":0,"victory":false,"max_hp_per_floor":[75,75,75,75,68,68,68,68,68,68,68,70,72,72,72,72,72,72,75,78,81,81,81,81],"card_choices":[{"not_picked":["Headbutt","Warcry"],"picked":"Pummel","floor":1.0},{"not_picked":["Havoc","Warcry"],"picked":"Shrug It Off","floor":2.0},{"not_picked":["Combust","True Grit"],"picked":"Barricade","floor":7.0},{"not_picked":["Havoc","Twin Strike","Flex"],"picked":"Singing Bowl","floor":12.0},{"not_picked":["Warcry","Fire Breathing","Perfected Strike"],"picked":"Singing Bowl","floor":13.0},{"not_picked":["Dropkick","Havoc"],"picked":"Clash","floor":14.0},{"not_picked":["Double Tap","Exhume"],"picked":"Feed","floor":16.0},{"not_picked":["Rupture","Dropkick"],"picked":"Pommel Strike","floor":19.0},{"not_picked":["Flex","Shockwave"],"picked":"Iron Wave","floor":20.0},{"not_picked":["Shrug It Off","Thunderclap"],"picked":"Entrench","floor":21}],"player_experience":518388,"relics_obtained":[{"floor":7.0,"key":"Potion Belt"},{"floor":9.0,"key":"Kunai"},{"floor":12.0,"key":"Shovel"}],"event_choices":[{"damage_healed":18.0,"max_hp_gain":0.0,"max_hp_loss":0.0,"gold_gain":0.0,"event_name":"The Cleric","player_choice":"Healed","floor":3.0,"gold_loss":35.0,"damage_taken":0.0},{"damage_healed":0.0,"max_hp_gain":0.0,"max_hp_loss":0.0,"gold_gain":0.0,"event_name":"Scrap Ooze","player_choice":"Success","floor":4.0,"gold_loss":0.0,"damage_taken":5.0,"relics_obtained":["Singing Bowl"]},{"damage_healed":0.0,"max_hp_gain":0.0,"max_hp_loss":7.0,"gold_gain":0.0,"event_name":"Golden Idol","player_choice":"Lose Max HP","floor":5.0,"gold_loss":0.0,"damage_taken":0.0,"relics_obtained":["Golden Idol"]},{"damage_healed":0.0,"max_hp_gain":0.0,"max_hp_loss":0.0,"gold_gain":0.0,"event_name":"Golden Wing","player_choice":"Ignored","floor":11.0,"gold_loss":0.0,"damage_taken":0.0}],"is_beta":false,"boss_relics":[{"not_picked":["Fusion Hammer","Pandora\u0027s Box"],"picked":"Runic Cube"}],"items_purged_floors":[],"is_endless":false,"potions_floor_spawned":[1,12,13,14,20],"killed_by":"Gremlin Leader","ascension_level":15}