{"gold_per_floor":[117,130,205,225,225,225,252,267,294,306,352,364,391,28,28,129,129,139,156,156,110,110,139,139,238,261,261,261,36,36,54,54,54],"floor_reached":33,"playtime":2065,"items_purged":[],"score":339,"play_id":"8cc0b464-ceec-4920-8ca9-2dfa5f112d04","local_time":"20190714200814","is_ascension_mode":true,"campfire_choices":[{"data":"Iron Wave","floor":6,"key":"SMITH"},{"floor":10,"key":"REST"},{"floor":12,"key":"REST"},{"floor":15,"key":"REST"},{"floor":24,"key":"REST"},{"floor":27,"key":"REST"},{"data":"Barricade","floor":30,"key":"SMITH"},{"data":"Body Slam","floor":32,"key":"SMITH"}],"neow_cost":"NONE","seed_source_timestamp":91653160078857,"circlet_count":0,"master_deck":["Strike_R","Strike_R","Strike_R","Strike_R+1","Strike_R","Defend_R","Defend_R","Defend_R","Defend_R","Bash","Juggernaut","Body Slam+1","Iron Wave+1","Warcry+1","Sever Soul+1","Headbutt","Feed","True Grit+1","Clothesline","Fiend Fire","Disarm","Shockwave","Trip","Barricade+1","Shrug It Off","Clumsy","Infernal Blade","Shame","Entrench","Spot Weakness"],"relics":["Burning Blood","Red Skull","MawBank","Blood Vial","Anchor","War Paint","Cursed Key","WingedGreaves","Whetstone","Omamori","Orichalcum"],"potions_floor_usage":[7,13,16,19,23],"damage_taken":[{"damage":7,"enemies":"2 Louse","floor":1,"turns":3},{"damage":7,"enemies":"Jaw Worm","floor":2,"turns":3},{"damage":1,"enemies":"Cultist","floor":4,"turns":4},{"damage":35,"enemies":"Gremlin Nob","floor":7,"turns":5},{"damage":1,"enemies":"Looter","floor":8,"turns":4},{"damage":39,"enemies":"Lagavulin","floor":11,"turns":8},{"damage":16,"enemies":"2 Fungi Beasts","floor":13,"turns":3},{"damage":47,"enemies":"The Guardian","floor":16,"turns":13},{"damage":12,"enemies":"3 Byrds","floor":18,"turns":6},{"damage":0,"enemies":"Chosen","floor":19,"turns":6},{"damage":53,"enemies":"Gremlin Leader","floor":23,"turns":7},{"damage":10,"enemies":"Centurion and Healer","floor":31,"turns":8},{"damage":82,"enemies":"Collector","floor":33,"turns":6}],"seed_played":"-841147175065355340","potions_obtained":[{"floor":2,"key":"LiquidBronze"},{"floor":4,"key":"Energy Potion"},{"floor":13,"key":"Weak Potion"},{"floor":16,"key":"Block Potion"},{"floor":19,"key":"AttackPotion"}],"is_trial":false,"path_per_floor":["M","M","?","M","?","R","E","M","T","R","E","R","M","$","R","B",null,"M","M","?","$","T","E","R","?","T","R","?","$","R","M","R","B"],"character_chosen":"IRONCLAD","items_purchased":["Anchor","True Grit","Clothesline","War Paint","Shrug It Off","Spot Weakness","Orichalcum"],"campfire_rested":5,"item_purchase_floors":[14,14,14,14,21,29,29],"current_hp_per_floor":[79,78,67,72,72,72,43,48,48,72,39,63,55,55,79,39,70,69,77,77,77,77,32,56,56,56,80,80,80,80,78,78,0],"gold":54,"neow_bonus":"ONE_RANDOM_RARE_CARD","is_prod":false,"is_daily":false,"chose_seed":false,"campfire_upgraded":3,"win_rate":0,"timestamp":1563131294,"path_taken":["M","M","?","M","?","R","E","M","T","R","E","R","M","$","R","BOSS","M","M","?","$","?","E","R","?","T","R","?","$","R","M","R","BOSS"],"build_version":"2019-07-05","purchased_purges":0,"victory":false,"max_hp_per_floor":[80,80,80,80,80,80,80,80,80,80,80,80,80,80,80,80,80,83,83,83,83,83,83,83,83,83,83,83,83,83,83,83,83],"card_choices":[{"not_picked":["Cleave","Flex"],"picked":"Body Slam","floor":1},{"not_picked":["Burning Pact","Hemokinesis"],"picked":"Iron Wave","floor":2},{"not_picked":["Cleave","Wild Strike"],"picked":"Warcry","floor":4},{"not_picked":["Sword Boomerang","Wild Strike"],"picked":"Sever Soul","floor":7},{"not_picked":["Blood for Blood","Searing Blow"],"picked":"Headbutt","floor":8},{"not_picked":["Clash","Sever Soul","Wild Strike"],"picked":"SKIP","floor":11},{"not_picked":["Pommel Strike","Iron Wave"],"picked":"Feed","floor":13},{"not_picked":["Feed","Berserk"],"picked":"Fiend Fire","floor":16},{"not_picked":["Armaments","Rupture"],"picked":"Disarm","floor":18},{"not_picked":["Sever Soul","Headbutt"],"picked":"Shockwave","floor":19},{"not_picked":["Armaments","Sword Boomerang"],"picked":"Infernal Blade","floor":23},{"not_picked":["Wild Strike","Warcry","Armaments"],"picked":"SKIP","floor":31}],"player_experience":129732,"relics_obtained":[{"floor":7,"key":"Red Skull"},{"floor":9,"key":"MawBank"},{"floor":11,"key":"Blood Vial"},{"floor":22,"key":"WingedGreaves"},{"floor":23,"key":"Whetstone"},{"floor":26,"key":"Omamori"}],"event_choices":[{"damage_healed":0,"gold_gain":75,"player_choice":"Gather Gold","damage_taken":11,"max_hp_gain":0,"max_hp_loss":0,"event_name":"World of Goop","floor":3,"gold_loss":0},{"damage_healed":0,"gold_gain":0,"player_choice":"Ignored","damage_taken":0,"max_hp_gain":0,"max_hp_loss":0,"event_name":"Golden Wing","floor":5,"gold_loss":0},{"damage_healed":0,"gold_gain":0,"player_choice":"2 cards matched","damage_taken":0,"max_hp_gain":0,"max_hp_loss":0,"event_name":"Match and Keep!","floor":20,"gold_loss":0,"cards_obtained":["Trip","Barricade"]},{"damage_healed":0,"gold_gain":99,"player_choice":"Stole From Cult","damage_taken":0,"max_hp_gain":0,"max_hp_loss":0,"event_name":"Nest","floor":25,"gold_loss":0},{"damage_healed":0,"gold_gain":0,"player_choice":"Read","damage_taken":0,"max_hp_gain":0,"max_hp_loss":0,"event_name":"The Library","floor":28,"gold_loss":0,"cards_obtained":["Entrench"]}],"is_beta":false,"boss_relics":[{"not_picked":["Runic Cube","Runic Dome"],"picked":"Cursed Key"}],"items_purged_floors":[],"is_endless":false,"potions_floor_spawned":[2,4,13,16,19],"killed_by":"Collector","ascension_level":5}