{"gold_per_floor":[417,592,605,103,122,154,429,442,493,520,536,536,536,556,556,556],"floor_reached":16,"playtime":860,"items_purged":["Strike_R"],"score":118,"play_id":"f478ed30-4c46-4211-bdb8-f0ed33916272","local_time":"20181221091531","is_ascension_mode":true,"campfire_choices":[{"data":"Metamorphosis","floor":12,"key":"SMITH"},{"data":"Heavy Blade","floor":15,"key":"SMITH"}],"neow_cost":"TEN_PERCENT_HP_LOSS","seed_source_timestamp":172013813082465,"circlet_count":0,"master_deck":["Strike_R","Strike_R","Strike_R","Strike_R","Defend_R","Defend_R","Defend_R","Defend_R","Bash","Spot Weakness","Doubt","Heavy Blade+1","Metamorphosis+1","Finesse","Spot Weakness","Regret","True Grit+1","Battle Trance+1","Cleave","Shrug It Off+1"],"relics":["Burning Blood","Old Coin","Red Skull","Toxic Egg 2","Blood Vial","Boot","Golden Idol"],"potions_floor_usage":[6,8,8,14,16,16,16],"damage_taken":[{"damage":6,"enemies":"2 Louse","floor":1,"turns":3},{"damage":6,"enemies":"Small Slimes","floor":3,"turns":4},{"damage":0,"enemies":"Cultist","floor":5,"turns":3},{"damage":8,"enemies":"Gremlin Nob","floor":6,"turns":3},{"damage":8,"enemies":"2 Fungi Beasts","floor":8,"turns":3},{"damage":28,"enemies":"3 Sentries","floor":10,"turns":5},{"damage":17,"enemies":"3 Louse","floor":11,"turns":4},{"damage":14,"enemies":"Blue Slaver","floor":14,"turns":4},{"damage":41,"enemies":"Slime Boss","floor":16,"turns":7}],"seed_played":"5185106493390636330","potions_obtained":[{"floor":1,"key":"EssenceOfSteel"},{"floor":5,"key":"SteroidPotion"},{"floor":6,"key":"EntropicBrew"},{"floor":11,"key":"Dexterity Potion"},{"floor":14,"key":"GamblersBrew"}],"is_trial":false,"path_per_floor":["M","?","M","$","M","E","?","M","T","E","M","R","?","M","R","B"],"character_chosen":"IRONCLAD","items_purchased":["Metamorphosis","Red Skull","Finesse"],"campfire_rested":0,"item_purchase_floors":[4,4,4],"current_hp_per_floor":[72,72,72,72,72,70,70,68,68,48,39,39,39,39,39,0],"gold":556,"neow_bonus":"ONE_RARE_RELIC","is_prod":false,"is_daily":false,"chose_seed":false,"campfire_upgraded":2,"win_rate":0,"timestamp":1545408931,"path_taken":["M","?","M","$","M","E","?","M","T","E","?","R","?","M","R","BOSS"],"build_version":"2018-12-20","purchased_purges":1,"victory":false,"max_hp_per_floor":[72,72,72,72,72,72,72,72,72,72,72,72,67,67,67,67],"card_choices":[{"not_picked":["Shockwave","Armaments"],"picked":"Spot Weakness","floor":1},{"not_picked":["Havoc","Battle Trance"],"picked":"Heavy Blade","floor":3},{"not_picked":["Reckless Charge","Carnage"],"picked":"Spot Weakness","floor":5},{"not_picked":["Warcry","Hemokinesis","Sentinel"],"picked":"SKIP","floor":6},{"not_picked":["Wild Strike","Hemokinesis"],"picked":"True Grit+1","floor":8},{"not_picked":["Immolate","Second Wind+1"],"picked":"Battle Trance+1","floor":10},{"not_picked":["Anger","Spot Weakness+1"],"picked":"Cleave","floor":11},{"not_picked":["Whirlwind","Feel No Pain"],"picked":"Shrug It Off+1","floor":14}],"player_experience":162311,"relics_obtained":[{"floor":6,"key":"Toxic Egg 2"},{"floor":9,"key":"Blood Vial"},{"floor":10,"key":"Boot"}],"event_choices":[{"damage_healed":0,"gold_gain":175,"player_choice":"AGREE","damage_taken":0,"max_hp_gain":0,"max_hp_loss":0,"event_name":"Liars Game","floor":2,"gold_loss":0,"cards_obtained":["Doubt"]},{"damage_healed":0,"gold_gain":275,"player_choice":"Desecrate","damage_taken":0,"max_hp_gain":0,"max_hp_loss":0,"event_name":"Golden Shrine","floor":7,"gold_loss":0,"cards_obtained":["Regret"]},{"damage_healed":0,"gold_gain":0,"player_choice":"Lose Max HP","damage_taken":0,"relics_obtained":["Golden Idol"],"max_hp_gain":0,"max_hp_loss":5,"event_name":"Golden Idol","floor":13,"gold_loss":0}],"is_beta":false,"boss_relics":[],"items_purged_floors":[4],"is_endless":false,"potions_floor_spawned":[1,5,6,11,14],"killed_by":"Slime Boss","ascension_level":1}