{"gold_per_floor":[114,125,125,152,152,179,179,199,269,297,317,334,363,374,374,478,478,491,289,302,315,330,355,355,380,380,414,329,47,47,47,47,150,150,161,161,174,194,208,238,238,238,264,376,399,457,469,9,9,9],"floor_reached":51,"playtime":6425,"items_purged":[],"score":1193,"play_id":"55ec4341-fdb1-4afc-84bf-b935bdb4fbbe","local_time":"20190811194603","is_ascension_mode":true,"campfire_choices":[{"data":"Perfected Strike","floor":7,"key":"SMITH"},{"data":"Battle Trance","floor":15,"key":"SMITH"},{"data":"Disarm","floor":32,"key":"SMITH"},{"data":"Seeing Red","floor":41,"key":"SMITH"},{"data":"Dropkick","floor":47,"key":"SMITH"},{"data":"Perfected Strike","floor":49,"key":"SMITH"}],"neow_cost":"NONE","seed_source_timestamp":17807044612934,"circlet_count":0,"master_deck":["AscendersBane","Strike_R+1","Strike_R+1","Strike_R+1","Strike_R+1","Strike_R+1","Defend_R+1","Defend_R+1","Defend_R+1","Bash+1","Seeing Red+1","Perfected Strike+1","Disarm+1","Battle Trance+1","Rage+1","Warcry+1","Shrug It Off+1","Flame Barrier+1","Infernal Blade+1","Reaper","Dropkick+1","Dual Wield+1","Seeing Red+1","Infernal Blade+1","Dropkick","Armaments+1","Bash+1","Finesse+1","Fiend Fire","Spot Weakness+1","True Grit+1","True Grit+1","Shockwave+1","Metallicize","Perfected Strike+1","Dark Shackles+1","Warcry+1"],"relics":["Burning Blood","NeowsBlessing","Juzu Bracelet","Paper Frog","Toxic Egg 2","Sundial","Du-Vu Doll","Sozu","HandDrill","War Paint","MutagenicStrength","Unceasing Top","Matryoshka","Gremlin Horn","Calipers","DollysMirror","Busted Crown","Blue Candle","Anchor","MawBank","Pocketwatch","Turnip","Shuriken"],"potions_floor_usage":[10,12,50],"damage_taken":[{"damage":0,"enemies":"Cultist","floor":1,"turns":1},{"damage":0,"enemies":"Jaw Worm","floor":2,"turns":1},{"damage":0,"enemies":"Gremlin Nob","floor":6,"turns":1},{"damage":0,"enemies":"Small Slimes","floor":8,"turns":2},{"damage":35,"enemies":"3 Sentries","floor":10,"turns":9},{"damage":10,"enemies":"2 Fungi Beasts","floor":11,"turns":3},{"damage":3,"enemies":"Blue Slaver","floor":12,"turns":4},{"damage":16,"enemies":"Gremlin Nob","floor":13,"turns":4},{"damage":2,"enemies":"Large Slime","floor":14,"turns":8},{"damage":24,"enemies":"Slime Boss","floor":16,"turns":10},{"damage":12,"enemies":"Chosen","floor":18,"turns":4},{"damage":0,"enemies":"3 Byrds","floor":20,"turns":4},{"damage":3,"enemies":"Snecko","floor":21,"turns":4},{"damage":3,"enemies":"Snake Plant","floor":22,"turns":3},{"damage":21,"enemies":"Book of Stabbing","floor":23,"turns":6},{"damage":27,"enemies":"Slavers","floor":25,"turns":8},{"damage":46,"enemies":"Gremlin Leader","floor":27,"turns":5},{"damage":41,"enemies":"Collector","floor":33,"turns":5},{"damage":0,"enemies":"3 Darklings","floor":35,"turns":3},{"damage":0,"enemies":"Orb Walker","floor":37,"turns":2},{"damage":4,"enemies":"Sphere and 2 Shapes","floor":38,"turns":4},{"damage":18,"enemies":"Transient","floor":39,"turns":5},{"damage":5,"enemies":"Giant Head","floor":40,"turns":6},{"damage":4,"enemies":"Mind Bloom Boss Battle","floor":44,"turns":5},{"damage":26,"enemies":"Spire Growth","floor":45,"turns":4},{"damage":8,"enemies":"2 Orb Walkers","floor":46,"turns":4},{"damage":72,"enemies":"Donu and Deca","floor":50,"turns":8}],"seed_played":"8269150829776819839","potions_obtained":[{"floor":1,"key":"BloodPotion"},{"floor":6,"key":"Regen Potion"},{"floor":10,"key":"Ancient Potion"}],"is_trial":false,"path_per_floor":["M","M","?","T","?","E","R","M","T","E","M","M","E","M","R","B",null,"M","$","M","M","M","E","?","E","T","E","?","$","?","?","R","B",null,"M","?","M","M","M","E","R","?","T","?","M","?","R","$","R","B",null],"character_chosen":"IRONCLAD","items_purchased":["HandDrill","DollysMirror","Finesse+1","Shuriken","Metallicize","Perfected Strike","Dark Shackles+1","Warcry+1"],"campfire_rested":0,"item_purchase_floors":[19,29,29,48,48,48,48,48],"current_hp_per_floor":[78,80,85,85,85,85,85,85,85,71,67,85,75,79,79,61,79,78,78,84,85,85,70,70,55,55,20,20,20,85,85,85,50,76,82,82,85,85,74,85,85,85,85,85,72,84,84,84,84,19],"gold":9,"neow_bonus":"THREE_ENEMY_KILL","is_prod":false,"is_daily":false,"chose_seed":false,"campfire_upgraded":6,"win_rate":0,"timestamp":1565577963,"path_taken":["M","?","?","?","?","E","R","M","T","E","M","M","E","M","R","BOSS","M","$","M","M","M","E","?","E","T","E","?","$","?","?","R","BOSS","M","?","M","M","M","E","R","?","T","?","M","?","R","$","R","BOSS"],"build_version":"2019-07-17","purchased_purges":0,"victory":true,"max_hp_per_floor":[80,80,85,85,85,85,85,85,85,85,85,85,85,85,85,85,85,85,85,85,85,85,85,85,85,85,85,85,85,85,85,85,85,85,85,85,85,85,85,85,85,85,85,85,85,85,85,85,85,85],"card_choices":[{"not_picked":["Flame Barrier","Iron Wave"],"picked":"Seeing Red","floor":1},{"not_picked":["Thunderclap","Flame Barrier"],"picked":"Perfected Strike","floor":2},{"not_picked":["Blood for Blood","Sword Boomerang"],"picked":"Disarm","floor":6},{"not_picked":["Intimidate","Evolve"],"picked":"Battle Trance","floor":8},{"not_picked":["Iron Wave","Flex+1"],"picked":"Rage+1","floor":10},{"not_picked":["Searing Blow","Rampage"],"picked":"Warcry+1","floor":11},{"not_picked":["Sentinel+1","Heavy Blade"],"picked":"Shrug It Off+1","floor":12},{"not_picked":["Wild Strike","Anger"],"picked":"Flame Barrier+1","floor":13},{"not_picked":["Spot Weakness+1","Dual Wield+1"],"picked":"Infernal Blade+1","floor":14},{"not_picked":["Exhume+1","Bludgeon"],"picked":"Reaper","floor":16},{"not_picked":["Body Slam","Clothesline"],"picked":"Dropkick","floor":18},{"not_picked":["Ghostly Armor+1","Clothesline"],"picked":"Dual Wield+1","floor":20},{"not_picked":["Searing Blow","Sever Soul+1"],"picked":"Seeing Red+1","floor":21},{"not_picked":["Iron Wave+1","Sword Boomerang"],"picked":"Infernal Blade+1","floor":22},{"not_picked":["Heavy Blade","Power Through+1"],"picked":"Dropkick","floor":23},{"not_picked":["Disarm+1","Inflame"],"picked":"Armaments+1","floor":25},{"not_picked":["Iron Wave","Twin Strike"],"picked":"Second Wind+1","floor":27},{"not_picked":["Reaper","Demon Form"],"picked":"Fiend Fire","floor":33},{"not_picked":["Clash"],"picked":"SKIP","floor":35},{"not_picked":["Sword Boomerang+1"],"picked":"SKIP","floor":37},{"not_picked":["Power Through+1"],"picked":"SKIP","floor":38},{"not_picked":["Inflame"],"picked":"SKIP","floor":39},{"not_picked":[],"picked":"True Grit+1","floor":40},{"not_picked":[],"picked":"True Grit+1","floor":44},{"not_picked":["Armaments+1"],"picked":"SKIP","floor":45},{"not_picked":[],"picked":"Shockwave+1","floor":46}],"player_experience":692784,"relics_obtained":[{"floor":4,"key":"Juzu Bracelet"},{"floor":6,"key":"Paper Frog"},{"floor":9,"key":"Toxic Egg 2"},{"floor":10,"key":"Sundial"},{"floor":13,"key":"Du-Vu Doll"},{"floor":23,"key":"War Paint"},{"floor":25,"key":"Unceasing Top"},{"floor":26,"key":"Matryoshka"},{"floor":27,"key":"Gremlin Horn"},{"floor":40,"key":"Blue Candle"},{"floor":43,"key":"Anchor"},{"floor":43,"key":"MawBank"},{"floor":44,"key":"Pocketwatch"},{"floor":46,"key":"Turnip"}],"event_choices":[{"damage_healed":0,"gold_gain":0,"player_choice":"Donut","damage_taken":0,"max_hp_gain":5,"max_hp_loss":0,"event_name":"Big Fish","floor":3,"gold_loss":0},{"damage_healed":0,"gold_gain":0,"player_choice":"Grow","damage_taken":0,"max_hp_gain":0,"max_hp_loss":0,"event_name":"Living Wall","floor":5,"gold_loss":0,"cards_upgraded":["Bash"]},{"damage_healed":0,"gold_gain":0,"player_choice":"Inject Mutagens","damage_taken":0,"relics_obtained":["MutagenicStrength"],"max_hp_gain":0,"max_hp_loss":0,"event_name":"Drug Dealer","floor":24,"gold_loss":0},{"damage_healed":0,"gold_gain":0,"player_choice":"Obtained Relic","damage_taken":0,"relics_obtained":["Calipers"],"max_hp_gain":0,"max_hp_loss":0,"event_name":"Addict","floor":28,"gold_loss":85},{"cards_removed":["Second Wind"],"damage_healed":65,"gold_gain":0,"player_choice":"Offered Uncommon","damage_taken":0,"max_hp_gain":0,"max_hp_loss":0,"event_name":"Bonfire Elementals","floor":30,"gold_loss":0},{"damage_healed":0,"gold_gain":0,"player_choice":"Simplicity","damage_taken":0,"max_hp_gain":0,"max_hp_loss":0,"event_name":"Back to Basics","floor":31,"gold_loss":0,"cards_upgraded":["Strike_R","Strike_R","Strike_R","Strike_R","Strike_R","Defend_R","Defend_R"]},{"damage_healed":0,"gold_gain":0,"cards_transformed":["Defend_R"],"player_choice":"Transformed","damage_taken":0,"max_hp_gain":0,"max_hp_loss":0,"event_name":"Transmorgrifier","floor":36,"gold_loss":0,"cards_obtained":["Spot Weakness"]},{"damage_healed":0,"gold_gain":0,"player_choice":"Ignored","damage_taken":0,"max_hp_gain":0,"max_hp_loss":0,"event_name":"Tomb of Lord Red Mask","floor":42,"gold_loss":0},{"damage_healed":0,"gold_gain":0,"player_choice":"Fight","damage_taken":0,"max_hp_gain":0,"max_hp_loss":0,"event_name":"MindBloom","floor":44,"gold_loss":0},{"damage_healed":0,"gold_gain":0,"player_choice":"Fight","damage_taken":0,"max_hp_gain":0,"max_hp_loss":0,"event_name":"Mysterious Sphere","floor":46,"gold_loss":0}],"is_beta":false,"boss_relics":[{"not_picked":["Black Star","Eternal Feather"],"picked":"Sozu"},{"not_picked":["Mark of Pain","Orrery"],"picked":"Busted Crown"}],"items_purged_floors":[],"is_endless":false,"potions_floor_spawned":[1,6,10,11,18,23,27,38,44,46],"ascension_level":12}