{"gold_per_floor":[115,135,135,310,310,310,61,81,81,81,156,174,202,214,214,313,313,331,345,345,358,109,109,109,109,134,134,234,259,58,58,58,156,156,172,185,205,205,205,205,232,232,232,232,263,18,32,43,43,43],"floor_reached":51,"playtime":2960,"items_purged":["Doubt"],"score":872,"play_id":"51b6b344-cb57-48ee-ac7b-1320450005b2","local_time":"20190711214424","is_ascension_mode":true,"campfire_choices":[{"floor":6,"key":"REST"},{"floor":15,"key":"REST"},{"floor":23,"key":"REST"},{"data":"Spot Weakness","floor":25,"key":"SMITH"},{"data":"Fiend Fire","floor":27,"key":"SMITH"},{"floor":32,"key":"REST"},{"data":"Feel No Pain","floor":40,"key":"SMITH"},{"floor":44,"key":"REST"},{"data":"Heavy Blade","floor":49,"key":"SMITH"}],"neow_cost":"NONE","seed_source_timestamp":5285130903923,"circlet_count":0,"master_deck":["Strike_R","Strike_R+1","Strike_R","Strike_R","Strike_R","Defend_R+1","Defend_R","Defend_R+1","Defend_R","Bash+1","True Grit+1","Feel No Pain+1","Armaments+1","Second Wind","Havoc","Immolate","Shockwave","Fiend Fire+1","Headbutt+1","Warcry","Spot Weakness+1","Pummel","Anger","Warcry","Dual Wield","Necronomicurse","Inflame+1","Limit Break","Sever Soul+1","True Grit+1","Iron Wave+1","Madness","Warcry+1","Shame","Heavy Blade+1","Shrug It Off","Sever Soul+1","Rage+1"],"relics":["Burning Blood","Strawberry","War Paint","Darkstone Periapt","Ancient Tea Set","Cursed Key","Bag of Marbles","Dream Catcher","MutagenicStrength","Anchor","Pocketwatch","Pantograph","Red Skull","Brimstone","Necronomicon","Mark of Pain","Question Card","Orichalcum","Happy Flower","Bottled Flame"],"potions_floor_usage":[13,16,28,29,37,41,50,50],"damage_taken":[{"damage":0,"enemies":"Small Slimes","floor":1,"turns":3},{"damage":8,"enemies":"2 Louse","floor":2,"turns":3},{"damage":8,"enemies":"Jaw Worm","floor":8,"turns":5},{"damage":6,"enemies":"Looter","floor":12,"turns":4},{"damage":33,"enemies":"3 Sentries","floor":13,"turns":12},{"damage":2,"enemies":"Blue Slaver","floor":14,"turns":4},{"damage":37,"enemies":"Hexaghost","floor":16,"turns":9},{"damage":22,"enemies":"Shell Parasite","floor":18,"turns":5},{"damage":12,"enemies":"Chosen","floor":19,"turns":5},{"damage":27,"enemies":"Snake Plant","floor":21,"turns":4},{"damage":0,"enemies":"Colosseum Slavers","floor":28,"turns":2},{"damage":10,"enemies":"Colosseum Nobs","floor":28,"turns":4},{"damage":16,"enemies":"Book of Stabbing","floor":29,"turns":4},{"damage":27,"enemies":"Champ","floor":33,"turns":6},{"damage":0,"enemies":"Orb Walker","floor":35,"turns":1},{"damage":0,"enemies":"3 Shapes","floor":36,"turns":1},{"damage":26,"enemies":"3 Darklings","floor":37,"turns":5},{"damage":39,"enemies":"Reptomancer","floor":41,"turns":4},{"damage":10,"enemies":"Nemesis","floor":45,"turns":3},{"damage":8,"enemies":"4 Shapes","floor":47,"turns":3},{"damage":1,"enemies":"Spire Growth","floor":48,"turns":2},{"damage":60,"enemies":"Time Eater","floor":50,"turns":6}],"seed_played":"-4991107272393087192","potions_obtained":[{"floor":2,"key":"PowerPotion"},{"floor":8,"key":"SteroidPotion"},{"floor":12,"key":"Swift Potion"},{"floor":19,"key":"Fire Potion"},{"floor":21,"key":"Dexterity Potion"},{"floor":33,"key":"Dexterity Potion"},{"floor":35,"key":"PowerPotion"},{"floor":37,"key":"Weak Potion"},{"floor":45,"key":"LiquidBronze"}],"is_trial":false,"path_per_floor":["M","M","?","?","?","R","$","M","T","?","?","M","E","M","R","B",null,"M","M","?","M","$","R","?","R","T","R","?","E","$","?","R","B",null,"M","M","M","?","?","R","E","?","T","R","E","$","M","M","R","B",null],"character_chosen":"IRONCLAD","items_purchased":["Armaments","War Paint","Spot Weakness","Pummel","Dream Catcher","Brimstone","Bottled Flame"],"campfire_rested":5,"item_purchase_floors":[7,7,22,22,22,30,46],"current_hp_per_floor":[80,78,62,62,62,87,87,85,85,85,85,85,58,62,87,56,87,71,65,65,44,44,70,70,70,76,76,78,68,68,58,87,78,99,99,99,79,105,105,105,72,72,78,108,104,104,102,107,107,54],"gold":43,"neow_bonus":"UPGRADE_CARD","is_prod":false,"is_daily":false,"chose_seed":false,"campfire_upgraded":4,"win_rate":0,"timestamp":1562877864,"path_taken":["M","M","?","?","?","R","$","M","T","?","?","?","E","M","R","BOSS","M","M","?","M","$","R","?","R","T","R","?","E","?","?","R","BOSS","M","M","M","?","?","R","E","?","T","R","E","$","?","M","R","BOSS"],"build_version":"2019-07-05","purchased_purges":1,"victory":true,"max_hp_per_floor":[80,80,80,80,87,87,87,87,87,87,87,87,87,87,87,87,87,87,87,87,87,87,87,87,87,93,93,93,93,93,99,99,99,99,99,99,99,105,105,105,105,102,108,108,108,108,108,108,108,108],"card_choices":[{"not_picked":["Bloodletting","Havoc"],"picked":"True Grit","floor":1},{"not_picked":["Warcry","Armaments"],"picked":"Feel No Pain","floor":2},{"not_picked":["Iron Wave","Clash"],"picked":"Second Wind","floor":8},{"not_picked":["Anger","Carnage"],"picked":"Havoc","floor":12},{"not_picked":["Havoc","Hemokinesis"],"picked":"Immolate","floor":13},{"not_picked":["Bloodletting","Whirlwind"],"picked":"Shockwave","floor":14},{"not_picked":["Double Tap","Reaper"],"picked":"Fiend Fire","floor":16},{"not_picked":["Thunderclap","Perfected Strike","Armaments"],"picked":"SKIP","floor":18},{"not_picked":["Second Wind","Havoc"],"picked":"Headbutt+1","floor":19},{"not_picked":["Shrug It Off","Immolate"],"picked":"Warcry","floor":21},{"not_picked":["Sever Soul","Clothesline"],"picked":"Anger","floor":23},{"not_picked":["Perfected Strike","Clothesline"],"picked":"Warcry","floor":28},{"not_picked":["Entrench","Body Slam"],"picked":"Dual Wield","floor":29},{"not_picked":["Warcry","Clothesline"],"picked":"Inflame+1","floor":32},{"not_picked":["Barricade","Juggernaut"],"picked":"Limit Break","floor":33},{"not_picked":["Clash","Uppercut"],"picked":"Sever Soul+1","floor":35},{"not_picked":["Sword Boomerang","Shrug It Off+1"],"picked":"True Grit+1","floor":36},{"not_picked":["Rampage","Headbutt"],"picked":"Iron Wave+1","floor":37},{"not_picked":["Mayhem","Enlightenment"],"picked":"Madness","floor":39},{"not_picked":["Cleave+1","Flex"],"picked":"Warcry+1","floor":41},{"not_picked":["Thunderclap","Second Wind+1","Warcry"],"picked":"Heavy Blade","floor":44},{"not_picked":["Havoc","Feed","Sword Boomerang"],"picked":"Shrug It Off","floor":45},{"not_picked":["Perfected Strike+1","Fire Breathing+1","Cleave"],"picked":"Sever Soul+1","floor":47},{"not_picked":["Body Slam","Armaments","Havoc+1"],"picked":"Rage+1","floor":48}],"player_experience":97073,"relics_obtained":[{"floor":9,"key":"Darkstone Periapt"},{"floor":13,"key":"Ancient Tea Set"},{"floor":26,"key":"Anchor"},{"floor":28,"key":"Pocketwatch"},{"floor":28,"key":"Pantograph"},{"floor":29,"key":"Red Skull"},{"floor":31,"key":"Necronomicon"},{"floor":41,"key":"Question Card"},{"floor":43,"key":"Orichalcum"},{"floor":45,"key":"Happy Flower"}],"event_choices":[{"damage_healed":0,"gold_gain":0,"player_choice":"Entered Light","damage_taken":16,"max_hp_gain":0,"max_hp_loss":0,"event_name":"Shining Light","floor":3,"gold_loss":0,"cards_upgraded":["Strike_R","Defend_R"]},{"damage_healed":0,"gold_gain":175,"player_choice":"AGREE","damage_taken":0,"max_hp_gain":0,"max_hp_loss":0,"event_name":"Liars Game","floor":4,"gold_loss":0,"cards_obtained":["Doubt"]},{"damage_healed":0,"gold_gain":0,"player_choice":"Success","damage_taken":7,"relics_obtained":["Strawberry"],"max_hp_gain":0,"max_hp_loss":0,"event_name":"Scrap Ooze","floor":5,"gold_loss":0},{"damage_healed":0,"gold_gain":0,"player_choice":"Grow","damage_taken":0,"max_hp_gain":0,"max_hp_loss":0,"event_name":"Living Wall","floor":10,"gold_loss":0,"cards_upgraded":["Armaments"]},{"damage_healed":0,"gold_gain":75,"player_choice":"Gained Gold","damage_taken":0,"max_hp_gain":0,"max_hp_loss":0,"event_name":"Golden Wing","floor":11,"gold_loss":0},{"damage_healed":0,"gold_gain":0,"player_choice":"Opened","damage_taken":0,"relics_obtained":["Bag of Marbles"],"max_hp_gain":0,"max_hp_loss":0,"event_name":"The Mausoleum","floor":20,"gold_loss":0},{"damage_healed":0,"gold_gain":0,"player_choice":"Inject Mutagens","damage_taken":0,"relics_obtained":["MutagenicStrength"],"max_hp_gain":0,"max_hp_loss":0,"event_name":"Drug Dealer","floor":24,"gold_loss":0},{"damage_healed":0,"gold_gain":0,"player_choice":"Fight","damage_taken":0,"max_hp_gain":0,"max_hp_loss":0,"event_name":"Colosseum","floor":28,"gold_loss":0},{"damage_healed":0,"gold_gain":0,"player_choice":"Fought Nobs","damage_taken":0,"max_hp_gain":0,"max_hp_loss":0,"event_name":"Colosseum","floor":28,"gold_loss":0},{"damage_healed":0,"gold_gain":0,"player_choice":"Obtained Book","damage_taken":16,"max_hp_gain":0,"max_hp_loss":0,"event_name":"Cursed Tome","floor":31,"gold_loss":0},{"damage_healed":25,"gold_gain":0,"player_choice":"Writhe","damage_taken":0,"max_hp_gain":0,"max_hp_loss":0,"event_name":"Winding Halls","floor":38,"gold_loss":0,"cards_obtained":["Writhe"]},{"damage_healed":0,"gold_gain":0,"player_choice":"Memory 1","damage_taken":0,"max_hp_gain":0,"max_hp_loss":0,"event_name":"SensoryStone","floor":39,"gold_loss":0},{"cards_removed":["Writhe","Parasite"],"damage_healed":0,"gold_gain":0,"player_choice":"Removed Curses","damage_taken":0,"max_hp_gain":0,"max_hp_loss":0,"event_name":"Fountain of Cleansing","floor":42,"gold_loss":0}],"is_beta":false,"boss_relics":[{"not_picked":["Velvet Choker","Runic Pyramid"],"picked":"Cursed Key"},{"not_picked":["Fusion Hammer","Snecko Eye"],"picked":"Mark of Pain"}],"items_purged_floors":[7],"is_endless":false,"potions_floor_spawned":[2,8,12,19,21,33,35,37,45,47],"ascension_level":3}