{"gold_per_floor":[112,125,50,50,50,83,83,106,106,129,145,45,45,45,45,164,164,189,209,209,222,23,66,85,85,85,98,141,141,2,2,2,2],"floor_reached":33,"playtime":2183,"items_purged":["Strike_G","Defend_G","Strike_G"],"score":287,"play_id":"986a0cf1-2de8-47d7-84a4-a17dd6b66e25","local_time":"20181213221918","is_ascension_mode":false,"campfire_choices":[{"data":"Backstab","floor":7,"key":"SMITH"},{"data":"Cloak And Dagger","floor":13,"key":"SMITH"},{"data":"Accuracy","floor":15,"key":"SMITH"},{"data":"Noxious Fumes","floor":25,"key":"SMITH"},{"data":"Deadly Poison","floor":32,"key":"SMITH"}],"neow_cost":"NONE","seed_source_timestamp":153141743437132,"circlet_count":0,"master_deck":["Defend_G","Defend_G","Defend_G","Defend_G","Strike_G","Strike_G","Strike_G","Survivor","Neutralize+1","Backstab+1","Accuracy+1","Regret","Cloak And Dagger+1","Backflip","Venomology","Blade Dance+1","Dodge and Roll","Blade Dance","Noxious Fumes+1","Escape Plan","Accuracy+1","Backstab","Dodge and Roll+1","Deadly Poison+1","Well Laid Plans","Backflip"],"relics":["Ring of the Snake","Golden Idol","Paper Crane","Mercury Hourglass","Lantern","Philosopher\u0027s Stone","Ancient Tea Set","Bronze Scales","The Specimen"],"potions_floor_usage":[6,6,16,16,19,23,23,23,24,27,27,28,31,33,33,33],"damage_taken":[{"damage":0,"enemies":"Jaw Worm","floor":1,"turns":6},{"damage":0,"enemies":"Cultist","floor":2,"turns":3},{"damage":13,"enemies":"Gremlin Nob","floor":6,"turns":4},{"damage":0,"enemies":"2 Louse","floor":8,"turns":1},{"damage":0,"enemies":"Looter","floor":10,"turns":3},{"damage":1,"enemies":"2 Fungi Beasts","floor":11,"turns":2},{"damage":17,"enemies":"Slime Boss","floor":16,"turns":10},{"damage":13,"enemies":"3 Byrds","floor":18,"turns":4},{"damage":11,"enemies":"Shell Parasite","floor":19,"turns":4},{"damage":15,"enemies":"Snecko","floor":21,"turns":5},{"damage":9,"enemies":"Slavers","floor":23,"turns":4},{"damage":0,"enemies":"Shelled Parasite and Fungi","floor":24,"turns":5},{"damage":3,"enemies":"Snake Plant","floor":27,"turns":4},{"damage":6,"enemies":"Book of Stabbing","floor":28,"turns":5},{"damage":0,"enemies":"Sentry and Sphere","floor":31,"turns":3},{"damage":35,"enemies":"Automaton","floor":33,"turns":6}],"seed_played":"4572906565354068544","potions_obtained":[{"floor":1,"key":"Poison Potion"},{"floor":2,"key":"AttackPotion"},{"floor":8,"key":"AttackPotion"},{"floor":10,"key":"Poison Potion"},{"floor":21,"key":"Explosive Potion"},{"floor":24,"key":"SkillPotion"},{"floor":27,"key":"Swift Potion"}],"is_trial":false,"path_per_floor":["M","M","$","?","?","E","R","M","T","M","M","$","R","$","R","B",null,"M","M","?","M","$","E","M","R","T","M","E","$","$","M","R","B"],"character_chosen":"THE_SILENT","items_purchased":["Noxious Fumes","Deadly Poison","Well Laid Plans","Backflip"],"campfire_rested":0,"item_purchase_floors":[22,30,30,30],"current_hp_per_floor":[70,70,70,53,53,40,40,40,40,40,39,39,39,39,39,22,70,57,46,46,31,31,22,31,31,31,28,22,22,22,22,22,0],"gold":2,"neow_bonus":"UPGRADE_CARD","is_prod":false,"is_daily":false,"chose_seed":false,"campfire_upgraded":5,"win_rate":0.0,"timestamp":1544764758,"path_taken":["M","M","$","?","?","E","R","M","T","M","M","$","R","$","R","BOSS","M","M","?","M","$","E","M","R","T","M","E","?","$","M","R","BOSS"],"build_version":"2018-12-13","purchased_purges":3,"victory":false,"max_hp_per_floor":[70,70,70,70,70,70,70,70,70,70,70,70,70,70,70,70,70,70,70,70,70,70,70,70,70,70,70,70,70,70,70,70,70],"card_choices":[{"not_picked":["Infinite Blades","Caltrops"],"picked":"Backstab","floor":1},{"not_picked":["Crippling Poison","Poisoned Stab"],"picked":"Accuracy","floor":2},{"not_picked":["Flying Knee","Quick Slash","Dagger Spray"],"picked":"SKIP","floor":6},{"not_picked":["Deflect","Dagger Spray"],"picked":"Cloak And Dagger","floor":8},{"not_picked":["Expertise","Distraction","Quick Slash"],"picked":"SKIP","floor":10},{"not_picked":["Dodge and Roll","Poisoned Stab"],"picked":"Backflip","floor":11},{"not_picked":["Doppelganger","Malaise"],"picked":"Venomology","floor":16},{"not_picked":["Prepared+1","Eviscerate"],"picked":"Blade Dance","floor":18},{"not_picked":["Leg Sweep","Sucker Punch"],"picked":"Dodge and Roll","floor":19},{"not_picked":["PiercingWail+1","Finisher+1"],"picked":"Blade Dance","floor":21},{"not_picked":["PiercingWail","Dagger Spray"],"picked":"Escape Plan","floor":23},{"not_picked":["Bane","Crippling Poison+1"],"picked":"Accuracy+1","floor":24},{"not_picked":["Eviscerate","Dash"],"picked":"Backstab","floor":27},{"not_picked":["Distraction","All Out Attack+1"],"picked":"Dodge and Roll+1","floor":28}],"player_experience":90951,"relics_obtained":[{"floor":6,"key":"Mercury Hourglass"},{"floor":9,"key":"Lantern"},{"floor":23,"key":"Ancient Tea Set"},{"floor":26,"key":"Bronze Scales"},{"floor":28,"key":"The Specimen"}],"event_choices":[{"damage_healed":0,"gold_gain":0,"player_choice":"Take Damage","damage_taken":17,"relics_obtained":["Golden Idol"],"max_hp_gain":0,"max_hp_loss":0,"event_name":"Golden Idol","floor":4,"gold_loss":0},{"damage_healed":0,"gold_gain":0,"player_choice":"Box","damage_taken":0,"relics_obtained":["Paper Crane"],"max_hp_gain":0,"max_hp_loss":0,"event_name":"Big Fish","floor":5,"gold_loss":0,"cards_obtained":["Regret"]},{"damage_healed":0,"gold_gain":0,"player_choice":"Forge","damage_taken":0,"max_hp_gain":0,"max_hp_loss":0,"event_name":"Accursed Blacksmith","floor":20,"gold_loss":0,"cards_upgraded":["Blade Dance"]}],"is_beta":false,"boss_relics":[{"not_picked":["Calling Bell","Lizard Tail"],"picked":"Philosopher\u0027s Stone"}],"items_purged_floors":[3,12,22],"is_endless":false,"potions_floor_spawned":[1,2,8,10,21,24,27,31],"killed_by":"Automaton","ascension_level":0}