{"gold_per_floor":[114,114,4,17,30,65,76,76,126,145,168,193,205,231,243,255],"floor_reached":16,"playtime":713,"items_purged":["Strike_R"],"score":104,"play_id":"183603b7-855a-472b-86c4-a59f7e891211","local_time":"20190127151937","is_ascension_mode":false,"campfire_choices":[{"data":"Dropkick","floor":8,"key":"SMITH"},{"floor":13,"key":"REST"},{"data":"Rage","floor":15,"key":"SMITH"}],"neow_cost":"NONE","seed_source_timestamp":139960210409108,"circlet_count":0,"master_deck":["Strike_R","Strike_R","Strike_R","Strike_R","Defend_R","Defend_R","Defend_R","Bash","Dropkick+1","Thunderclap","Burning Pact","Rage+1","Double Tap"],"relics":["Lizard Tail","Kunai","Bag of Marbles","MawBank"],"potions_floor_usage":[6,7,12,16],"damage_taken":[{"damage":10,"enemies":"Cultist","floor":1,"turns":4},{"damage":11,"enemies":"Jaw Worm","floor":4,"turns":2},{"damage":14,"enemies":"Small Slimes","floor":5,"turns":5},{"damage":31,"enemies":"3 Sentries","floor":6,"turns":7},{"damage":22,"enemies":"Exordium Thugs","floor":7,"turns":4},{"damage":9,"enemies":"Blue Slaver","floor":10,"turns":4},{"damage":4,"enemies":"Looter","floor":12,"turns":2},{"damage":8,"enemies":"3 Louse","floor":14,"turns":3},{"damage":32,"enemies":"Hexaghost","floor":16,"turns":10}],"seed_played":"7662500370661128046","potions_obtained":[{"floor":1,"key":"AttackPotion"},{"floor":6,"key":"SteroidPotion"},{"floor":10,"key":"SkillPotion"},{"floor":14,"key":"PowerPotion"}],"is_trial":false,"path_per_floor":["M","?","$","M","M","E","M","R","T","M","T","M","R","M","R","B"],"character_chosen":"IRONCLAD","items_purchased":["Dropkick"],"campfire_rested":1,"item_purchase_floors":[3],"current_hp_per_floor":[70,63,63,52,38,7,26,26,26,17,17,13,37,29,29,0],"gold":255,"neow_bonus":"BOSS_RELIC","is_prod":false,"is_daily":false,"chose_seed":false,"campfire_upgraded":2,"win_rate":0,"timestamp":1548627577,"path_taken":["M","?","$","M","M","E","M","R","T","M","?","M","R","?","R","BOSS"],"build_version":"2019-01-23","purchased_purges":1,"victory":false,"max_hp_per_floor":[80,80,80,80,80,80,80,80,80,80,80,80,80,80,80,80],"card_choices":[{"not_picked":["Anger","Clothesline","Sentinel"],"picked":"SKIP","floor":1},{"not_picked":["Sword Boomerang","Iron Wave","Second Wind"],"picked":"SKIP","floor":4},{"not_picked":["Ghostly Armor","Searing Blow"],"picked":"Thunderclap","floor":5},{"not_picked":["Perfected Strike","Disarm"],"picked":"Burning Pact","floor":6},{"not_picked":["Shrug It Off","Twin Strike","Combust"],"picked":"SKIP","floor":7},{"not_picked":["Clothesline","Corruption"],"picked":"Rage","floor":10},{"not_picked":["Heavy Blade","Body Slam","Clash"],"picked":"SKIP","floor":12},{"not_picked":["Headbutt","Whirlwind"],"picked":"Double Tap","floor":14}],"player_experience":332805,"relics_obtained":[{"floor":6,"key":"Kunai"},{"floor":9,"key":"Bag of Marbles"},{"floor":11,"key":"MawBank"}],"event_choices":[{"cards_removed":["Defend_R"],"damage_healed":0,"gold_gain":0,"player_choice":"Card Removal","damage_taken":7,"max_hp_gain":0,"max_hp_loss":0,"event_name":"Golden Wing","floor":2,"gold_loss":0}],"is_beta":false,"boss_relics":[],"items_purged_floors":[3],"is_endless":false,"potions_floor_spawned":[1,6,10,14],"killed_by":"Hexaghost","ascension_level":0}