{"gold_per_floor":[111,111,128,203,219,219,251,251,298,314,314,347,347,360,360,360],"floor_reached":16,"playtime":1051,"items_purged":[],"score":110,"play_id":"aff1b1a6-451a-430e-a3fa-8dd7a51f2f6e","local_time":"20181013115006","is_ascension_mode":false,"campfire_choices":[{"data":"Dualcast","floor":6,"key":"SMITH"},{"floor":8,"key":"REST"},{"data":"Chill","floor":13,"key":"SMITH"},{"data":"Gash","floor":15,"key":"SMITH"}],"neow_cost":"NONE","seed_source_timestamp":138743435661866,"circlet_count":0,"master_deck":["Strike_B","Strike_B+1","Strike_B","Strike_B","Defend_B","Defend_B","Defend_B+1","Defend_B+1","Zap+1","Dualcast+1","Gash+1","Rip and Tear","Beam Cell","Go for the Eyes","Chill+1","FTL","BootSequence"],"relics":["Cracked Core","War Paint","Omamori","Lantern","Letter Opener","Dream Catcher"],"potions_floor_usage":[5,12],"damage_taken":[{"damage":0,"enemies":"Jaw Worm","floor":1,"turns":2},{"damage":2,"enemies":"Small Slimes","floor":3,"turns":3},{"damage":0,"enemies":"Cultist","floor":5,"turns":2},{"damage":18,"enemies":"3 Sentries","floor":7,"turns":6},{"damage":0,"enemies":"Exordium Wildlife","floor":10,"turns":2},{"damage":11,"enemies":"Lagavulin","floor":12,"turns":4},{"damage":0,"enemies":"2 Fungi Beasts","floor":14,"turns":2},{"damage":43,"enemies":"The Guardian","floor":16,"turns":12}],"seed_played":"-5492386879706044470","potions_obtained":[{"floor":3,"key":"SteroidPotion"},{"floor":10,"key":"Swift Potion"},{"floor":14,"key":"SteroidPotion"}],"is_trial":false,"path_per_floor":["M","?","M","?","M","R","E","R","T","M","T","E","R","M","R"],"character_chosen":"DEFECT","items_purchased":[],"campfire_rested":1,"item_purchase_floors":[],"current_hp_per_floor":[75,60,58,47,47,47,29,51,51,51,51,40,40,40,40,0],"gold":360,"neow_bonus":"RANDOM_COMMON_RELIC","is_prod":false,"is_daily":false,"chose_seed":false,"campfire_upgraded":3,"win_rate":0,"timestamp":1539424206,"path_taken":["M","?","?","?","M","R","E","R","T","M","?","E","R","M","R","BOSS"],"build_version":"2018-10-11","purchased_purges":0,"victory":false,"max_hp_per_floor":[75,75,75,75,75,75,75,75,75,75,75,75,75,75,75,75],"card_choices":[{"not_picked":["Ball Lightning","Loop"],"picked":"Gash","floor":1},{"not_picked":["Ball Lightning","Compile Driver"],"picked":"Rip and Tear","floor":3},{"not_picked":["Barrage","Compile Driver"],"picked":"Beam Cell","floor":5},{"not_picked":["Darkness","Redo"],"picked":"Go for the Eyes","floor":7},{"not_picked":["Darkness","Compile Driver"],"picked":"Chill","floor":10},{"not_picked":["Leap","Doom and Gloom"],"picked":"FTL","floor":12},{"not_picked":["Storm","Redo"],"picked":"BootSequence","floor":14}],"player_experience":208256,"relics_obtained":[{"floor":7,"key":"Omamori"},{"floor":9,"key":"Lantern"},{"floor":11,"key":"Letter Opener"},{"floor":12,"key":"Dream Catcher"}],"event_choices":[{"event_name":"Shining Light","player_choice":"Entered Light","floor":2,"damage_taken":0},{"event_name":"World of Goop","player_choice":"Gather Gold","floor":4,"damage_taken":0}],"is_beta":false,"boss_relics":[],"items_purged_floors":[],"is_endless":false,"potions_floor_spawned":[3,10,14],"killed_by":"The Guardian","ascension_level":0}