{"gold_per_floor":[112,46,11,25,45,45,80,90,90,103,115,115,126,85,85,181,181,193,19,32,51,65,65,84,118,143,162,162,192,192,207,207,310,310,324,324,324,342,342,342,63,63,63,73,93,93,93,104,104,104],"floor_reached":51,"playtime":2644,"items_purged":[],"score":948,"play_id":"89ce8628-e51d-43b5-a892-56180c7c5dff","local_time":"20181129163713","is_ascension_mode":true,"campfire_choices":[{"data":"Neutralize","floor":6,"key":"SMITH"},{"data":"Caltrops","floor":15,"key":"SMITH"},{"data":"Footwork","floor":23,"key":"SMITH"},{"data":"Sucker Punch","floor":28,"key":"SMITH"},{"data":"Cloak And Dagger","floor":32,"key":"SMITH"},{"floor":40,"key":"REST"},{"floor":42,"key":"REST"},{"floor":46,"key":"REST"},{"floor":49,"key":"REST"}],"neow_cost":"NONE","seed_source_timestamp":7470065143887,"circlet_count":0,"master_deck":["Defend_G+1","Defend_G+1","Defend_G+1","Defend_G+1","Defend_G+1","Strike_G+1","Strike_G+1","Strike_G+1","Strike_G+1","Survivor","Neutralize+1","Dagger Throw","All Out Attack","Deadly Poison","Slice","Unload","Dodge and Roll","Flying Knee","Dodge and Roll","Sucker Punch+1","Caltrops+1","Corpse Explosion","Footwork+1","Cloak And Dagger","Bandage Up","Escape Plan","Dagger Throw+1","Backflip","Quick Slash","Caltrops"],"relics":["Ring of the Snake","NeowsBlessing","Mercury Hourglass","FossilizedHelix","Thread and Needle","Busted Crown","Anchor","Art of War","Vajra","Fusion Hammer","HandDrill","Incense Burner"],"potions_floor_usage":[7,7,22,25,50,50,50],"damage_taken":[{"damage":0,"enemies":"Jaw Worm","floor":1,"turns":1},{"damage":0,"enemies":"Cultist","floor":4,"turns":1},{"damage":0,"enemies":"2 Louse","floor":5,"turns":1},{"damage":0,"enemies":"Gremlin Nob","floor":7,"turns":3},{"damage":6,"enemies":"Lots of Slimes","floor":8,"turns":2},{"damage":0,"enemies":"3 Louse","floor":10,"turns":2},{"damage":0,"enemies":"Looter","floor":11,"turns":2},{"damage":0,"enemies":"Gremlin Gang","floor":13,"turns":1},{"damage":8,"enemies":"Hexaghost","floor":16,"turns":9},{"damage":0,"enemies":"Chosen","floor":18,"turns":5},{"damage":0,"enemies":"3 Byrds","floor":20,"turns":3},{"damage":0,"enemies":"Snake Plant","floor":21,"turns":3},{"damage":0,"enemies":"Shelled Parasite and Fungi","floor":22,"turns":5},{"damage":0,"enemies":"3 Cultists","floor":24,"turns":3},{"damage":10,"enemies":"Slavers","floor":25,"turns":3},{"damage":18,"enemies":"Sentry and Sphere","floor":27,"turns":6},{"damage":0,"enemies":"Gremlin Leader","floor":29,"turns":8},{"damage":0,"enemies":"Snecko","floor":31,"turns":3},{"damage":19,"enemies":"Automaton","floor":33,"turns":12},{"damage":0,"enemies":"3 Shapes","floor":35,"turns":3},{"damage":0,"enemies":"3 Darklings","floor":38,"turns":3},{"damage":0,"enemies":"Jaw Worm Horde","floor":44,"turns":2},{"damage":0,"enemies":"4 Shapes","floor":45,"turns":4},{"damage":22,"enemies":"Sphere and 2 Shapes","floor":48,"turns":5},{"damage":16,"enemies":"Donu and Deca","floor":50,"turns":7}],"seed_played":"8064409963706024127","potions_obtained":[{"floor":1,"key":"AttackPotion"},{"floor":5,"key":"Block Potion"},{"floor":10,"key":"PowerPotion"},{"floor":11,"key":"Swift Potion"},{"floor":20,"key":"SkillPotion"},{"floor":22,"key":"PowerPotion"},{"floor":25,"key":"Explosive Potion"},{"floor":48,"key":"Block Potion"}],"is_trial":false,"path_per_floor":["M","?","$","M","M","R","E","M","T","M","M","?","M","$","R","B",null,"M","$","M","M","M","R","M","E","T","M","R","E","?","M","R","B",null,"M","?","?","M","$","R","$","R","T","M","M","R","?","M","R","B",null],"character_chosen":"THE_SILENT","items_purchased":["All Out Attack","Caltrops","Footwork","Cloak And Dagger","Bandage Up","HandDrill","Backflip","Quick Slash"],"campfire_rested":4,"item_purchase_floors":[3,14,19,19,19,41,41,41],"current_hp_per_floor":[70,70,70,70,70,70,70,64,64,64,64,64,64,64,64,56,67,67,67,67,70,70,70,70,64,64,50,50,54,54,54,54,39,62,66,66,66,66,66,70,70,70,70,70,70,70,66,48,66,50],"gold":104,"neow_bonus":"THREE_ENEMY_KILL","is_prod":false,"is_daily":false,"chose_seed":false,"campfire_upgraded":5,"win_rate":0,"timestamp":1543505833,"path_taken":["M","?","?","?","M","R","E","M","T","M","M","?","M","$","R","BOSS","M","$","?","M","?","R","M","E","T","M","R","E","?","M","R","BOSS","M","?","?","?","?","R","$","R","T","M","M","R","?","M","R","BOSS"],"build_version":"2018-11-15","purchased_purges":0,"victory":true,"max_hp_per_floor":[70,70,70,70,70,70,70,70,70,70,70,70,70,70,70,70,70,70,70,70,70,70,70,70,70,70,70,70,70,70,70,70,70,70,70,70,70,70,70,70,70,70,70,70,70,70,66,66,66,66],"card_choices":[{"not_picked":["Expertise","Tactician"],"picked":"Dagger Throw","floor":1},{"not_picked":["Acrobatics","Blade Dance"],"picked":"Deadly Poison","floor":4},{"not_picked":["Deadly Poison","Deflect"],"picked":"Slice","floor":5},{"not_picked":["Flying Knee","PiercingWail"],"picked":"Unload","floor":7},{"not_picked":["Dagger Throw","Flechettes"],"picked":"Dodge and Roll","floor":8},{"not_picked":["Dagger Spray","Prepared"],"picked":"Flying Knee","floor":10},{"not_picked":["Dagger Spray","Flying Knee"],"picked":"Dodge and Roll","floor":11},{"not_picked":["Crippling Poison","Underhanded Strike"],"picked":"Sucker Punch","floor":13},{"not_picked":["Unload","Tools of the Trade"],"picked":"Corpse Explosion","floor":16},{"not_picked":["Deadly Poison"],"picked":"SKIP","floor":18},{"not_picked":["Dodge and Roll"],"picked":"SKIP","floor":20},{"not_picked":["Accuracy"],"picked":"SKIP","floor":21},{"not_picked":["Bouncing Flask"],"picked":"SKIP","floor":22},{"not_picked":["Prepared"],"picked":"SKIP","floor":24},{"not_picked":[],"picked":"Escape Plan","floor":25},{"not_picked":[],"picked":"Cloak And Dagger","floor":27},{"not_picked":["Choke"],"picked":"SKIP","floor":29},{"not_picked":["Eviscerate"],"picked":"SKIP","floor":31},{"not_picked":["Outmaneuver"],"picked":"SKIP","floor":35},{"not_picked":[],"picked":"Dagger Throw+1","floor":38},{"not_picked":["Sucker Punch"],"picked":"SKIP","floor":44},{"not_picked":[],"picked":"Caltrops","floor":45},{"not_picked":["Reflex"],"picked":"SKIP","floor":48}],"player_experience":274142,"relics_obtained":[{"floor":7,"key":"FossilizedHelix"},{"floor":9,"key":"Thread and Needle"},{"floor":25,"key":"Anchor"},{"floor":26,"key":"Art of War"},{"floor":29,"key":"Vajra"},{"floor":43,"key":"Incense Burner"}],"event_choices":[{"damage_healed":0,"gold_gain":0,"player_choice":"Paid Gold","damage_taken":0,"relics_obtained":["Mercury Hourglass"],"max_hp_gain":0,"max_hp_loss":0,"event_name":"WeMeetAgain","floor":2,"gold_loss":66},{"cards_removed":["Strike_G"],"damage_healed":0,"gold_gain":0,"player_choice":"Purged","damage_taken":0,"max_hp_gain":0,"max_hp_loss":0,"event_name":"Purifier","floor":12,"gold_loss":0},{"damage_healed":0,"gold_gain":0,"player_choice":"Simplicity","damage_taken":0,"max_hp_gain":0,"max_hp_loss":0,"event_name":"Back to Basics","floor":30,"gold_loss":0,"cards_upgraded":["Defend_G","Defend_G","Defend_G","Defend_G","Defend_G","Strike_G","Strike_G","Strike_G","Strike_G"]},{"cards_removed":["Cloak And Dagger"],"damage_healed":0,"gold_gain":0,"player_choice":"Removed Skill","damage_taken":0,"max_hp_gain":0,"max_hp_loss":0,"event_name":"Falling","floor":36,"gold_loss":0},{"damage_healed":0,"gold_gain":0,"player_choice":"Leave","damage_taken":0,"max_hp_gain":0,"max_hp_loss":0,"event_name":"FaceTrader","floor":37,"gold_loss":0},{"damage_healed":0,"gold_gain":0,"player_choice":"Max HP","damage_taken":0,"max_hp_gain":0,"max_hp_loss":4,"event_name":"Winding Halls","floor":47,"gold_loss":0}],"is_beta":false,"boss_relics":[{"not_picked":["Cursed Key","White Beast Statue"],"picked":"Busted Crown"},{"not_picked":["Black Star","Orrery"],"picked":"Fusion Hammer"}],"items_purged_floors":[],"is_endless":false,"potions_floor_spawned":[1,5,10,11,20,22,25,29,38,48],"ascension_level":5}