{"gold_per_floor":[116,132,152,4,24,24,35,35,61,61,86,102,2,19,19,92,92,105,121,121,121],"floor_reached":21,"playtime":1248,"items_purged":["Strike_R","Strike_R"],"score":311,"play_id":"54ea087a-ebbb-4354-801b-4ded169801cc","local_time":"20190303144124","is_ascension_mode":true,"campfire_choices":[{"data":"Spot Weakness","floor":6,"key":"SMITH"},{"data":"Disarm","floor":8,"key":"SMITH"},{"floor":10,"key":"REST"},{"floor":15,"key":"REST"}],"neow_cost":"NONE","seed_source_timestamp":130625788149330,"circlet_count":0,"master_deck":["AscendersBane","Strike_R","Strike_R","Strike_R","Defend_R","Defend_R","Defend_R","Defend_R","Bash+1","Warcry","Ghostly Armor","Spot Weakness+1","Disarm+1","Battle Trance","Twin Strike","Limit Break","Limit Break","Shrug It Off"],"relics":["Burning Blood","Anchor","Regal Pillow","Eternal Feather"],"potions_floor_usage":[11,11,16,16,19,19],"damage_taken":[{"damage":9,"enemies":"Jaw Worm","floor":1,"turns":6},{"damage":1,"enemies":"Cultist","floor":2,"turns":4},{"damage":13,"enemies":"Small Slimes","floor":3,"turns":5},{"damage":42,"enemies":"Exordium Thugs","floor":5,"turns":8},{"damage":10,"enemies":"Blue Slaver","floor":7,"turns":4},{"damage":22,"enemies":"3 Sentries","floor":11,"turns":12},{"damage":21,"enemies":"Large Slime","floor":12,"turns":9},{"damage":1,"enemies":"Looter","floor":14,"turns":4},{"damage":28,"enemies":"The Guardian","floor":16,"turns":9},{"damage":36,"enemies":"Spheric Guardian","floor":18,"turns":6},{"damage":30,"enemies":"3 Byrds","floor":19,"turns":7},{"damage":16,"enemies":"Sentry and Sphere","floor":21,"turns":3}],"seed_played":"-8355762564817811825","potions_obtained":[{"floor":5,"key":"GamblersBrew"},{"floor":7,"key":"EssenceOfSteel"},{"floor":11,"key":"LiquidBronze"},{"floor":12,"key":"BloodPotion"},{"floor":18,"key":"EssenceOfSteel"},{"floor":19,"key":"Fruit Juice"}],"is_trial":false,"path_per_floor":["M","M","M","$","M","R","M","R","T","R","E","M","$","M","R","B",null,"M","M","?","M"],"character_chosen":"IRONCLAD","items_purchased":["Spot Weakness"],"campfire_rested":2,"item_purchase_floors":[4],"current_hp_per_floor":[65,70,63,63,27,27,23,23,23,45,29,14,14,19,56,41,67,37,18,10,0],"gold":121,"neow_bonus":"UPGRADE_CARD","is_prod":false,"is_daily":false,"chose_seed":false,"campfire_upgraded":2,"win_rate":0,"timestamp":1551620484,"path_taken":["M","M","M","$","M","R","M","R","T","R","E","M","$","M","R","BOSS","M","M","?","?"],"build_version":"2019-01-23","purchased_purges":2,"victory":false,"max_hp_per_floor":[75,75,75,75,75,75,75,75,75,75,75,75,75,75,75,75,75,75,80,80,80],"card_choices":[{"not_picked":["Heavy Blade","Intimidate"],"picked":"Warcry","floor":1},{"not_picked":["Dropkick","Infernal Blade","Warcry"],"picked":"SKIP","floor":2},{"not_picked":["Combust","Flex"],"picked":"Ghostly Armor","floor":3},{"not_picked":["Warcry","Anger"],"picked":"Disarm","floor":5},{"not_picked":["Thunderclap","Searing Blow","Warcry"],"picked":"SKIP","floor":7},{"not_picked":["Iron Wave","Pummel"],"picked":"Battle Trance","floor":11},{"not_picked":["Headbutt","Sentinel"],"picked":"Twin Strike","floor":12},{"not_picked":["Intimidate","Twin Strike"],"picked":"Limit Break","floor":14},{"not_picked":["Impervious","Bludgeon"],"picked":"Limit Break","floor":16},{"not_picked":["Blood for Blood","Rage","Cleave"],"picked":"SKIP","floor":18},{"not_picked":["Sword Boomerang","Entrench"],"picked":"Shrug It Off","floor":19}],"player_experience":785339,"relics_obtained":[{"floor":9,"key":"Anchor"},{"floor":11,"key":"Regal Pillow"}],"event_choices":[{"damage_healed":0,"gold_gain":0,"player_choice":"Damaged","damage_taken":8,"max_hp_gain":0,"max_hp_loss":0,"event_name":"Wheel of Change","floor":20,"gold_loss":0}],"is_beta":false,"boss_relics":[{"not_picked":["Cursed Key","Fusion Hammer"],"picked":"Eternal Feather"}],"items_purged_floors":[4,13],"is_endless":false,"potions_floor_spawned":[5,7,11,12,18,19],"killed_by":"Sentry and Sphere","ascension_level":14}