{"gold_per_floor":[111,111,125,141,64,64,95,95,122,122,6,6,25,39,39,139,139,156,170,183,98,98],"floor_reached":22,"playtime":872,"items_purged":["Strike_G"],"score":233,"play_id":"3d344180-309b-40ca-9de4-a18920afe7ec","local_time":"20181222103338","is_ascension_mode":true,"campfire_choices":[{"data":"Adrenaline","floor":6,"key":"SMITH"},{"data":"Envenom","floor":8,"key":"SMITH"},{"data":"Noxious Fumes","floor":12,"key":"SMITH"},{"data":"Noxious Fumes","floor":15,"key":"SMITH"}],"neow_cost":"NONE","seed_source_timestamp":56410877679251,"circlet_count":0,"master_deck":["Defend_G","Defend_G","Defend_G","Defend_G","Defend_G","Strike_G","Strike_G","Strike_G","Survivor","Neutralize","Deadly Poison","Envenom+1","Flying Knee","Footwork","Adrenaline+1","Flying Knee","Noxious Fumes+1","Escape Plan","Noxious Fumes+1","A Thousand Cuts","Backstab"],"relics":["Ring of the Snake","Bronze Scales","Regal Pillow","Mercury Hourglass","White Beast Statue","Ornamental Fan"],"potions_floor_usage":[7,18,18,20],"damage_taken":[{"damage":4,"enemies":"Jaw Worm","floor":1,"turns":6},{"damage":0,"enemies":"Cultist","floor":3,"turns":4},{"damage":3,"enemies":"2 Louse","floor":4,"turns":4},{"damage":14,"enemies":"3 Sentries","floor":7,"turns":11},{"damage":0,"enemies":"Looter","floor":13,"turns":3},{"damage":0,"enemies":"3 Louse","floor":14,"turns":2},{"damage":31,"enemies":"The Guardian","floor":16,"turns":9},{"damage":21,"enemies":"Spheric Guardian","floor":18,"turns":5},{"damage":21,"enemies":"Shell Parasite","floor":19,"turns":6},{"damage":12,"enemies":"Shelled Parasite and Fungi","floor":20,"turns":5},{"damage":17,"enemies":"Snecko","floor":22,"turns":3}],"seed_played":"1912394835160482071","potions_obtained":[{"floor":1,"key":"Strength Potion"},{"floor":3,"key":"Fire Potion"},{"floor":7,"key":"EssenceOfSteel"},{"floor":16,"key":"LiquidBronze"},{"floor":18,"key":"Dexterity Potion"},{"floor":19,"key":"Block Potion"},{"floor":20,"key":"GamblersBrew"}],"is_trial":false,"path_per_floor":["M","?","M","M","$","R","E","R","T","T","$","R","M","M","R","B",null,"M","M","M","?","M"],"character_chosen":"THE_SILENT","items_purchased":["Adrenaline","Noxious Fumes"],"campfire_rested":0,"item_purchase_floors":[5,11],"current_hp_per_floor":[66,66,66,63,63,63,49,49,49,49,49,49,49,49,49,18,57,36,15,3,3,0],"gold":98,"neow_bonus":"THREE_CARDS","is_prod":false,"is_daily":false,"chose_seed":false,"campfire_upgraded":4,"win_rate":0,"timestamp":1545471218,"path_taken":["M","?","M","?","$","R","E","R","T","?","$","R","M","M","R","BOSS","M","M","M","?","M"],"build_version":"2018-12-20","purchased_purges":1,"victory":false,"max_hp_per_floor":[70,70,70,70,70,70,70,70,70,70,70,70,70,70,70,70,70,70,70,70,70,70],"card_choices":[{"not_picked":["Well Laid Plans","Deflect"],"picked":"Deadly Poison","floor":1},{"not_picked":["Quick Slash","Terror"],"picked":"Flying Knee","floor":3},{"not_picked":["Eviscerate","Infinite Blades"],"picked":"Footwork","floor":4},{"not_picked":["Sucker Punch","Slice"],"picked":"Flying Knee","floor":7},{"not_picked":["Underhanded Strike","Cloak And Dagger"],"picked":"Escape Plan","floor":13},{"not_picked":["Choke","Deadly Poison"],"picked":"Noxious Fumes","floor":14},{"not_picked":["Storm of Steel","Envenom"],"picked":"A Thousand Cuts","floor":16},{"not_picked":["Sucker Punch","Acrobatics"],"picked":"Backstab","floor":18},{"not_picked":["Distraction","Outmaneuver","Endless Agony"],"picked":"SKIP","floor":19},{"not_picked":["Accuracy+1","Outmaneuver","Acrobatics"],"picked":"SKIP","floor":20}],"player_experience":432394,"relics_obtained":[{"floor":7,"key":"Bronze Scales"},{"floor":9,"key":"Regal Pillow"},{"floor":10,"key":"Mercury Hourglass"}],"event_choices":[{"damage_healed":0,"gold_gain":0,"cards_transformed":["Strike_G"],"player_choice":"Transformed","damage_taken":0,"max_hp_gain":0,"max_hp_loss":0,"event_name":"Transmorgrifier","floor":2,"gold_loss":0,"cards_obtained":["Envenom"]},{"damage_healed":0,"gold_gain":0,"player_choice":"Obtained Relic","damage_taken":0,"relics_obtained":["Ornamental Fan"],"max_hp_gain":0,"max_hp_loss":0,"event_name":"Addict","floor":21,"gold_loss":85}],"is_beta":false,"boss_relics":[{"not_picked":["Black Star","Astrolabe"],"picked":"White Beast Statue"}],"items_purged_floors":[11],"is_endless":false,"potions_floor_spawned":[1,3,7,16,18,19,20],"killed_by":"Snecko","ascension_level":5}