{"gold_per_floor":[112,128,145,97,97,97,12,12,35,35,100,100,119,138,138,241,241,255,272,298,298,314,314,330,330],"floor_reached":25,"playtime":1315,"items_purged":[],"score":342,"play_id":"0f7fe774-3c8b-4142-9d5d-dbaaa4fbec13","local_time":"20190217145104","is_ascension_mode":true,"campfire_choices":[{"data":"Zap","floor":6,"key":"SMITH"},{"data":"Dualcast","floor":10,"key":"SMITH"},{"floor":15,"key":"REST"},{"data":"Turbo","floor":23,"key":"SMITH"}],"neow_cost":"NONE","seed_source_timestamp":226903035924272,"circlet_count":0,"master_deck":["Defend_B","Defend_B","Defend_B","Defend_B","Zap+1","Dualcast+1","Conserve Battery","Cold Snap","Gash","Sweeping Beam","Go for the Eyes","Self Repair","Double Energy","Electrodynamics","Chill","Buffer","Defragment","Creative AI","Turbo+1","Sweeping Beam+1","Steam Power","Capacitor"],"relics":["Cracked Core","Blue Candle","Dream Catcher","Tiny Chest","Snecko Eye","Oddly Smooth Stone"],"potions_floor_usage":[11,16,16,16,24,24],"damage_taken":[{"damage":13,"enemies":"Jaw Worm","floor":1,"turns":4},{"damage":6,"enemies":"Small Slimes","floor":2,"turns":4},{"damage":0,"enemies":"Cultist","floor":3,"turns":4},{"damage":23,"enemies":"3 Sentries","floor":11,"turns":9},{"damage":0,"enemies":"Gremlin Gang","floor":13,"turns":3},{"damage":8,"enemies":"Exordium Thugs","floor":14,"turns":4},{"damage":0,"enemies":"Slime Boss","floor":16,"turns":6},{"damage":28,"enemies":"Chosen","floor":18,"turns":7},{"damage":14,"enemies":"3 Byrds","floor":19,"turns":5},{"damage":0,"enemies":"Centurion and Healer","floor":22,"turns":11},{"damage":33,"enemies":"Shelled Parasite and Fungi","floor":24,"turns":7},{"damage":35,"enemies":"Snake Plant","floor":25,"turns":5}],"seed_played":"-4573112803738341149","potions_obtained":[{"floor":1,"key":"FearPotion"},{"floor":11,"key":"AttackPotion"},{"floor":13,"key":"FocusPotion"},{"floor":14,"key":"SkillPotion"},{"floor":22,"key":"Fire Potion"},{"floor":24,"key":"Fruit Juice"}],"is_trial":false,"path_per_floor":["M","M","M","$","?","R","$","?","T","R","E","?","M","M","R","B",null,"M","M","T","?","M","R","M","M"],"character_chosen":"DEFECT","items_purchased":["Sweeping Beam","Go for the Eyes","Self Repair"],"campfire_rested":1,"item_purchase_floors":[4,7,7],"current_hp_per_floor":[55,49,49,49,42,42,42,42,42,42,26,26,33,32,54,61,72,51,44,44,44,51,51,30,0],"gold":330,"neow_bonus":"REMOVE_CARD","is_prod":false,"is_daily":false,"chose_seed":false,"campfire_upgraded":3,"win_rate":0,"timestamp":1550411464,"path_taken":["M","M","M","$","?","R","$","?","T","R","E","?","M","?","R","BOSS","M","?","?","?","M","R","M","M"],"build_version":"2019-01-23","purchased_purges":0,"victory":false,"max_hp_per_floor":[75,75,75,75,75,75,75,75,75,75,75,75,75,75,75,75,75,75,75,75,75,75,75,80,80],"card_choices":[{"not_picked":["Reinforced Body","Leap"],"picked":"Conserve Battery","floor":1},{"not_picked":["Leap","Rip and Tear"],"picked":"Cold Snap","floor":2},{"not_picked":["Cold Snap","Streamline"],"picked":"Gash","floor":3},{"not_picked":["Compile Driver","Genetic Algorithm"],"picked":"Double Energy","floor":11},{"not_picked":["Barrage","Capacitor"],"picked":"Chill","floor":13},{"not_picked":["Sunder","Conserve Battery"],"picked":"Buffer","floor":14},{"not_picked":["Undo","Turbo"],"picked":"Defragment","floor":15},{"not_picked":["Core Surge","Buffer"],"picked":"Creative AI","floor":16},{"not_picked":["Barrage","Chaos"],"picked":"Turbo","floor":18},{"not_picked":["Cold Snap+1","Tempest+1"],"picked":"Sweeping Beam+1","floor":19},{"not_picked":["Streamline","Cold Snap"],"picked":"Steam Power","floor":22},{"not_picked":["Tempest","Reprogram"],"picked":"Capacitor","floor":24}],"player_experience":672745,"relics_obtained":[{"floor":9,"key":"Dream Catcher"},{"floor":11,"key":"Tiny Chest"},{"floor":20,"key":"Oddly Smooth Stone"}],"event_choices":[{"cards_removed":["Strike_B"],"damage_healed":0,"gold_gain":0,"player_choice":"Card Removal","damage_taken":7,"max_hp_gain":0,"max_hp_loss":0,"event_name":"Golden Wing","floor":5,"gold_loss":0},{"damage_healed":0,"gold_gain":0,"player_choice":"Searched \u00271\u0027 times","damage_taken":0,"relics_obtained":["Blue Candle"],"max_hp_gain":0,"max_hp_loss":0,"event_name":"Dead Adventurer","floor":8,"gold_loss":0},{"damage_healed":0,"gold_gain":0,"cards_transformed":["Strike_B"],"player_choice":"Transformed","damage_taken":0,"max_hp_gain":0,"max_hp_loss":0,"event_name":"Transmorgrifier","floor":12,"gold_loss":0,"cards_obtained":["Electrodynamics"]},{"cards_removed":["Strike_B"],"damage_healed":0,"gold_gain":0,"player_choice":"Elegance","damage_taken":0,"max_hp_gain":0,"max_hp_loss":0,"event_name":"Back to Basics","floor":21,"gold_loss":0}],"is_beta":false,"boss_relics":[{"not_picked":["Runic Pyramid","Coffee Dripper"],"picked":"Snecko Eye"}],"items_purged_floors":[],"is_endless":false,"potions_floor_spawned":[1,11,13,14,22,24],"killed_by":"Snake Plant","ascension_level":7}