{"gold_per_floor":[217,217,235,235,248,248,58,85,109,35,49,49,79,44,44,148,148,167,82,82,11,11,43,43,74,98,128,128,160,160,171,171,273,273,285,299,1298,638,650,650,723,723,723,399,427,427,438,438,438,438],"floor_reached":51,"playtime":2789,"items_purged":["Normality","Normality"],"score":1277,"play_id":"462b9060-b704-4f4e-bd4e-8b0139528c42","local_time":"20181201165933","is_ascension_mode":true,"campfire_choices":[{"data":"Consume","floor":6,"key":"SMITH"},{"floor":12,"key":"REST"},{"data":"Defragment","floor":15,"key":"SMITH"},{"data":"Go for the Eyes","floor":32,"key":"SMITH"},{"data":"Biased Cognition","floor":40,"key":"SMITH"},{"data":"Seek","floor":46,"key":"SMITH"},{"data":"Ghostly","floor":49,"key":"SMITH"}],"neow_cost":"NONE","seed_source_timestamp":10777902012774,"circlet_count":0,"master_deck":["Strike_B+1","Strike_B","Strike_B","Defend_B","Defend_B+1","Defend_B","Zap+1","Dualcast","Cold Snap","Consume+1","Ball Lightning","Biased Cognition+1","Defragment+1","Ball Lightning","Go for the Eyes+1","Core Surge","Chill","Ghostly+1","Ghostly","Ghostly","Ghostly","Ghostly","Seek+1","Loop+1","Glacier","BootSequence","Seek+1","Self Repair","Writhe"],"relics":["Cracked Core","Ancient Tea Set","Vajra","Potion Belt","Juzu Bracelet","Inserter","Gambling Chip","Happy Flower","Blood Vial","Bag of Preparation","Ice Cream","Ornamental Fan","Cursed Key","Runic Capacitor","Unceasing Top","Shuriken","Strawberry","Bronze Scales"],"potions_floor_usage":[8,13,16,36,50,50],"damage_taken":[{"damage":1,"enemies":"Cultist","floor":1,"turns":4},{"damage":2,"enemies":"2 Louse","floor":3,"turns":3},{"damage":5,"enemies":"Jaw Worm","floor":5,"turns":3},{"damage":12,"enemies":"Lagavulin","floor":8,"turns":4},{"damage":10,"enemies":"Blue Slaver","floor":11,"turns":2},{"damage":20,"enemies":"3 Sentries","floor":13,"turns":4},{"damage":10,"enemies":"Slime Boss","floor":16,"turns":7},{"damage":29,"enemies":"2 Thieves","floor":18,"turns":4},{"damage":0,"enemies":"Book of Stabbing","floor":23,"turns":6},{"damage":3,"enemies":"Slavers","floor":25,"turns":6},{"damage":0,"enemies":"Book of Stabbing","floor":27,"turns":4},{"damage":0,"enemies":"Slavers","floor":29,"turns":6},{"damage":0,"enemies":"Shell Parasite","floor":31,"turns":5},{"damage":0,"enemies":"Champ","floor":33,"turns":9},{"damage":1,"enemies":"Orb Walker","floor":35,"turns":3},{"damage":2,"enemies":"3 Darklings","floor":36,"turns":6},{"damage":0,"enemies":"4 Shapes","floor":39,"turns":5},{"damage":0,"enemies":"Reptomancer","floor":45,"turns":6},{"damage":0,"enemies":"Spire Growth","floor":47,"turns":4},{"damage":0,"enemies":"Time Eater","floor":50,"turns":9}],"seed_played":"-4413959112100336161","potions_obtained":[{"floor":3,"key":"Poison Potion"},{"floor":5,"key":"PowerPotion"},{"floor":11,"key":"GamblersBrew"},{"floor":13,"key":"Weak Potion"},{"floor":18,"key":"SpeedPotion"},{"floor":23,"key":"Block Potion"},{"floor":29,"key":"Energy Potion"},{"floor":31,"key":"PowerPotion"},{"floor":45,"key":"AttackPotion"}],"is_trial":false,"path_per_floor":["M","?","M","?","M","R","$","E","T","$","M","R","E","?","R","B",null,"M","?","?","$","?","E","?","E","T","E","$","E","?","M","R","B",null,"M","M","?","$","M","R","T","?","T","$","E","R","M","?","R","B",null],"character_chosen":"DEFECT","items_purchased":["Ball Lightning","Ancient Tea Set","Defragment","Seek","Runic Capacitor","Unceasing Top","Self Repair","Strawberry","FocusPotion"],"campfire_rested":1,"item_purchase_floors":[7,7,10,21,38,38,38,44,44],"current_hp_per_floor":[67,52,50,50,45,45,45,33,33,33,23,45,25,43,43,33,65,36,36,36,36,36,36,36,33,33,35,35,37,37,37,37,37,37,36,35,35,35,37,37,37,37,37,44,44,44,44,44,44,44],"gold":438,"neow_bonus":"HUNDRED_GOLD","is_prod":false,"is_daily":false,"chose_seed":false,"campfire_upgraded":6,"win_rate":0,"timestamp":1543679973,"path_taken":["M","?","M","?","M","R","$","E","T","?","?","R","E","?","R","BOSS","M","?","?","$","?","E","?","E","T","E","?","E","?","M","R","BOSS","M","M","?","$","M","R","?","?","T","$","E","R","M","?","R","BOSS"],"build_version":"2018-11-15","purchased_purges":2,"victory":true,"max_hp_per_floor":[75,75,75,75,75,75,75,75,75,75,75,75,75,75,75,75,75,75,75,37,37,37,37,37,37,37,37,37,37,37,37,37,37,37,37,37,37,37,37,37,37,37,37,44,44,44,44,44,44,44],"card_choices":[{"not_picked":["Stack","Tempest","Lockon"],"picked":"SKIP","floor":1},{"not_picked":["Steam Power","Beam Cell"],"picked":"Cold Snap","floor":3},{"not_picked":["Beam Cell","Auto Shields"],"picked":"Consume","floor":5},{"not_picked":["Stack","Chaos"],"picked":"Biased Cognition","floor":8},{"not_picked":["Rebound","Scrape"],"picked":"Ball Lightning","floor":11},{"not_picked":["Fusion","Beam Cell"],"picked":"Go for the Eyes","floor":13},{"not_picked":["Multi-Cast","Rainbow"],"picked":"Core Surge","floor":16},{"not_picked":["Coolheaded","Sweeping Beam"],"picked":"Chill","floor":18},{"not_picked":["Gash","Streamline"],"picked":"Loop+1","floor":23},{"not_picked":["Compile Driver","Redo","Capacitor"],"picked":"SKIP","floor":25},{"not_picked":["Loop","Doom and Gloom+1"],"picked":"Glacier","floor":27},{"not_picked":["Redo","Aggregate","Gash+1"],"picked":"SKIP","floor":29},{"not_picked":["Beam Cell","Reinforced Body","Melter+1"],"picked":"SKIP","floor":31},{"not_picked":["Hyperbeam","Core Surge"],"picked":"Seek","floor":33},{"not_picked":["Sweeping Beam+1","Beam Cell","Aggregate"],"picked":"SKIP","floor":35},{"not_picked":["Stack+1","Ball Lightning","Consume"],"picked":"SKIP","floor":36},{"not_picked":["Leap","Reprogram+1","Glacier+1"],"picked":"SKIP","floor":39},{"not_picked":["Turbo","Compile Driver+1","Gash+1"],"picked":"SKIP","floor":45},{"not_picked":["Melter+1","Sweeping Beam","Barrage"],"picked":"SKIP","floor":47}],"player_experience":293681,"relics_obtained":[{"floor":8,"key":"Vajra"},{"floor":9,"key":"Potion Belt"},{"floor":13,"key":"Juzu Bracelet"},{"floor":23,"key":"Happy Flower"},{"floor":25,"key":"Blood Vial"},{"floor":26,"key":"Bag of Preparation"},{"floor":27,"key":"Ice Cream"},{"floor":29,"key":"Ornamental Fan"},{"floor":41,"key":"Shuriken"},{"floor":45,"key":"Bronze Scales"}],"event_choices":[{"damage_healed":0,"gold_gain":0,"player_choice":"Entered Light","damage_taken":15,"max_hp_gain":0,"max_hp_loss":0,"event_name":"Shining Light","floor":2,"gold_loss":0,"cards_upgraded":["Strike_B","Defend_B"]},{"damage_healed":0,"gold_gain":0,"player_choice":"Grow","damage_taken":0,"max_hp_gain":0,"max_hp_loss":0,"event_name":"Living Wall","floor":4,"gold_loss":0,"cards_upgraded":["Zap"]},{"damage_healed":18,"gold_gain":0,"player_choice":"Healed","damage_taken":0,"max_hp_gain":0,"max_hp_loss":0,"event_name":"The Cleric","floor":14,"gold_loss":35},{"damage_healed":0,"gold_gain":0,"player_choice":"Obtained Relic","damage_taken":0,"relics_obtained":["Gambling Chip"],"max_hp_gain":0,"max_hp_loss":0,"event_name":"Addict","floor":19,"gold_loss":85},{"damage_healed":0,"gold_gain":0,"player_choice":"Became a Ghost","damage_taken":0,"max_hp_gain":0,"max_hp_loss":38,"event_name":"Ghosts","floor":20,"gold_loss":0,"cards_obtained":["Ghostly","Ghostly","Ghostly","Ghostly","Ghostly"]},{"damage_healed":0,"gold_gain":0,"player_choice":"Forge","damage_taken":0,"max_hp_gain":0,"max_hp_loss":0,"event_name":"Accursed Blacksmith","floor":22,"gold_loss":0,"cards_upgraded":["Seek"]},{"cards_removed":["Strike_B"],"damage_healed":0,"gold_gain":0,"player_choice":"Card Removal","damage_taken":0,"max_hp_gain":0,"max_hp_loss":0,"event_name":"Wheel of Change","floor":24,"gold_loss":0},{"damage_healed":0,"gold_gain":0,"player_choice":"Read","damage_taken":0,"max_hp_gain":0,"max_hp_loss":0,"event_name":"The Library","floor":30,"gold_loss":0,"cards_obtained":["BootSequence"]},{"damage_healed":0,"gold_gain":999,"player_choice":"Gold","damage_taken":0,"max_hp_gain":0,"max_hp_loss":0,"event_name":"MindBloom","floor":37,"gold_loss":0,"cards_obtained":["Normality","Normality"]},{"damage_healed":0,"gold_gain":0,"player_choice":"Ignored","damage_taken":0,"max_hp_gain":0,"max_hp_loss":0,"event_name":"Tomb of Lord Red Mask","floor":42,"gold_loss":0},{"cards_removed":["Defend_B"],"damage_healed":0,"gold_gain":0,"player_choice":"Removed Skill","damage_taken":0,"max_hp_gain":0,"max_hp_loss":0,"event_name":"Falling","floor":48,"gold_loss":0}],"is_beta":false,"boss_relics":[{"not_picked":["Calling Bell","Empty Cage"],"picked":"Inserter"},{"not_picked":["FrozenCore","Tiny House"],"picked":"Cursed Key"}],"items_purged_floors":[38,44],"is_endless":false,"potions_floor_spawned":[3,5,11,13,18,23,29,31,45,47],"ascension_level":6}