{"gold_per_floor":[209,222,233,308,24,24,49,62,116,135,135,151,166,177,177,280,280,299,311,326,341,616,616,632,632,713,723,723,738,39,59,59,158,158,170,182,182,199,199,199,199,199,199,199,214,214,230,230,230,230],"floor_reached":51,"playtime":4671,"items_purged":["Strike_B","Regret"],"score":903,"play_id":"dd97e0e8-5200-41a0-9b85-f427cac782dc","local_time":"20190217004402","is_ascension_mode":true,"campfire_choices":[{"data":"Cold Snap","floor":6,"key":"SMITH"},{"floor":15,"key":"REST"},{"floor":23,"key":"REST"},{"floor":25,"key":"REST"},{"data":"Rainbow","floor":28,"key":"SMITH"},{"floor":32,"key":"REST"},{"data":"Go for the Eyes","floor":40,"key":"SMITH"},{"data":"Biased Cognition","floor":42,"key":"SMITH"},{"data":"Master of Strategy","floor":44,"key":"SMITH"},{"floor":49,"key":"REST"}],"neow_cost":"NONE","seed_source_timestamp":330713160524040,"circlet_count":0,"master_deck":["Defend_B","Defend_B","Defend_B","Zap","Dualcast","Leap","Cold Snap+1","Sweeping Beam","Go for the Eyes+1","Steam","Doom and Gloom","Genetic Algorithm","Rainbow+1","Barrage+1","Redo+1","Cold Snap","Compile Driver+1","Hologram+1","Biased Cognition+1","Stack","Core Surge+1","Cold Snap+1","Seek+1","Rip and Tear+1","Beam Cell+1","Coolheaded+1","Hologram+1","Coolheaded+1","Cold Snap+1"],"relics":["Cracked Core","Sling","Darkstone Periapt","Lantern","Sozu","Shuriken","Molten Egg 2","Astrolabe","Question Card"],"potions_floor_usage":[14,16,20],"damage_taken":[{"damage":12,"enemies":"2 Louse","floor":1,"turns":3},{"damage":0,"enemies":"Cultist","floor":2,"turns":3},{"damage":0,"enemies":"Small Slimes","floor":3,"turns":3},{"damage":19,"enemies":"3 Sentries","floor":7,"turns":9},{"damage":16,"enemies":"Gremlin Gang","floor":8,"turns":8},{"damage":2,"enemies":"Blue Slaver","floor":10,"turns":4},{"damage":0,"enemies":"3 Louse","floor":12,"turns":3},{"damage":0,"enemies":"Looter","floor":13,"turns":2},{"damage":0,"enemies":"Large Slime","floor":14,"turns":4},{"damage":11,"enemies":"The Guardian","floor":16,"turns":13},{"damage":8,"enemies":"3 Byrds","floor":18,"turns":4},{"damage":2,"enemies":"Shell Parasite","floor":19,"turns":4},{"damage":1,"enemies":"Cultist and Chosen","floor":20,"turns":5},{"damage":25,"enemies":"Sentry and Sphere","floor":21,"turns":6},{"damage":11,"enemies":"Centurion and Healer","floor":24,"turns":8},{"damage":17,"enemies":"Cultist and Chosen","floor":27,"turns":5},{"damage":17,"enemies":"Sentry and Sphere","floor":29,"turns":5},{"damage":0,"enemies":"Chosen and Byrds","floor":31,"turns":4},{"damage":50,"enemies":"Automaton","floor":33,"turns":10},{"damage":0,"enemies":"3 Shapes","floor":35,"turns":5},{"damage":2,"enemies":"Orb Walker","floor":36,"turns":4},{"damage":0,"enemies":"Writhing Mass","floor":38,"turns":5},{"damage":0,"enemies":"Sphere and 2 Shapes","floor":45,"turns":4},{"damage":15,"enemies":"3 Darklings","floor":47,"turns":7},{"damage":53,"enemies":"Awakened One","floor":50,"turns":18}],"seed_played":"-7266499989241085876","potions_obtained":[{"floor":1,"key":"FocusPotion"},{"floor":2,"key":"Weak Potion"},{"floor":10,"key":"SteroidPotion"}],"is_trial":false,"path_per_floor":["M","M","M","?","$","R","E","M","T","M","?","M","M","M","R","B",null,"M","M","M","M","?","R","M","R","T","M","R","M","$","M","R","B",null,"M","M","?","M","?","R","?","R","T","R","M","?","M","?","R","B",null],"character_chosen":"DEFECT","items_purchased":["Sling","Molten Egg 2","Biased Cognition","Master of Strategy"],"campfire_rested":5,"item_purchase_floors":[5,30,30,30],"current_hp_per_floor":[56,56,56,49,49,49,30,14,14,12,12,12,12,12,34,23,62,54,52,51,26,32,56,45,69,69,52,52,35,35,35,59,9,63,63,61,61,61,61,61,61,61,61,61,61,61,46,46,69,16],"gold":230,"neow_bonus":"HUNDRED_GOLD","is_prod":false,"is_daily":false,"chose_seed":false,"campfire_upgraded":5,"win_rate":0,"timestamp":1550382242,"path_taken":["M","M","M","?","$","R","E","?","T","M","?","M","M","M","R","BOSS","M","?","M","M","?","R","M","R","T","M","R","?","$","M","R","BOSS","M","M","?","M","?","R","?","R","T","R","M","?","?","?","R","BOSS"],"build_version":"2019-01-23","purchased_purges":2,"victory":true,"max_hp_per_floor":[75,75,75,75,75,75,75,75,75,75,75,75,75,75,75,75,75,75,75,75,75,81,81,81,81,81,81,81,81,81,81,81,81,81,81,81,77,77,77,77,77,77,77,77,77,77,77,77,77,77],"card_choices":[{"not_picked":["Double Energy","Barrage","Hologram"],"picked":"SKIP","floor":1},{"not_picked":["Chill","Hello World"],"picked":"Leap","floor":2},{"not_picked":["Scrape","Rebound"],"picked":"Cold Snap","floor":3},{"not_picked":["Rip and Tear","Leap"],"picked":"Sweeping Beam","floor":7},{"not_picked":["Coolheaded","Barrage"],"picked":"Go for the Eyes","floor":8},{"not_picked":["Rebound","Barrage"],"picked":"Steam","floor":10},{"not_picked":["Beam Cell","Leap","Reprogram"],"picked":"SKIP","floor":12},{"not_picked":["Glacier","Beam Cell"],"picked":"Doom and Gloom","floor":13},{"not_picked":["Fission","Sweeping Beam"],"picked":"Genetic Algorithm","floor":14},{"not_picked":["Creative AI","Fission"],"picked":"Rainbow","floor":16},{"not_picked":["Leap","Rebound"],"picked":"Barrage+1","floor":18},{"not_picked":["Coolheaded","Double Energy","Leap"],"picked":"SKIP","floor":19},{"not_picked":["Sweeping Beam","Melter+1"],"picked":"Redo+1","floor":20},{"not_picked":["Conserve Battery+1","Rebound"],"picked":"Cold Snap","floor":21},{"not_picked":["Chill","Amplify"],"picked":"Compile Driver+1","floor":24},{"not_picked":["Cold Snap+1","Barrage+1","Redo+1"],"picked":"SKIP","floor":27},{"not_picked":["Go for the Eyes","Rebound+1"],"picked":"Hologram+1","floor":29},{"not_picked":["Gash+1","Streamline+1"],"picked":"Stack","floor":31},{"not_picked":["Meteor Strike+1","Seek"],"picked":"Core Surge+1","floor":33},{"not_picked":["Auto Shields","Aggregate"],"picked":"Beam Cell+1","floor":35},{"not_picked":["Conserve Battery+1","Compile Driver+1"],"picked":"Coolheaded+1","floor":36},{"not_picked":["Undo","Static Discharge"],"picked":"Hologram+1","floor":38},{"not_picked":["Rebound+1","Lockon+1","Turbo"],"picked":"Coolheaded+1","floor":45},{"not_picked":["Redo+1","Static Discharge+1","Leap+1"],"picked":"Cold Snap+1","floor":47}],"player_experience":598467,"relics_obtained":[{"floor":7,"key":"Darkstone Periapt"},{"floor":9,"key":"Lantern"},{"floor":26,"key":"Shuriken"},{"floor":43,"key":"Question Card"}],"event_choices":[{"damage_healed":0,"gold_gain":75,"player_choice":"Touch","damage_taken":7,"max_hp_gain":0,"max_hp_loss":0,"event_name":"FaceTrader","floor":4,"gold_loss":0},{"cards_removed":["Strike_B"],"damage_healed":0,"gold_gain":0,"player_choice":"Purged","damage_taken":0,"max_hp_gain":0,"max_hp_loss":0,"event_name":"Purifier","floor":11,"gold_loss":0},{"damage_healed":0,"gold_gain":275,"player_choice":"Desecrate","damage_taken":0,"max_hp_gain":0,"max_hp_loss":0,"event_name":"Golden Shrine","floor":22,"gold_loss":0,"cards_obtained":["Regret"]},{"damage_healed":0,"gold_gain":0,"player_choice":"Max HP","damage_taken":0,"max_hp_gain":0,"max_hp_loss":4,"event_name":"Winding Halls","floor":37,"gold_loss":0},{"damage_healed":0,"gold_gain":0,"player_choice":"Ignored","damage_taken":0,"max_hp_gain":0,"max_hp_loss":0,"event_name":"Tomb of Lord Red Mask","floor":39,"gold_loss":0},{"damage_healed":0,"gold_gain":0,"player_choice":"Ignored","damage_taken":0,"max_hp_gain":0,"max_hp_loss":0,"event_name":"Mysterious Sphere","floor":41,"gold_loss":0},{"damage_healed":0,"gold_gain":0,"player_choice":"Memory 1","damage_taken":0,"max_hp_gain":0,"max_hp_loss":0,"event_name":"SensoryStone","floor":46,"gold_loss":0},{"cards_removed":["Master of Strategy"],"damage_healed":0,"gold_gain":0,"player_choice":"Removed Skill","damage_taken":0,"max_hp_gain":0,"max_hp_loss":0,"event_name":"Falling","floor":48,"gold_loss":0}],"is_beta":false,"boss_relics":[{"not_picked":["Fusion Hammer","Pandora\u0027s Box"],"picked":"Sozu"},{"not_picked":["Black Star","Snecko Eye"],"picked":"Astrolabe"}],"items_purged_floors":[5,30],"is_endless":false,"potions_floor_spawned":[1,2,10,12,18,21,24,38,45],"ascension_level":7}