{"gold_per_floor":[118,118,393,363,83,83,96,126,126,139,151,163,6,22,22,117,117,135,135,135,60,60,60,73,73,73,87,101,112,112,124,124,228,228,239,94,34,89,105,105,125,125,173,173,193,208,208,208,208,208],"floor_reached":50,"playtime":2749,"items_purged":["Regret"],"score":644,"play_id":"c6b35f9a-a1f2-44b2-86ff-431ed3e40aef","local_time":"20181027160137","is_ascension_mode":true,"campfire_choices":[{"data":"Apotheosis","floor":6,"key":"SMITH"},{"floor":15,"key":"REST"},{"data":"Searing Blow","floor":23,"key":"SMITH"},{"data":"Searing Blow+1","floor":25,"key":"SMITH"},{"floor":30,"key":"REST"},{"floor":32,"key":"REST"},{"data":"Searing Blow+2","floor":40,"key":"SMITH"},{"data":"Searing Blow+3","floor":42,"key":"SMITH"},{"data":"Searing Blow+4","floor":47,"key":"SMITH"},{"data":"Searing Blow+5","floor":49,"key":"SMITH"}],"neow_cost":"NONE","seed_source_timestamp":15150083732329,"circlet_count":0,"master_deck":["Strike_R","Strike_R","Strike_R","Defend_R","Defend_R","Defend_R+1","Defend_R+1","Bash","Uppercut","Apotheosis+1","Searing Blow+6","Battle Trance","True Grit","Whirlwind","Double Tap","Barricade+1","Defend_R+1","Metallicize+1","Headbutt+1","Iron Wave","Body Slam","Disarm+1","Ghostly Armor","Reckless Charge","Pummel+1","Writhe","Secret Weapon"],"relics":["Burning Blood","Boot","Vajra","Frozen Egg 2","Bag of Preparation","Philosopher\u0027s Stone","MutagenicStrength","Shuriken","Dead Branch","Velvet Choker","Anchor","Du-Vu Doll","Happy Flower"],"potions_floor_usage":[8,8,16,18,27,28,28,33,33,45,50,50,50],"damage_taken":[{"damage":5,"enemies":"Small Slimes","floor":1,"turns":3},{"damage":8,"enemies":"2 Louse","floor":7,"turns":3},{"damage":32,"enemies":"3 Sentries","floor":8,"turns":7},{"damage":0,"enemies":"Jaw Worm","floor":10,"turns":4},{"damage":9,"enemies":"Red Slaver","floor":11,"turns":4},{"damage":0,"enemies":"Looter","floor":12,"turns":4},{"damage":9,"enemies":"3 Louse","floor":14,"turns":4},{"damage":26,"enemies":"Hexaghost","floor":16,"turns":9},{"damage":29,"enemies":"Chosen","floor":18,"turns":7},{"damage":0,"enemies":"3 Byrds","floor":24,"turns":4},{"damage":27,"enemies":"Snecko","floor":27,"turns":4},{"damage":8,"enemies":"3 Cultists","floor":28,"turns":4},{"damage":36,"enemies":"Snake Plant","floor":29,"turns":5},{"damage":0,"enemies":"Snecko","floor":31,"turns":4},{"damage":5,"enemies":"Champ","floor":33,"turns":13},{"damage":0,"enemies":"3 Shapes","floor":35,"turns":1},{"damage":26,"enemies":"Mysterious Sphere","floor":38,"turns":8},{"damage":6,"enemies":"Orb Walker","floor":39,"turns":2},{"damage":0,"enemies":"Sphere and 2 Shapes","floor":41,"turns":1},{"damage":0,"enemies":"Reptomancer","floor":45,"turns":3},{"damage":0,"enemies":"Spire Growth","floor":46,"turns":3},{"damage":85,"enemies":"Donu and Deca","floor":50,"turns":7}],"seed_played":"-3267289967904024722","potions_obtained":[{"floor":1,"key":"LiquidBronze"},{"floor":4,"key":"LiquidBronze"},{"floor":4,"key":"Dexterity Potion"},{"floor":8,"key":"SkillPotion"},{"floor":12,"key":"AttackPotion"},{"floor":16,"key":"Regen Potion"},{"floor":18,"key":"BloodPotion"},{"floor":27,"key":"EssenceOfSteel"},{"floor":29,"key":"Swift Potion"},{"floor":31,"key":"SpeedPotion"},{"floor":39,"key":"GamblersBrew"},{"floor":41,"key":"Swift Potion"},{"floor":45,"key":"SpeedPotion"}],"is_trial":false,"path_per_floor":["M","?","?","?","$","R","M","E","T","M","M","M","$","M","R","B",null,"M","?","?","$","T","R","M","R","T","M","M","M","R","M","R","B",null,"M","$","?","?","M","R","M","R","T","?","M","M","R","?","R"],"character_chosen":"IRONCLAD","items_purchased":["Apotheosis","Bag of Preparation","Metallicize+1","Anchor"],"campfire_rested":3,"item_purchase_floors":[5,13,21,36],"current_hp_per_floor":[73,57,57,57,57,57,55,29,29,35,32,38,38,35,59,39,70,47,47,47,47,47,47,53,53,53,40,50,20,44,50,74,75,79,80,80,80,60,60,60,66,66,66,80,80,80,80,80,80,0],"gold":208,"neow_bonus":"RANDOM_COMMON_RELIC","is_prod":false,"is_daily":false,"chose_seed":false,"campfire_upgraded":7,"win_rate":0,"timestamp":1540648897,"path_taken":["M","?","?","?","$","R","?","E","T","M","M","M","$","M","R","BOSS","M","?","?","$","?","R","M","R","T","?","M","M","R","?","R","BOSS","M","$","?","?","?","R","M","R","T","?","M","M","R","?","R","BOSS"],"build_version":"2018-10-11","purchased_purges":1,"victory":false,"max_hp_per_floor":[80,80,80,80,80,80,80,80,80,80,80,80,80,80,80,80,80,80,80,80,80,80,80,80,80,80,80,80,80,80,80,80,80,80,80,80,80,80,80,80,80,80,80,80,80,80,80,80,80,80],"card_choices":[{"not_picked":["Flex","Armaments"],"picked":"Uppercut","floor":1},{"not_picked":["Blood for Blood","Armaments"],"picked":"Searing Blow","floor":7},{"not_picked":["Clothesline","Feel No Pain"],"picked":"Battle Trance","floor":8},{"not_picked":["Fire Breathing+1","Thunderclap"],"picked":"True Grit","floor":10},{"not_picked":["Fire Breathing+1","Armaments","Rupture+1"],"picked":"SKIP","floor":11},{"not_picked":["Wild Strike","Evolve+1"],"picked":"Whirlwind","floor":12},{"not_picked":["Thunderclap","Infernal Blade"],"picked":"Double Tap","floor":14},{"not_picked":["Dark Embrace+1","Immolate"],"picked":"Barricade+1","floor":16},{"not_picked":["Clothesline","Havoc","Bloodletting+1"],"picked":"SKIP","floor":18},{"not_picked":["Second Wind","Anger","Corruption+1"],"picked":"SKIP","floor":24},{"not_picked":["Seeing Red","Ghostly Armor+1"],"picked":"Headbutt+1","floor":27},{"not_picked":["Double Tap","Clash"],"picked":"Iron Wave","floor":28},{"not_picked":["Perfected Strike","Inflame+1"],"picked":"Body Slam","floor":29},{"not_picked":["Sword Boomerang","True Grit","Twin Strike"],"picked":"SKIP","floor":31},{"not_picked":["Sword Boomerang+1","Armaments+1"],"picked":"Disarm+1","floor":35},{"not_picked":["Disarm","Twin Strike+1"],"picked":"Pummel+1","floor":39},{"not_picked":["Perfected Strike+1","Barricade+1","Flex"],"picked":"SKIP","floor":41},{"not_picked":["Fire Breathing+1","Dual Wield+1","Armaments"],"picked":"SKIP","floor":45},{"not_picked":["Fire Breathing+1","Dual Wield+1","Armaments"],"picked":"SKIP","floor":45},{"not_picked":["Fire Breathing+1","Dual Wield+1","Armaments"],"picked":"SKIP","floor":45},{"not_picked":["Corruption+1","Heavy Blade","Headbutt+1"],"picked":"SKIP","floor":46},{"not_picked":["Panacea","Jack Of All Trades"],"picked":"Secret Weapon","floor":48}],"player_experience":214553,"relics_obtained":[{"floor":8,"key":"Vajra"},{"floor":9,"key":"Frozen Egg 2"},{"floor":22,"key":"Shuriken"},{"floor":26,"key":"Dead Branch"},{"floor":38,"key":"Du-Vu Doll"},{"floor":43,"key":"Happy Flower"}],"event_choices":[{"event_name":"Shining Light","player_choice":"Entered Light","floor":2,"damage_taken":0},{"event_name":"Golden Shrine","player_choice":"Desecrate","floor":3,"damage_taken":0},{"event_name":"The Woman in Blue","player_choice":"Bought 2 Potions","floor":4,"damage_taken":0},{"event_name":"Drug Dealer","player_choice":"Inject Mutagens","floor":19,"damage_taken":0},{"event_name":"Duplicator","player_choice":"One dupe","floor":20,"damage_taken":0},{"event_name":"Designer","player_choice":"Transform 2 Cards","floor":37,"damage_taken":0},{"event_name":"Mysterious Sphere","player_choice":"Fight","floor":38,"damage_taken":0},{"event_name":"Winding Halls","player_choice":"Writhe","floor":44,"damage_taken":0},{"event_name":"SensoryStone","player_choice":"Memory 1","floor":48,"damage_taken":0}],"is_beta":false,"boss_relics":[{"not_picked":["Calling Bell","Lizard Tail"],"picked":"Philosopher\u0027s Stone"},{"not_picked":["Tiny House","Pandora\u0027s Box"],"picked":"Velvet Choker"}],"items_purged_floors":[5],"is_endless":false,"potions_floor_spawned":[1,8,12,14,16,18,27,29,31,39,41,45],"killed_by":"Donu and Deca","ascension_level":9}